<?xml version="1.0" encoding="UTF-8"?>
<!DOCTYPE html PUBLIC "-//W3C//DTD XHTML 1.0 Transitional//EN"
    "http://www.w3.org/TR/xhtml1/DTD/xhtml1-transitional.dtd">
<html xmlns="http://www.w3.org/1999/xhtml" xml:lang="en" lang="en">
 <head>
  <title>
</title>
<meta http-equiv="Content-Type" content="text/html;charset=utf-8" />
  <meta name='ocr-system' content='tesseract 3.04.00' />
  <meta name='ocr-capabilities' content='ocr_page ocr_carea ocr_par ocr_line ocrx_word'/>
</head>
<body>
  <div class='ocr_page' id='page_1' title='image "./corpusreformato24melagoog/corpusreformato24melagoog_0251.png"; bbox 0 0 4620 5814; ppageno 0'>
   <div class='ocr_carea' id='block_1_1' title="bbox 166 136 2267 251">
    <p class='ocr_par' dir='ltr' id='par_1_1' title="bbox 166 136 2267 251">
     <span class='ocr_line' id='line_1_1' title="bbox 166 136 2267 251; baseline 0.017 -37"><span class='ocrx_word' id='word_1_1' title='bbox 166 205 170 215; x_wconf 88' lang='lat'><strong>.</strong></span> <span class='ocrx_word' id='word_1_2' title='bbox 251 147 328 228; x_wconf 68' lang='lat'><strong>487</strong></span> <span class='ocrx_word' id='word_1_3' title='bbox 561 207 568 214; x_wconf 91' lang='lat'><strong>.</strong></span> <span class='ocrx_word' id='word_1_4' title='bbox 851 142 976 220; x_wconf 76' lang='lat' dir='ltr'><strong>l‘lltlu</strong></span> <span class='ocrx_word' id='word_1_5' title='bbox 1002 144 1118 228; x_wconf 76' lang='lat' dir='ltr'><strong>MEb</strong></span> <span class='ocrx_word' id='word_1_6' title='bbox 1145 142 1356 228; x_wconf 80' lang='lat' dir='ltr'><strong>SClill’TA</strong></span> <span class='ocrx_word' id='word_1_7' title='bbox 1381 136 1681 241; x_wconf 74' lang='lat' dir='ltr'><strong>llllEGld&#39;l&#39;le.</strong></span> <span class='ocrx_word' id='word_1_8' title='bbox 2198 174 2267 251; x_wconf 74' lang='lat' dir='ltr'><strong>lit</strong></span> 
     </span>
    </p>
   </div>
   <div class='ocr_carea' id='block_1_2' title="bbox 251 307 1244 1828">
    <p class='ocr_par' dir='ltr' id='par_1_2' title="bbox 251 307 1244 1828">
     <span class='ocr_line' id='line_1_2' title="bbox 354 307 1237 413; baseline 0.001 -19"><span class='ocrx_word' id='word_1_9' title='bbox 354 319 430 394; x_wconf 85' lang='lat' dir='ltr'><strong>Cur</strong></span> <span class='ocrx_word' id='word_1_10' title='bbox 443 307 550 413; x_wconf 84' lang='lat' dir='ltr'><strong>igilur</strong></span> <span class='ocrx_word' id='word_1_11' title='bbox 564 319 651 391; x_wconf 85' lang='lat' dir='ltr'><strong>alibi</strong></span> <span class='ocrx_word' id='word_1_12' title='bbox 666 319 812 392; x_wconf 81' lang='lat' dir='ltr'><strong>dicitur:</strong></span> <span class='ocrx_word' id='word_1_13' title='bbox 835 318 1086 393; x_wconf 79' lang='lat' dir='ltr'><strong>Remittentur</strong></span> <span class='ocrx_word' id='word_1_14' title='bbox 1097 323 1130 392; x_wconf 86' lang='lat' dir='ltr'><strong>ei</strong></span> <span class='ocrx_word' id='word_1_15' title='bbox 1144 325 1237 395; x_wconf 90' lang='lat' dir='ltr'><strong>mul-</strong></span> 
     </span>
     <span class='ocr_line' id='line_1_3' title="bbox 259 418 1239 522; baseline -0.001 -25"><span class='ocrx_word' id='word_1_16' title='bbox 259 439 314 509; x_wconf 90' lang='lat' dir='ltr'><strong>ta,</strong></span> <span class='ocrx_word' id='word_1_17' title='bbox 349 426 433 518; x_wconf 89' lang='lat' dir='ltr'><strong>qnia</strong></span> <span class='ocrx_word' id='word_1_18' title='bbox 461 423 586 493; x_wconf 67' lang='lat' dir='ltr'><strong>dilexit</strong></span> <span class='ocrx_word' id='word_1_19' title='bbox 613 423 811 494; x_wconf 55' lang='lat' dir='ltr'><strong>multumi&#39;</strong></span> <span class='ocrx_word' id='word_1_20' title='bbox 840 418 1071 515; x_wconf 84' lang='lat' dir='ltr'><strong>Respondeo,</strong></span> <span class='ocrx_word' id='word_1_21' title='bbox 1106 423 1239 522; x_wconf 81' lang='lat' dir='ltr'><strong>Syneo-</strong></span> 
     </span>
     <span class='ocr_line' id='line_1_4' title="bbox 259 521 1237 616; baseline 0.002 -20"><span class='ocrx_word' id='word_1_22' title='bbox 259 521 397 597; x_wconf 87' lang='lat' dir='ltr'><strong>dochen</strong></span> <span class='ocrx_word' id='word_1_23' title='bbox 420 547 493 594; x_wconf 87' lang='lat' dir='ltr'><strong>esse</strong></span> <span class='ocrx_word' id='word_1_24' title='bbox 513 525 695 604; x_wconf 90' lang='lat' dir='ltr'><strong>usitatam,</strong></span> <span class='ocrx_word' id='word_1_25' title='bbox 721 547 761 593; x_wconf 91' lang='lat' dir='ltr'><strong>ac</strong></span> <span class='ocrx_word' id='word_1_26' title='bbox 781 523 944 606; x_wconf 87' lang='lat' dir='ltr'><strong>sidicat,</strong></span> <span class='ocrx_word' id='word_1_27' title='bbox 971 527 1052 616; x_wconf 86' lang='lat' dir='ltr'><strong>quia</strong></span> <span class='ocrx_word' id='word_1_28' title='bbox 1071 549 1237 598; x_wconf 88' lang='lat' dir='ltr'><strong>conversa</strong></span> 
     </span>
     <span class='ocr_line' id='line_1_5' title="bbox 259 624 1239 711; baseline 0 -13"><span class='ocrx_word' id='word_1_29' title='bbox 259 640 322 698; x_wconf 85' lang='lat' dir='ltr'><strong>est.</strong></span> <span class='ocrx_word' id='word_1_30' title='bbox 372 625 603 696; x_wconf 72' lang='lat' dir='ltr'>Verissimum</span> <span class='ocrx_word' id='word_1_31' title='bbox 624 638 675 696; x_wconf 89' lang='lat' dir='ltr'><strong>est</strong></span> <span class='ocrx_word' id='word_1_32' title='bbox 695 624 813 711; x_wconf 87' lang='lat' dir='ltr'><strong>euim,</strong></span> <span class='ocrx_word' id='word_1_33' title='bbox 839 629 1105 697; x_wconf 84' lang='lat' dir='ltr'><strong>conversionem</strong></span> <span class='ocrx_word' id='word_1_34' title='bbox 1120 651 1239 698; x_wconf 84' lang='lat' dir='ltr'><strong>neces-</strong></span> 
     </span>
     <span class='ocr_line' id='line_1_6' title="bbox 259 725 1239 821; baseline 0 -21"><span class='ocrx_word' id='word_1_35' title='bbox 259 728 388 804; x_wconf 85' lang='lat' dir='ltr'><strong>sariam</strong></span> <span class='ocrx_word' id='word_1_36' title='bbox 416 749 509 806; x_wconf 84' lang='lat' dir='ltr'><strong>csse,</strong></span> <span class='ocrx_word' id='word_1_37' title='bbox 541 738 712 796; x_wconf 85' lang='lat' dir='ltr'><strong>ettamen</strong></span> <span class='ocrx_word' id='word_1_38' title='bbox 734 725 876 796; x_wconf 86' lang='lat' dir='ltr'><strong>interim</strong></span> <span class='ocrx_word' id='word_1_39' title='bbox 900 728 969 796; x_wconf 86' lang='lat' dir='ltr'><strong>lide</strong></span> <span class='ocrx_word' id='word_1_40' title='bbox 991 730 1163 821; x_wconf 70' lang='lat' dir='ltr'>accipitur</span> <span class='ocrx_word' id='word_1_41' title='bbox 1183 753 1239 799; x_wconf 88' lang='lat' dir='ltr'><strong>re·</strong></span> 
     </span>
     <span class='ocr_line' id='line_1_7' title="bbox 258 829 1240 919; baseline 0.003 -21"><span class='ocrx_word' id='word_1_42' title='bbox 258 829 401 919; x_wconf 87' lang='lat' dir='ltr'><strong>missio,</strong></span> <span class='ocrx_word' id='word_1_43' title='bbox 427 841 462 898; x_wconf 89' lang='lat' dir='ltr'><strong>et</strong></span> <span class='ocrx_word' id='word_1_44' title='bbox 474 849 549 896; x_wconf 90' lang='lat' dir='ltr'><strong>uon</strong></span> <span class='ocrx_word' id='word_1_45' title='bbox 562 835 707 918; x_wconf 89' lang='lat' dir='ltr'><strong>propter</strong></span> <span class='ocrx_word' id='word_1_46' title='bbox 721 841 876 897; x_wconf 87' lang='lat' dir='ltr'><strong>nostram</strong></span> <span class='ocrx_word' id='word_1_47' title='bbox 893 829 1110 918; x_wconf 83' lang='lat' dir='ltr'><strong>dignitatem.</strong></span> <span class='ocrx_word' id='word_1_48' title='bbox 1162 829 1240 901; x_wconf 87' lang='lat' dir='ltr'><strong>Hae</strong></span> 
     </span>
     <span class='ocr_line' id='line_1_8' title="bbox 260 924 1241 1022; baseline 0.002 -24"><span class='ocrx_word' id='word_1_49' title='bbox 260 924 498 1022; x_wconf 78' lang='lat' dir='ltr'><strong>synecdochae</strong></span> <span class='ocrx_word' id='word_1_50' title='bbox 522 941 605 998; x_wconf 87' lang='lat' dir='ltr'><strong>sunt</strong></span> <span class='ocrx_word' id='word_1_51' title='bbox 626 929 885 998; x_wconf 70' lang='lat' dir='ltr'><strong>usitatissimae.</strong></span> <span class='ocrx_word' id='word_1_52' title='bbox 942 927 1067 1001; x_wconf 86' lang='lat' dir='ltr'><strong>Esaiae</strong></span> <span class='ocrx_word' id='word_1_53' title='bbox 1084 934 1134 1006; x_wconf 84' lang='lat'><strong>1.:</strong></span> <span class='ocrx_word' id='word_1_54' title='bbox 1168 928 1241 1000; x_wconf 89' lang='lat' dir='ltr'><strong>De-</strong></span> 
     </span>
     <span class='ocr_line' id='line_1_9' title="bbox 259 1027 1242 1118; baseline 0.002 -19"><span class='ocrx_word' id='word_1_55' title='bbox 259 1031 363 1100; x_wconf 87' lang='lat' dir='ltr'><strong>sinite</strong></span> <span class='ocrx_word' id='word_1_56' title='bbox 385 1029 624 1102; x_wconf 77' lang='lat' dir='ltr'><strong>malefacere.</strong></span> <span class='ocrx_word' id='word_1_57' title='bbox 686 1027 791 1100; x_wconf 89' lang='lat' dir='ltr'><strong>Item:</strong></span> <span class='ocrx_word' id='word_1_58' title='bbox 826 1027 1087 1103; x_wconf 73' lang='lat' dir='ltr'><strong>convertimini</strong></span> <span class='ocrx_word' id='word_1_59' title='bbox 1109 1034 1154 1103; x_wconf 92' lang='lat' dir='ltr'><strong>ad</strong></span> <span class='ocrx_word' id='word_1_60' title='bbox 1174 1056 1242 1118; x_wconf 86' lang='lat' dir='ltr'><strong>me,</strong></span> 
     </span>
     <span class='ocr_line' id='line_1_10' title="bbox 251 1127 1241 1223; baseline 0.003 -24"><span class='ocrx_word' id='word_1_61' title='bbox 251 1145 294 1202; x_wconf 78' lang='lat' dir='ltr'><strong>‚et</strong></span> <span class='ocrx_word' id='word_1_62' title='bbox 315 1144 500 1202; x_wconf 83' lang='lat' dir='ltr'><strong>convertar</strong></span> <span class='ocrx_word' id='word_1_63' title='bbox 520 1127 567 1201; x_wconf 87' lang='lat' dir='ltr'><strong>ad</strong></span> <span class='ocrx_word' id='word_1_64' title='bbox 590 1149 663 1202; x_wconf 82' lang='lat' dir='ltr'><strong>vos.</strong></span> <span class='ocrx_word' id='word_1_65' title='bbox 716 1129 821 1199; x_wconf 88' lang='lat' dir='ltr'><strong>ltem:</strong></span> <span class='ocrx_word' id='word_1_66' title='bbox 847 1129 999 1203; x_wconf 80' lang='lat' dir='ltr'><strong>Redime</strong></span> <span class='ocrx_word' id='word_1_67' title='bbox 1021 1148 1160 1223; x_wconf 85' lang='lat' dir='ltr'><strong>peccata</strong></span> <span class='ocrx_word' id='word_1_68' title='bbox 1180 1149 1241 1206; x_wconf 89' lang='lat' dir='ltr'><strong>tna</strong></span> 
     </span>
     <span class='ocr_line' id='line_1_11' title="bbox 260 1231 1241 1316; baseline 0.005 -17"><span class='ocrx_word' id='word_1_69' title='bbox 260 1231 415 1316; x_wconf 87' lang='lat' dir='ltr'><strong>iusticia,</strong></span> <span class='ocrx_word' id='word_1_70' title='bbox 439 1245 475 1302; x_wconf 86' lang='lat' dir='ltr'><strong>et</strong></span> <span class='ocrx_word' id='word_1_71' title='bbox 496 1231 564 1302; x_wconf 89' lang='lat' dir='ltr'><strong>erit</strong></span> <span class='ocrx_word' id='word_1_72' title='bbox 588 1231 723 1300; x_wconf 85' lang='lat' dir='ltr'><strong>sanatio</strong></span> <span class='ocrx_word' id='word_1_73' title='bbox 745 1231 883 1300; x_wconf 82' lang='lat' dir='ltr'><strong>delictis</strong></span> <span class='ocrx_word' id='word_1_74' title='bbox 903 1233 985 1307; x_wconf 87' lang='lat' dir='ltr'><strong>tuis.</strong></span> <span class='ocrx_word' id='word_1_75' title='bbox 1035 1232 1132 1304; x_wconf 86' lang='lat' dir='ltr'><strong>llaec</strong></span> <span class='ocrx_word' id='word_1_76' title='bbox 1147 1235 1241 1306; x_wconf 90' lang='lat' dir='ltr'><strong>dicta</strong></span> 
     </span>
     <span class='ocr_line' id='line_1_12' title="bbox 259 1329 1243 1428; baseline 0.002 -25"><span class='ocrx_word' id='word_1_77' title='bbox 259 1344 295 1403; x_wconf 88' lang='lat' dir='ltr'><strong>et</strong></span> <span class='ocrx_word' id='word_1_78' title='bbox 316 1332 446 1402; x_wconf 85' lang='lat' dir='ltr'><strong>similia</strong></span> <span class='ocrx_word' id='word_1_79' title='bbox 467 1331 652 1402; x_wconf 87' lang='lat' dir='ltr'><strong>continent</strong></span> <span class='ocrx_word' id='word_1_80' title='bbox 672 1329 935 1424; x_wconf 87' lang='lat' dir='ltr'><strong>synecdochen,</strong></span> <span class='ocrx_word' id='word_1_81' title='bbox 971 1335 1009 1402; x_wconf 92' lang='lat' dir='ltr'><strong>in</strong></span> <span class='ocrx_word' id='word_1_82' title='bbox 1032 1359 1100 1428; x_wconf 90' lang='lat' dir='ltr'><strong>qua</strong></span> <span class='ocrx_word' id='word_1_83' title='bbox 1123 1337 1243 1426; x_wconf 89' lang='lat' dir='ltr'><strong>plures</strong></span> 
     </span>
     <span class='ocr_line' id='line_1_13' title="bbox 260 1428 1242 1530; baseline 0.003 -27"><span class='ocrx_word' id='word_1_84' title='bbox 260 1446 377 1524; x_wconf 87' lang='lat' dir='ltr'><strong>partes</strong></span> <span class='ocrx_word' id='word_1_85' title='bbox 394 1432 635 1502; x_wconf 85' lang='lat' dir='ltr'><strong>conversionis</strong></span> <span class='ocrx_word' id='word_1_86' title='bbox 650 1428 1019 1526; x_wconf 84' lang='lat' dir='ltr'><strong>comprehenduntur,</strong></span> <span class='ocrx_word' id='word_1_87' title='bbox 1045 1459 1135 1529; x_wconf 85' lang='lat' dir='ltr'><strong>quae</strong></span> <span class='ocrx_word' id='word_1_88' title='bbox 1151 1459 1242 1530; x_wconf 84' lang='lat' dir='ltr'><strong>quo-</strong></span> 
     </span>
     <span class='ocr_line' id='line_1_14' title="bbox 261 1533 1242 1618; baseline 0 -12"><span class='ocrx_word' id='word_1_89' title='bbox 261 1535 369 1606; x_wconf 85' lang='lat' dir='ltr'><strong>modo</strong></span> <span class='ocrx_word' id='word_1_90' title='bbox 393 1533 465 1602; x_wconf 93' lang='lat' dir='ltr'><strong>sint</strong></span> <span class='ocrx_word' id='word_1_91' title='bbox 487 1534 757 1618; x_wconf 73' lang='lat' dir='ltr'><strong>discernendae,</strong></span> <span class='ocrx_word' id='word_1_92' title='bbox 781 1557 823 1602; x_wconf 83' lang='lat' dir='ltr'><strong>ea</strong></span> <span class='ocrx_word' id='word_1_93' title='bbox 839 1534 918 1604; x_wconf 88' lang='lat' dir='ltr'><strong>aliis</strong></span> <span class='ocrx_word' id='word_1_94' title='bbox 933 1536 1021 1605; x_wconf 87' lang='lat' dir='ltr'><strong>locis</strong></span> <span class='ocrx_word' id='word_1_95' title='bbox 1035 1537 1242 1607; x_wconf 89' lang='lat' dir='ltr'><strong>discendum</strong></span> 
     </span>
     <span class='ocr_line' id='line_1_15' title="bbox 262 1631 1243 1729; baseline 0.004 -27"><span class='ocrx_word' id='word_1_96' title='bbox 262 1645 325 1708; x_wconf 87' lang='lat' dir='ltr'><strong>est.</strong></span> <span class='ocrx_word' id='word_1_97' title='bbox 374 1631 520 1705; x_wconf 84' lang='lat' dir='ltr'><strong>Certum</strong></span> <span class='ocrx_word' id='word_1_98' title='bbox 542 1648 593 1706; x_wconf 85' lang='lat' dir='ltr'><strong>est</strong></span> <span class='ocrx_word' id='word_1_99' title='bbox 618 1634 713 1704; x_wconf 85' lang='lat' dir='ltr'><strong>enim</strong></span> <span class='ocrx_word' id='word_1_100' title='bbox 735 1635 975 1705; x_wconf 84' lang='lat' dir='ltr'><strong>remissionem</strong></span> <span class='ocrx_word' id='word_1_101' title='bbox 998 1639 1074 1706; x_wconf 90' lang='lat' dir='ltr'><strong>dari</strong></span> <span class='ocrx_word' id='word_1_102' title='bbox 1097 1651 1243 1729; x_wconf 86' lang='lat' dir='ltr'><strong>propter</strong></span> 
     </span>
     <span class='ocr_line' id='line_1_16' title="bbox 261 1735 1244 1828; baseline 0.001 -23"><span class='ocrx_word' id='word_1_103' title='bbox 261 1735 552 1828; x_wconf 78' lang='lat' dir='ltr'><strong>propiciatorem,</strong></span> <span class='ocrx_word' id='word_1_104' title='bbox 583 1757 657 1805; x_wconf 89' lang='lat' dir='ltr'><strong>non</strong></span> <span class='ocrx_word' id='word_1_105' title='bbox 679 1751 825 1827; x_wconf 92' lang='lat' dir='ltr'><strong>propter</strong></span> <span class='ocrx_word' id='word_1_106' title='bbox 846 1749 1001 1805; x_wconf 87' lang='lat' dir='ltr'><strong>nostram</strong></span> <span class='ocrx_word' id='word_1_107' title='bbox 1026 1740 1244 1827; x_wconf 83' lang='lat' dir='ltr'><strong>dignitatem,</strong></span> 
     </span>
    </p>
   </div>
   <div class='ocr_carea' id='block_1_3' title="bbox 146 1833 1244 1934">
    <p class='ocr_par' dir='ltr' id='par_1_3' title="bbox 146 1833 1244 1934">
     <span class='ocr_line' id='line_1_17' title="bbox 146 1833 1244 1934; baseline 0 -28"><span class='ocrx_word' id='word_1_108' title='bbox 146 1929 152 1934; x_wconf 88' lang='lat'><strong>.</strong></span> <span class='ocrx_word' id='word_1_109' title='bbox 262 1849 298 1906; x_wconf 93' lang='lat' dir='ltr'><strong>et</strong></span> <span class='ocrx_word' id='word_1_110' title='bbox 319 1848 437 1906; x_wconf 86' lang='lat' dir='ltr'><strong>tamen</strong></span> <span class='ocrx_word' id='word_1_111' title='bbox 462 1833 583 1906; x_wconf 80' lang='lat' dir='ltr'><strong>versatu</strong></span> <span class='ocrx_word' id='word_1_112' title='bbox 601 1848 675 1922; x_wconf 87' lang='lat' dir='ltr'><strong>est,</strong></span> <span class='ocrx_word' id='word_1_113' title='bbox 695 1837 800 1928; x_wconf 82' lang='lat' dir='ltr'><strong>sequi</strong></span> <span class='ocrx_word' id='word_1_114' title='bbox 822 1838 984 1928; x_wconf 77' lang='lat' dir='ltr'><strong>oportere</strong></span> <span class='ocrx_word' id='word_1_115' title='bbox 1005 1840 1244 1922; x_wconf 87' lang='lat' dir='ltr'><strong>dilectionem,</strong></span> 
     </span>
    </p>
   </div>
   <div class='ocr_carea' id='block_1_4' title="bbox 261 1935 1245 2129">
    <p class='ocr_par' dir='ltr' id='par_1_4' title="bbox 261 1935 1245 2129">
     <span class='ocr_line' id='line_1_18' title="bbox 261 1935 1245 2030; baseline 0.004 -25"><span class='ocrx_word' id='word_1_116' title='bbox 261 1937 299 2006; x_wconf 92' lang='lat' dir='ltr'><strong>id</strong></span> <span class='ocrx_word' id='word_1_117' title='bbox 328 1949 399 2021; x_wconf 87' lang='lat' dir='ltr'><strong>est,</strong></span> <span class='ocrx_word' id='word_1_118' title='bbox 437 1935 675 2006; x_wconf 84' lang='lat' dir='ltr'><strong>obedientiam</strong></span> <span class='ocrx_word' id='word_1_119' title='bbox 704 1957 852 2020; x_wconf 89' lang='lat' dir='ltr'><strong>novam,·</strong></span> <span class='ocrx_word' id='word_1_120' title='bbox 888 1958 993 2030; x_wconf 89' lang='lat' dir='ltr'><strong>quam</strong></span> <span class='ocrx_word' id='word_1_121' title='bbox 1020 1935 1079 2008; x_wconf 95' lang='lat' dir='ltr'><strong>hic</strong></span> <span class='ocrx_word' id='word_1_122' title='bbox 1107 1941 1245 2029; x_wconf 84' lang='lat' dir='ltr'><strong>magnis</strong></span> 
     </span>
     <span class='ocr_line' id='line_1_19' title="bbox 261 2036 1142 2129; baseline 0.008 -24"><span class='ocrx_word' id='word_1_123' title='bbox 261 2037 427 2108; x_wconf 84' lang='lat' dir='ltr'><strong>laudibus</strong></span> <span class='ocrx_word' id='word_1_124' title='bbox 440 2051 561 2123; x_wconf 87' lang='lat' dir='ltr'><strong>ornat,</strong></span> <span class='ocrx_word' id='word_1_125' title='bbox 586 2051 627 2108; x_wconf 88' lang='lat' dir='ltr'><strong>nt</strong></span> <span class='ocrx_word' id='word_1_126' title='bbox 643 2049 790 2108; x_wconf 88' lang='lat' dir='ltr'><strong>testetur</strong></span> <span class='ocrx_word' id='word_1_127' title='bbox 806 2058 883 2106; x_wconf 85' lang='lat' dir='ltr'><strong>earn</strong></span> <span class='ocrx_word' id='word_1_128' title='bbox 900 2036 1038 2129; x_wconf 86' lang='lat' dir='ltr'><strong>placere</strong></span> <span class='ocrx_word' id='word_1_129' title='bbox 1054 2036 1142 2113; x_wconf 90' lang='lat' dir='ltr'><strong>Deo.</strong></span> 
     </span>
    </p>
   </div>
   <div class='ocr_carea' id='block_1_5' title="bbox 660 2215 843 2300">
    <p class='ocr_par' dir='ltr' id='par_1_5' title="bbox 660 2215 843 2300">
     <span class='ocr_line' id='line_1_20' title="bbox 660 2215 843 2300; baseline 0.011 -18"><span class='ocrx_word' id='word_1_130' title='bbox 660 2215 843 2300; x_wconf 62' lang='lat' dir='ltr'><strong>utaequa.</strong></span> 
     </span>
    </p>
   </div>
   <div class='ocr_carea' id='block_1_6' title="bbox 261 2337 1244 3034">
    <p class='ocr_par' dir='ltr' id='par_1_6' title="bbox 261 2337 1244 3034">
     <span class='ocr_line' id='line_1_21' title="bbox 360 2337 1244 2435; baseline 0.005 -27"><span class='ocrx_word' id='word_1_131' title='bbox 360 2339 444 2411; x_wconf 88' lang='lat' dir='ltr'><strong>Duo</strong></span> <span class='ocrx_word' id='word_1_132' title='bbox 459 2353 543 2411; x_wconf 88' lang='lat' dir='ltr'><strong>sunt</strong></span> <span class='ocrx_word' id='word_1_133' title='bbox 557 2353 676 2410; x_wconf 87' lang='lat' dir='ltr'><strong>coetus</strong></span> <span class='ocrx_word' id='word_1_134' title='bbox 690 2340 731 2410; x_wconf 89' lang='lat' dir='ltr'><strong>io</strong></span> <span class='ocrx_word' id='word_1_135' title='bbox 738 2337 905 2408; x_wconf 81' lang='lat' dir='ltr'><strong>Ecclesia.</strong></span> <span class='ocrx_word' id='word_1_136' title='bbox 947 2337 1048 2409; x_wconf 89' lang='lat' dir='ltr'><strong>Unus</strong></span> <span class='ocrx_word' id='word_1_137' title='bbox 1062 2356 1114 2412; x_wconf 89' lang='lat' dir='ltr'><strong>est</strong></span> <span class='ocrx_word' id='word_1_138' title='bbox 1129 2339 1244 2435; x_wconf 85' lang='lat' dir='ltr'><strong>hypo-</strong></span> 
     </span>
     <span class='ocr_line' id='line_1_22' title="bbox 262 2439 1244 2533; baseline 0.002 -25"><span class='ocrx_word' id='word_1_139' title='bbox 262 2441 448 2525; x_wconf 83' lang='lat' dir='ltr'><strong>critarum,</strong></span> <span class='ocrx_word' id='word_1_140' title='bbox 472 2441 533 2533; x_wconf 86' lang='lat' dir='ltr'><strong>qui</strong></span> <span class='ocrx_word' id='word_1_141' title='bbox 551 2441 665 2511; x_wconf 88' lang='lat' dir='ltr'><strong>securi</strong></span> <span class='ocrx_word' id='word_1_142' title='bbox 680 2453 818 2510; x_wconf 89' lang='lat' dir='ltr'><strong>tument</strong></span> <span class='ocrx_word' id='word_1_143' title='bbox 833 2439 1059 2530; x_wconf 87' lang='lat' dir='ltr'><strong>persuasione</strong></span> <span class='ocrx_word' id='word_1_144' title='bbox 1074 2440 1244 2527; x_wconf 80' lang='lat' dir='ltr'><strong>iusticias,</strong></span> 
     </span>
     <span class='ocr_line' id='line_1_23' title="bbox 261 2539 1243 2633; baseline 0.004 -25"><span class='ocrx_word' id='word_1_145' title='bbox 261 2540 289 2609; x_wconf 90' lang='lat' dir='ltr'><strong>ii</strong></span> <span class='ocrx_word' id='word_1_146' title='bbox 310 2563 376 2611; x_wconf 89' lang='lat' dir='ltr'><strong>nec</strong></span> <span class='ocrx_word' id='word_1_147' title='bbox 395 2555 577 2633; x_wconf 89' lang='lat' dir='ltr'><strong>peccatum</strong></span> <span class='ocrx_word' id='word_1_148' title='bbox 598 2553 750 2618; x_wconf 89' lang='lat' dir='ltr'><strong>norunt,</strong></span> <span class='ocrx_word' id='word_1_149' title='bbox 775 2563 842 2608; x_wconf 88' lang='lat' dir='ltr'><strong>nee</strong></span> <span class='ocrx_word' id='word_1_150' title='bbox 862 2539 1104 2609; x_wconf 87' lang='lat' dir='ltr'><strong>remissionem</strong></span> <span class='ocrx_word' id='word_1_151' title='bbox 1122 2565 1243 2632; x_wconf 88' lang='lat' dir='ltr'><strong>pecca·</strong></span> 
     </span>
     <span class='ocr_line' id='line_1_24' title="bbox 261 2641 1243 2734; baseline 0.001 -23"><span class='ocrx_word' id='word_1_152' title='bbox 261 2654 398 2725; x_wconf 90' lang='lat' dir='ltr'><strong>torum,</strong></span> <span class='ocrx_word' id='word_1_153' title='bbox 420 2665 485 2734; x_wconf 87' lang='lat' dir='ltr'><strong>nee</strong></span> <span class='ocrx_word' id='word_1_154' title='bbox 504 2642 630 2723; x_wconf 86' lang='lat' dir='ltr'><strong>iidem,</strong></span> <span class='ocrx_word' id='word_1_155' title='bbox 657 2655 691 2711; x_wconf 89' lang='lat' dir='ltr'><strong>et</strong></span> <span class='ocrx_word' id='word_1_156' title='bbox 713 2641 858 2710; x_wconf 87' lang='lat' dir='ltr'><strong>interim</strong></span> <span class='ocrx_word' id='word_1_157' title='bbox 881 2641 966 2732; x_wconf 85' lang='lat' dir='ltr'><strong>quia</strong></span> <span class='ocrx_word' id='word_1_158' title='bbox 986 2641 1143 2712; x_wconf 84' lang='lat' dir='ltr'><strong>fortassis</strong></span> <span class='ocrx_word' id='word_1_159' title='bbox 1166 2667 1243 2712; x_wconf 89' lang='lat' dir='ltr'><strong>me·</strong></span> 
     </span>
     <span class='ocr_line' id='line_1_25' title="bbox 261 2741 1243 2834; baseline 0.001 -23"><span class='ocrx_word' id='word_1_160' title='bbox 261 2743 430 2812; x_wconf 90' lang='lat' dir='ltr'><strong>diocriter</strong></span> <span class='ocrx_word' id='word_1_161' title='bbox 450 2755 629 2834; x_wconf 89' lang='lat' dir='ltr'><strong>praestant</strong></span> <span class='ocrx_word' id='word_1_162' title='bbox 649 2741 891 2832; x_wconf 84' lang='lat' dir='ltr'><strong>disciplinam,</strong></span> <span class='ocrx_word' id='word_1_163' title='bbox 917 2742 1139 2812; x_wconf 86' lang='lat' dir='ltr'><strong>admirantur</strong></span> <span class='ocrx_word' id='word_1_164' title='bbox 1157 2765 1243 2829; x_wconf 87' lang='lat' dir='ltr'><strong>sese,</strong></span> 
     </span>
     <span class='ocr_line' id='line_1_26' title="bbox 262 2837 1242 2931; baseline 0.001 -20"><span class='ocrx_word' id='word_1_165' title='bbox 262 2856 295 2913; x_wconf 90' lang='lat' dir='ltr'><strong>et</strong></span> <span class='ocrx_word' id='word_1_166' title='bbox 324 2844 523 2931; x_wconf 75' lang='lat' dir='ltr'><strong>gloriantur</strong></span> <span class='ocrx_word' id='word_1_167' title='bbox 550 2867 586 2914; x_wconf 89' lang='lat' dir='ltr'><strong>se</strong></span> <span class='ocrx_word' id='word_1_168' title='bbox 615 2848 727 2914; x_wconf 87' lang='lat' dir='ltr'><strong>iustos</strong></span> <span class='ocrx_word' id='word_1_169' title='bbox 744 2865 837 2925; x_wconf 88' lang='lat' dir='ltr'><strong>esse,</strong></span> <span class='ocrx_word' id='word_1_170' title='bbox 871 2843 915 2910; x_wconf 89' lang='lat' dir='ltr'><strong>ad</strong></span> <span class='ocrx_word' id='word_1_171' title='bbox 935 2837 1065 2912; x_wconf 88' lang='lat' dir='ltr'><strong>horum</strong></span> <span class='ocrx_word' id='word_1_172' title='bbox 1086 2864 1242 2914; x_wconf 85' lang='lat' dir='ltr'><strong>mensam</strong></span> 
     </span>
     <span class='ocr_line' id='line_1_27' title="bbox 261 2938 1243 3034; baseline 0 -20"><span class='ocrx_word' id='word_1_173' title='bbox 261 2944 388 3014; x_wconf 87' lang='lat' dir='ltr'><strong>assidet</strong></span> <span class='ocrx_word' id='word_1_174' title='bbox 410 2939 593 3029; x_wconf 87' lang='lat' dir='ltr'><strong>Christus,</strong></span> <span class='ocrx_word' id='word_1_175' title='bbox 618 2945 662 3014; x_wconf 86' lang='lat' dir='ltr'><strong>id</strong></span> <span class='ocrx_word' id='word_1_176' title='bbox 685 2958 754 3025; x_wconf 88' lang='lat' dir='ltr'><strong>cst,</strong></span> <span class='ocrx_word' id='word_1_177' title='bbox 787 2938 825 3010; x_wconf 90' lang='lat' dir='ltr'><strong>hi</strong></span> <span class='ocrx_word' id='word_1_178' title='bbox 847 2950 931 3012; x_wconf 83' lang='lat' dir='ltr'><strong>sunt</strong></span> <span class='ocrx_word' id='word_1_179' title='bbox 952 2944 1152 3032; x_wconf 86' lang='lat' dir='ltr'><strong>pontifices,</strong></span> <span class='ocrx_word' id='word_1_180' title='bbox 1177 2967 1243 3034; x_wconf 89' lang='lat' dir='ltr'><strong>gu·</strong></span> 
     </span>
    </p>
   </div>
   <div class='ocr_carea' id='block_1_7' title="bbox 261 3040 1251 3137">
    <p class='ocr_par' dir='ltr' id='par_1_7' title="bbox 261 3040 1251 3137">
     <span class='ocr_line' id='line_1_28' title="bbox 261 3040 1251 3137; baseline 0.002 -23"><span class='ocrx_word' id='word_1_181' title='bbox 261 3045 486 3132; x_wconf 85' lang='lat' dir='ltr'><strong>bernatores,</strong></span> <span class='ocrx_word' id='word_1_182' title='bbox 512 3040 646 3115; x_wconf 88' lang='lat' dir='ltr'><strong>habent</strong></span> <span class='ocrx_word' id='word_1_183' title='bbox 665 3043 810 3114; x_wconf 90' lang='lat' dir='ltr'><strong>titulum</strong></span> <span class='ocrx_word' id='word_1_184' title='bbox 826 3040 1020 3128; x_wconf 85' lang='lat' dir='ltr'><strong>Ecclesiae,</strong></span> <span class='ocrx_word' id='word_1_185' title='bbox 1046 3069 1155 3137; x_wconf 89' lang='lat' dir='ltr'><strong>quare</strong></span> <span class='ocrx_word' id='word_1_186' title='bbox 1176 3047 1251 3116; x_wconf 82' lang='lat' dir='ltr'><strong>sub.</strong></span> 
     </span>
    </p>
   </div>
   <div class='ocr_carea' id='block_1_8' title="bbox 158 3141 1243 4949">
    <p class='ocr_par' dir='ltr' id='par_1_8' title="bbox 158 3141 1243 4949">
     <span class='ocr_line' id='line_1_29' title="bbox 158 3141 1243 3238; baseline 0.002 -24"><span class='ocrx_word' id='word_1_187' title='bbox 158 3221 161 3226; x_wconf 51' lang='grc'>,</span> <span class='ocrx_word' id='word_1_188' title='bbox 261 3145 313 3214; x_wconf 88' lang='lat' dir='ltr'><strong>eia</strong></span> <span class='ocrx_word' id='word_1_189' title='bbox 331 3144 581 3216; x_wconf 80' lang='lat' dir='ltr'><strong>sonatalicubi</strong></span> <span class='ocrx_word' id='word_1_190' title='bbox 600 3169 668 3214; x_wconf 84' lang='lat' dir='ltr'><strong>vox</strong></span> <span class='ocrx_word' id='word_1_191' title='bbox 682 3142 879 3234; x_wconf 75' lang='lat' dir='ltr'><strong>Evangelii.</strong></span> <span class='ocrx_word' id='word_1_192' title='bbox 930 3141 994 3214; x_wconf 86' lang='lat' dir='ltr'><strong>Est</strong></span> <span class='ocrx_word' id='word_1_193' title='bbox 1009 3157 1042 3215; x_wconf 94' lang='lat' dir='ltr'><strong>et</strong></span> <span class='ocrx_word' id='word_1_194' title='bbox 1057 3145 1148 3215; x_wconf 89' lang='lat' dir='ltr'><strong>alius</strong></span> <span class='ocrx_word' id='word_1_195' title='bbox 1163 3169 1243 3238; x_wconf 75' lang='lat' dir='ltr'><strong>coe·</strong></span> 
     </span>
     <span class='ocr_line' id='line_1_30' title="bbox 262 3241 1242 3334; baseline 0.002 -20"><span class='ocrx_word' id='word_1_196' title='bbox 262 3256 337 3330; x_wconf 88' lang='lat' dir='ltr'><strong>tus,</strong></span> <span class='ocrx_word' id='word_1_197' title='bbox 384 3245 533 3327; x_wconf 87' lang='lat' dir='ltr'><strong>scilicet,</strong></span> <span class='ocrx_word' id='word_1_198' title='bbox 574 3247 723 3315; x_wconf 84' lang='lat' dir='ltr'><strong>audiens</strong></span> <span class='ocrx_word' id='word_1_199' title='bbox 760 3241 1013 3332; x_wconf 82' lang='lat' dir='ltr'><strong>Evangelinru,</strong></span> <span class='ocrx_word' id='word_1_200' title='bbox 1050 3268 1242 3334; x_wconf 85' lang='lat' dir='ltr'><strong>agnoscens</strong></span> 
     </span>
     <span class='ocr_line' id='line_1_31' title="bbox 258 3343 1242 3441; baseline 0.003 -27"><span class='ocrx_word' id='word_1_201' title='bbox 258 3358 460 3440; x_wconf 85' lang='lat' dir='ltr'><strong>peccatum,</strong></span> <span class='ocrx_word' id='word_1_202' title='bbox 484 3370 566 3417; x_wconf 88' lang='lat' dir='ltr'><strong>vere</strong></span> <span class='ocrx_word' id='word_1_203' title='bbox 580 3347 704 3436; x_wconf 85' lang='lat' dir='ltr'><strong>lugens</strong></span> <span class='ocrx_word' id='word_1_204' title='bbox 719 3359 832 3415; x_wconf 88' lang='lat' dir='ltr'><strong>errata</strong></span> <span class='ocrx_word' id='word_1_205' title='bbox 848 3368 928 3428; x_wconf 88' lang='lat' dir='ltr'><strong>sua,</strong></span> <span class='ocrx_word' id='word_1_206' title='bbox 954 3349 1037 3416; x_wconf 75' lang='lat' dir='ltr'><strong>‘vera</strong></span> <span class='ocrx_word' id='word_1_207' title='bbox 1050 3343 1121 3417; x_wconf 87' lang='lat' dir='ltr'><strong>lide</strong></span> <span class='ocrx_word' id='word_1_208' title='bbox 1134 3359 1242 3441; x_wconf 81' lang='lat' dir='ltr'><strong>quae-</strong></span> 
     </span>
     <span class='ocr_line' id='line_1_32' title="bbox 261 3441 1240 3537; baseline 0.004 -23"><span class='ocrx_word' id='word_1_209' title='bbox 261 3467 343 3514; x_wconf 89' lang='lat' dir='ltr'><strong>rens</strong></span> <span class='ocrx_word' id='word_1_210' title='bbox 363 3441 563 3518; x_wconf 87' lang='lat' dir='ltr'><strong>Christum:</strong></span> <span class='ocrx_word' id='word_1_211' title='bbox 597 3443 681 3518; x_wconf 89' lang='lat' dir='ltr'><strong>huic</strong></span> <span class='ocrx_word' id='word_1_212' title='bbox 710 3451 828 3518; x_wconf 87' lang='lat' dir='ltr'><strong>coetui</strong></span> <span class='ocrx_word' id='word_1_213' title='bbox 848 3445 965 3536; x_wconf 82' lang='lat' dir='ltr'><strong>agenti</strong></span> <span class='ocrx_word' id='word_1_214' title='bbox 988 3448 1240 3537; x_wconf 80' lang='lat' dir='ltr'><strong>poenitentiam</strong></span> 
     </span>
     <span class='ocr_line' id='line_1_33' title="bbox 252 3542 1241 3642; baseline 0.005 -26"><span class='ocrx_word' id='word_1_215' title='bbox 252 3556 296 3618; x_wconf 87' lang='lat' dir='ltr'><strong>&#39;et</strong></span> <span class='ocrx_word' id='word_1_216' title='bbox 325 3542 508 3632; x_wconf 82' lang='lat' dir='ltr'><strong>credenti,¹</strong></span> <span class='ocrx_word' id='word_1_217' title='bbox 530 3549 657 3620; x_wconf 88' lang='lat' dir='ltr'><strong>tribuit</strong></span> <span class='ocrx_word' id='word_1_218' title='bbox 683 3543 846 3618; x_wconf 87' lang='lat' dir='ltr'><strong>Christus</strong></span> <span class='ocrx_word' id='word_1_219' title='bbox 872 3547 1114 3618; x_wconf 85' lang='lat' dir='ltr'><strong>testimoninm</strong></span> <span class='ocrx_word' id='word_1_220' title='bbox 1145 3551 1241 3642; x_wconf 85' lang='lat' dir='ltr'><strong>quod</strong></span> 
     </span>
     <span class='ocr_line' id='line_1_34' title="bbox 261 3643 1242 3735; baseline 0.005 -19"><span class='ocrx_word' id='word_1_221' title='bbox 261 3647 306 3718; x_wconf 86' lang='lat' dir='ltr'><strong>sit</strong></span> <span class='ocrx_word' id='word_1_222' title='bbox 328 3671 410 3718; x_wconf 91' lang='lat' dir='ltr'><strong>vera</strong></span> <span class='ocrx_word' id='word_1_223' title='bbox 425 3643 602 3735; x_wconf 82' lang='lat' dir='ltr'><strong>Ecclesia,</strong></span> <span class='ocrx_word' id='word_1_224' title='bbox 627 3647 754 3720; x_wconf 87' lang='lat' dir='ltr'><strong>tribuit</strong></span> <span class='ocrx_word' id='word_1_225' title='bbox 773 3648 859 3721; x_wconf 90' lang='lat' dir='ltr'><strong>item</strong></span> <span class='ocrx_word' id='word_1_226' title='bbox 879 3648 1020 3718; x_wconf 88' lang='lat' dir='ltr'><strong>laudem</strong></span> <span class='ocrx_word' id='word_1_227' title='bbox 1037 3673 1140 3720; x_wconf 88' lang='lat' dir='ltr'><strong>verae</strong></span> <span class='ocrx_word' id='word_1_228' title='bbox 1155 3653 1242 3722; x_wconf 89' lang='lat' dir='ltr'><strong>obe·-</strong></span> 
     </span>
     <span class='ocr_line' id='line_1_35' title="bbox 261 3747 1243 3843; baseline 0.006 -25"><span class='ocrx_word' id='word_1_229' title='bbox 261 3747 436 3834; x_wconf 90' lang='lat' dir='ltr'><strong>dientiae,</strong></span> <span class='ocrx_word' id='word_1_230' title='bbox 484 3751 579 3843; x_wconf 92' lang='lat' dir='ltr'><strong>quod</strong></span> <span class='ocrx_word' id='word_1_231' title='bbox 617 3749 761 3841; x_wconf 88' lang='lat' dir='ltr'><strong>impleat</strong></span> <span class='ocrx_word' id='word_1_232' title='bbox 793 3748 923 3840; x_wconf 84' lang='lat' dir='ltr'><strong>legem,</strong></span> <span class='ocrx_word' id='word_1_233' title='bbox 968 3751 1065 3841; x_wconf 89' lang='lat' dir='ltr'><strong>quod</strong></span> <span class='ocrx_word' id='word_1_234' title='bbox 1107 3751 1243 3842; x_wconf 84' lang='lat' dir='ltr'><strong>diligat.</strong></span> 
     </span>
     <span class='ocr_line' id='line_1_36' title="bbox 260 3839 1241 3943; baseline 0.006 -25"><span class='ocrx_word' id='word_1_235' title='bbox 260 3844 364 3919; x_wconf 83' lang='lat' dir='ltr'><strong>Hanc</strong></span> <span class='ocrx_word' id='word_1_236' title='bbox 384 3847 524 3920; x_wconf 84' lang='lat' dir='ltr'><strong>laudem</strong></span> <span class='ocrx_word' id='word_1_237' title='bbox 546 3863 712 3940; x_wconf 76' lang='lat' dir='ltr'><strong>arrogant</strong></span> <span class='ocrx_word' id='word_1_238' title='bbox 725 3850 795 3922; x_wconf 90' lang='lat' dir='ltr'><strong>sibi</strong></span> <span class='ocrx_word' id='word_1_239' title='bbox 808 3851 895 3920; x_wconf 79' lang='lat' dir='ltr'><strong>falso</strong></span> <span class='ocrx_word' id='word_1_240' title='bbox 913 3839 1133 3943; x_wconf 83' lang='lat' dir='ltr'><strong>hypocritae,</strong></span> <span class='ocrx_word' id='word_1_241' title='bbox 1160 3852 1241 3924; x_wconf 89' lang='lat' dir='ltr'><strong>ideo</strong></span> 
     </span>
     <span class='ocr_line' id='line_1_37' title="bbox 260 3943 1240 4045; baseline 0.007 -30"><span class='ocrx_word' id='word_1_242' title='bbox 260 3943 424 4020; x_wconf 86' lang='lat' dir='ltr'><strong>Christus</strong></span> <span class='ocrx_word' id='word_1_243' title='bbox 454 3953 621 4023; x_wconf 77' lang='lat' dir='ltr'><strong>transfert</strong></span> <span class='ocrx_word' id='word_1_244' title='bbox 649 3976 725 4022; x_wconf 89' lang='lat' dir='ltr'><strong>eam</strong></span> <span class='ocrx_word' id='word_1_245' title='bbox 752 3952 791 4020; x_wconf 90' lang='lat' dir='ltr'><strong>in</strong></span> <span class='ocrx_word' id='word_1_246' title='bbox 821 3944 918 4020; x_wconf 91' lang='lat' dir='ltr'><strong>huuc</strong></span> <span class='ocrx_word' id='word_1_247' title='bbox 946 3961 1104 4036; x_wconf 88' lang='lat' dir='ltr'><strong>coetum&#39;,</strong></span> <span class='ocrx_word' id='word_1_248' title='bbox 1135 3974 1240 4045; x_wconf 88' lang='lat' dir='ltr'><strong>quem</strong></span> 
     </span>
     <span class='ocr_line' id='line_1_38' title="bbox 261 4043 1243 4144; baseline 0.009 -29"><span class='ocrx_word' id='word_1_249' title='bbox 261 4043 465 4141; x_wconf 85' lang='lat' dir='ltr'><strong>hypocritae</strong></span> <span class='ocrx_word' id='word_1_250' title='bbox 487 4053 704 4144; x_wconf 85' lang='lat' dir='ltr'><strong>despiciunt,</strong></span> <span class='ocrx_word' id='word_1_251' title='bbox 736 4063 920 4144; x_wconf 84' lang='lat' dir='ltr'><strong>propterea</strong></span> <span class='ocrx_word' id='word_1_252' title='bbox 943 4051 1027 4144; x_wconf 87' lang='lat' dir='ltr'><strong>quia</strong></span> <span class='ocrx_word' id='word_1_253' title='bbox 1050 4052 1169 4124; x_wconf 90' lang='lat' dir='ltr'><strong>minus</strong></span> <span class='ocrx_word' id='word_1_254' title='bbox 1190 4065 1243 4124; x_wconf 89' lang='lat' dir='ltr'><strong>est</strong></span> 
     </span>
     <span class='ocr_line' id='line_1_39' title="bbox 262 4147 1047 4240; baseline 0.018 -25"><span class='ocrx_word' id='word_1_255' title='bbox 262 4150 416 4237; x_wconf 89' lang='lat' dir='ltr'><strong>speciosa</strong></span> <span class='ocrx_word' id='word_1_256' title='bbox 431 4154 503 4225; x_wconf 90' lang='lat' dir='ltr'><strong>vita</strong></span> <span class='ocrx_word' id='word_1_257' title='bbox 522 4147 626 4224; x_wconf 90' lang='lat' dir='ltr'><strong>buius</strong></span> <span class='ocrx_word' id='word_1_258' title='bbox 642 4169 774 4227; x_wconf 88' lang='lat' dir='ltr'><strong>coetus.</strong></span> <span class='ocrx_word' id='word_1_259' title='bbox 1044 4231 1047 4240; x_wconf 76' lang='grc'>,</span> 
     </span>
     <span class='ocr_line' id='line_1_40' title="bbox 361 4247 1242 4344; baseline 0.007 -26"><span class='ocrx_word' id='word_1_260' title='bbox 361 4249 592 4344; x_wconf 86' lang='lat' dir='ltr'><strong>Praecipuum</strong></span> <span class='ocrx_word' id='word_1_261' title='bbox 612 4271 731 4326; x_wconf 88' lang='lat' dir='ltr'><strong>autem</strong></span> <span class='ocrx_word' id='word_1_262' title='bbox 751 4251 926 4336; x_wconf 80' lang='lat' dir='ltr'><strong>officium,</strong></span> <span class='ocrx_word' id='word_1_263' title='bbox 961 4252 1057 4343; x_wconf 88' lang='lat' dir='ltr'><strong>quod</strong></span> <span class='ocrx_word' id='word_1_264' title='bbox 1079 4247 1242 4324; x_wconf 88' lang='lat' dir='ltr'><strong>Christus</strong></span> 
     </span>
     <span class='ocr_line' id='line_1_41' title="bbox 263 4347 1242 4445; baseline 0.009 -30"><span class='ocrx_word' id='word_1_265' title='bbox 263 4358 445 4440; x_wconf 78' lang='lat' dir='ltr'><strong>tantopere</strong></span> <span class='ocrx_word' id='word_1_266' title='bbox 468 4351 662 4445; x_wconf 85' lang='lat' dir='ltr'><strong>praedicat,</strong></span> <span class='ocrx_word' id='word_1_267' title='bbox 693 4349 761 4424; x_wconf 93' lang='lat' dir='ltr'><strong>hoc</strong></span> <span class='ocrx_word' id='word_1_268' title='bbox 784 4366 851 4435; x_wconf 90' lang='lat' dir='ltr'><strong>est,</strong></span> <span class='ocrx_word' id='word_1_269' title='bbox 883 4347 978 4443; x_wconf 87' lang='lat' dir='ltr'><strong>quod</strong></span> <span class='ocrx_word' id='word_1_270' title='bbox 1004 4355 1132 4424; x_wconf 91' lang='lat' dir='ltr'><strong>mulier</strong></span> <span class='ocrx_word' id='word_1_271' title='bbox 1153 4355 1242 4425; x_wconf 90' lang='lat' dir='ltr'><strong>lavit</strong></span> 
     </span>
     <span class='ocr_line' id='line_1_42' title="bbox 262 4451 1241 4544; baseline 0.01 -26"><span class='ocrx_word' id='word_1_272' title='bbox 262 4461 297 4518; x_wconf 90' lang='lat' dir='ltr'><strong>et</strong></span> <span class='ocrx_word' id='word_1_273' title='bbox 308 4453 413 4521; x_wconf 86' lang='lat' dir='ltr'><strong>unxit</strong></span> <span class='ocrx_word' id='word_1_274' title='bbox 427 4455 542 4541; x_wconf 85' lang='lat' dir='ltr'><strong>pedes.</strong></span> <span class='ocrx_word' id='word_1_275' title='bbox 579 4451 790 4543; x_wconf 80' lang='lat' dir='ltr'><strong>Significant</strong></span> <span class='ocrx_word' id='word_1_276' title='bbox 804 4467 919 4522; x_wconf 88' lang='lat' dir='ltr'><strong>autem</strong></span> <span class='ocrx_word' id='word_1_277' title='bbox 935 4455 1040 4543; x_wconf 85' lang='lat' dir='ltr'><strong>pedes</strong></span> <span class='ocrx_word' id='word_1_278' title='bbox 1056 4456 1241 4544; x_wconf 82' lang='lat' dir='ltr'><strong>praecipue</strong></span> 
     </span>
     <span class='ocr_line' id='line_1_43' title="bbox 263 4549 1240 4644; baseline 0.01 -28"><span class='ocrx_word' id='word_1_279' title='bbox 263 4549 499 4622; x_wconf 79' lang='lat' dir='ltr'><strong>ministerium</strong></span> <span class='ocrx_word' id='word_1_280' title='bbox 515 4553 714 4644; x_wconf 79' lang='lat' dir='ltr'><strong>Evangelii:</strong></span> <span class='ocrx_word' id='word_1_281' title='bbox 741 4551 808 4623; x_wconf 88' lang='lat' dir='ltr'><strong>hoc</strong></span> <span class='ocrx_word' id='word_1_282' title='bbox 829 4567 928 4623; x_wconf 88' lang='lat' dir='ltr'><strong>curat</strong></span> <span class='ocrx_word' id='word_1_283' title='bbox 951 4566 985 4622; x_wconf 87' lang='lat' dir='ltr'><strong>et</strong></span> <span class='ocrx_word' id='word_1_284' title='bbox 1006 4557 1104 4624; x_wconf 80' lang='lat' dir='ltr'><strong>omrai</strong></span> <span class='ocrx_word' id='word_1_285' title='bbox 1125 4555 1240 4627; x_wconf 80' lang='lat' dir='ltr'><strong>officio</strong></span> 
     </span>
     <span class='ocr_line' id='line_1_44' title="bbox 263 4647 1241 4742; baseline 0.009 -23"><span class='ocrx_word' id='word_1_286' title='bbox 263 4651 355 4720; x_wconf 88' lang='lat' dir='ltr'><strong>tueri</strong></span> <span class='ocrx_word' id='word_1_287' title='bbox 383 4667 416 4724; x_wconf 95' lang='lat' dir='ltr'><strong>et</strong></span> <span class='ocrx_word' id='word_1_288' title='bbox 447 4655 653 4725; x_wconf 73' lang='lat' dir='ltr'><strong>rohterrare</strong></span> <span class='ocrx_word' id='word_1_289' title='bbox 679 4657 796 4726; x_wconf 81' lang='lat' dir='ltr'><strong>st&#39;udet</strong></span> <span class='ocrx_word' id='word_1_290' title='bbox 828 4674 909 4723; x_wconf 88' lang='lat' dir='ltr'><strong>vera</strong></span> <span class='ocrx_word' id='word_1_291' title='bbox 939 4647 1114 4742; x_wconf 84' lang='lat' dir='ltr'><strong>Ecclesia,</strong></span> <span class='ocrx_word' id='word_1_292' title='bbox 1145 4655 1241 4728; x_wconf 80' lang='lat' dir='ltr'><strong>lovel</strong></span> 
     </span>
     <span class='ocr_line' id='line_1_45' title="bbox 263 4749 1241 4842; baseline 0.005 -21"><span class='ocrx_word' id='word_1_293' title='bbox 263 4752 342 4842; x_wconf 90' lang='lat' dir='ltr'><strong>pios</strong></span> <span class='ocrx_word' id='word_1_294' title='bbox 371 4753 530 4826; x_wconf 82' lang='lat' dir='ltr'><strong>doctores</strong></span> <span class='ocrx_word' id='word_1_295' title='bbox 556 4758 721 4826; x_wconf 88' lang='lat' dir='ltr'><strong>omnibus</strong></span> <span class='ocrx_word' id='word_1_296' title='bbox 748 4753 882 4826; x_wconf 81' lang='lat' dir='ltr'><strong>officiis.</strong></span> <span class='ocrx_word' id='word_1_297' title='bbox 939 4749 1093 4827; x_wconf 84' lang='lat' dir='ltr'><strong>Econtra</strong></span> <span class='ocrx_word' id='word_1_298' title='bbox 1113 4751 1241 4828; x_wconf 90' lang='lat' dir='ltr'><strong>Phari-</strong></span> 
     </span>
     <span class='ocr_line' id='line_1_46' title="bbox 264 4851 1241 4949; baseline 0.007 -27"><span class='ocrx_word' id='word_1_299' title='bbox 264 4854 353 4940; x_wconf 85' lang='lat' dir='ltr'><strong>saei,</strong></span> <span class='ocrx_word' id='word_1_300' title='bbox 387 4851 573 4925; x_wconf 81' lang='lat' dir='ltr'><strong>Pontifices</strong></span> <span class='ocrx_word' id='word_1_301' title='bbox 600 4859 786 4948; x_wconf 79' lang='lat' dir='ltr'><strong>negligunt</strong></span> <span class='ocrx_word' id='word_1_302' title='bbox 815 4854 1050 4942; x_wconf 85' lang='lat' dir='ltr'><strong>ministerium</strong></span> <span class='ocrx_word' id='word_1_303' title='bbox 1078 4853 1241 4949; x_wconf 82' lang='lat' dir='ltr'><strong>Evange-</strong></span> 
     </span>
    </p>
   </div>
   <div class='ocr_carea' id='block_1_9' title="bbox 132 4953 1357 5047">
    <p class='ocr_par' dir='ltr' id='par_1_9' title="bbox 132 4953 1357 5047">
     <span class='ocr_line' id='line_1_47' title="bbox 132 4953 1357 5047; baseline 0.008 -28"><span class='ocrx_word' id='word_1_304' title='bbox 132 5009 135 5020; x_wconf 81' lang='grc'>,</span> <span class='ocrx_word' id='word_1_305' title='bbox 220 4953 322 5033; x_wconf 86' lang='grc' dir='ltr'><strong>·1ἰί,</strong></span> <span class='ocrx_word' id='word_1_306' title='bbox 348 4954 522 5047; x_wconf 66' lang='lat' dir='ltr'><strong>{praecum</strong></span> <span class='ocrx_word' id='word_1_307' title='bbox 541 4957 699 5046; x_wconf 85' lang='lat' dir='ltr'><strong>ltnperi&#39;a,</strong></span> <span class='ocrx_word' id='word_1_308' title='bbox 726 4957 883 5028; x_wconf 81' lang='lat' dir='ltr'><strong>&#39;condunt</strong></span> <span class='ocrx_word' id='word_1_309' title='bbox 906 4955 1239 5043; x_wconf 76' lang='lat' dir='ltr'><strong>legesutilcstuen-</strong></span> <span class='ocrx_word' id='word_1_310' title='bbox 1346 4991 1357 4998; x_wconf 90' lang='lat'><strong>·</strong></span> 
     </span>
    </p>
   </div>
   <div class='ocr_carea' id='block_1_10' title="bbox 263 5054 1240 5225">
    <p class='ocr_par' dir='ltr' id='par_1_10' title="bbox 263 5054 1240 5225">
     <span class='ocr_line' id='line_1_48' title="bbox 264 5054 1240 5152; baseline 0.011 -33"><span class='ocrx_word' id='word_1_311' title='bbox 264 5054 318 5121; x_wconf 90' lang='lat' dir='ltr'><strong>dis</strong></span> <span class='ocrx_word' id='word_1_312' title='bbox 350 5058 493 5144; x_wconf 86' lang='lat' dir='ltr'><strong>opibus,</strong></span> <span class='ocrx_word' id='word_1_313' title='bbox 533 5057 795 5148; x_wconf 83' lang='lat' dir='ltr'><strong>dignitatibus,</strong></span> <span class='ocrx_word' id='word_1_314' title='bbox 826 5057 1042 5128; x_wconf 81' lang='lat' dir='ltr'><strong>interficiunt</strong></span> <span class='ocrx_word' id='word_1_315' title='bbox 1067 5062 1144 5152; x_wconf 82' lang='lat' dir='ltr'><strong>pios</strong></span> <span class='ocrx_word' id='word_1_316' title='bbox 1175 5063 1240 5130; x_wconf 93' lang='lat' dir='ltr'><strong>do-</strong></span> 
     </span>
     <span class='ocr_line' id='line_1_49' title="bbox 263 5167 388 5225; baseline 0.024 -3"><span class='ocrx_word' id='word_1_317' title='bbox 263 5167 388 5225; x_wconf 87' lang='lat' dir='ltr'><strong>ctores.</strong></span> 
     </span>
    </p>
   </div>
   <div class='ocr_carea' id='block_1_11' title="bbox 1423 297 2111 563">
    <p class='ocr_par' dir='ltr' id='par_1_11' title="bbox 1423 297 2111 563">
     <span class='ocr_line' id='line_1_50' title="bbox 1423 297 2111 455; baseline 0.017 -40"><span class='ocrx_word' id='word_1_318' title='bbox 1423 297 1749 446; x_wconf 64' lang='lat' dir='ltr'><strong>,evangeliun</strong></span> <span class='ocrx_word' id='word_1_319' title='bbox 1763 333 1833 420; x_wconf 75' lang='lat' dir='ltr'><strong>ate</strong></span> <span class='ocrx_word' id='word_1_320' title='bbox 1861 335 2111 455; x_wconf 75' lang='lat' dir='ltr'><strong>anenata,</strong></span> 
     </span>
     <span class='ocr_line' id='line_1_51' title="bbox 1674 475 2012 563; baseline 0.036 -12"><span class='ocrx_word' id='word_1_321' title='bbox 1674 479 1891 563; x_wconf 78' lang='lat' dir='ltr'><strong>Matth.18.</strong></span> <span class='ocrx_word' id='word_1_322' title='bbox 2007 475 2012 488; x_wconf 85' lang='grc'><strong>’</strong></span> 
     </span>
    </p>
   </div>
   <div class='ocr_carea' id='block_1_12' title="bbox 1666 627 1982 716">
    <p class='ocr_par' dir='ltr' id='par_1_12' title="bbox 1666 627 1982 716">
     <span class='ocr_line' id='line_1_52' title="bbox 1666 627 1982 716; baseline 0.016 -23"><span class='ocrx_word' id='word_1_323' title='bbox 1666 627 1722 693; x_wconf 77' lang='lat' dir='ltr'><strong>ue</strong></span> <span class='ocrx_word' id='word_1_324' title='bbox 1742 629 1896 716; x_wconf 69' lang='lat' dir='ltr'><strong>stupetis.</strong></span> <span class='ocrx_word' id='word_1_325' title='bbox 1978 633 1982 640; x_wconf 86' lang='lat'>&#39;</span> 
     </span>
    </p>
   </div>
   <div class='ocr_carea' id='block_1_13' title="bbox 1338 741 2266 852">
    <p class='ocr_par' dir='ltr' id='par_1_13' title="bbox 1338 741 2266 852">
     <span class='ocr_line' id='line_1_53' title="bbox 1338 741 2266 852; baseline 0.013 -34"><span class='ocrx_word' id='word_1_326' title='bbox 1338 743 1391 818; x_wconf 90' lang='lat' dir='ltr'><strong>In</strong></span> <span class='ocrx_word' id='word_1_327' title='bbox 1414 742 1487 816; x_wconf 87' lang='lat' dir='ltr'><strong>illa</strong></span> <span class='ocrx_word' id='word_1_328' title='bbox 1510 741 1606 817; x_wconf 75' lang='lat' dir='ltr'><strong>horu</strong></span> <span class='ocrx_word' id='word_1_329' title='bbox 1630 763 1853 823; x_wconf 83' lang='lat' dir='ltr'><strong>accesserunt</strong></span> <span class='ocrx_word' id='word_1_330' title='bbox 1875 749 2058 852; x_wconf 83' lang='lat' dir='ltr'><strong>discipuli</strong></span> <span class='ocrx_word' id='word_1_331' title='bbox 2079 753 2135 828; x_wconf 77' lang='lat' dir='ltr'><strong>ud</strong></span> <span class='ocrx_word' id='word_1_332' title='bbox 2156 754 2266 830; x_wconf 85' lang='lat' dir='ltr'><strong>lesum</strong></span> 
     </span>
    </p>
   </div>
   <div class='ocr_carea' id='block_1_14' title="bbox 1390 843 2283 2063">
    <p class='ocr_par' dir='ltr' id='par_1_14' title="bbox 1390 843 2283 2063">
     <span class='ocr_line' id='line_1_54' title="bbox 1390 843 2266 954; baseline 0.015 -36"><span class='ocrx_word' id='word_1_333' title='bbox 1390 844 1562 919; x_wconf 85' lang='lat' dir='ltr'><strong>dicentes.-</strong></span> <span class='ocrx_word' id='word_1_334' title='bbox 1588 843 1684 946; x_wconf 85' lang='lat' dir='ltr'><strong>Quis</strong></span> <span class='ocrx_word' id='word_1_335' title='bbox 1705 867 1791 947; x_wconf 77' lang='lat' dir='ltr'><strong>ergo</strong></span> <span class='ocrx_word' id='word_1_336' title='bbox 1811 855 1933 927; x_wconf 79' lang='lat' dir='ltr'><strong>maior</strong></span> <span class='ocrx_word' id='word_1_337' title='bbox 1948 867 2000 927; x_wconf 85' lang='lat' dir='ltr'><strong>est</strong></span> <span class='ocrx_word' id='word_1_338' title='bbox 2018 858 2060 929; x_wconf 86' lang='lat' dir='ltr'><strong>in</strong></span> <span class='ocrx_word' id='word_1_339' title='bbox 2079 879 2190 954; x_wconf 77' lang='lat' dir='ltr'><strong>regnu</strong></span> <span class='ocrx_word' id='word_1_340' title='bbox 2203 884 2266 930; x_wconf 88' lang='lat' dir='ltr'><strong>coe-</strong></span> 
     </span>
     <span class='ocr_line' id='line_1_55' title="bbox 1391 947 2266 1057; baseline 0.013 -37"><span class='ocrx_word' id='word_1_341' title='bbox 1391 947 1539 1020; x_wconf 86' lang='lat' dir='ltr'><strong>lorum?</strong></span> <span class='ocrx_word' id='word_1_342' title='bbox 1579 949 1634 1020; x_wconf 91' lang='lat' dir='ltr'><strong>Et</strong></span> <span class='ocrx_word' id='word_1_343' title='bbox 1649 947 1835 1026; x_wconf 75' lang='lat' dir='ltr'><strong>udvoions</strong></span> <span class='ocrx_word' id='word_1_344' title='bbox 1843 953 1952 1029; x_wconf 88' lang='lat' dir='ltr'><strong>Iesus</strong></span> <span class='ocrx_word' id='word_1_345' title='bbox 1963 957 2182 1057; x_wconf 83' lang='lat' dir='ltr'><strong>parvulum,</strong></span> <span class='ocrx_word' id='word_1_346' title='bbox 2201 971 2266 1031; x_wconf 86' lang='lat' dir='ltr'><strong>sto-</strong></span> 
     </span>
     <span class='ocr_line' id='line_1_56' title="bbox 1393 1047 2265 1143; baseline 0.011 -20"><span class='ocrx_word' id='word_1_347' title='bbox 1393 1049 1463 1123; x_wconf 88' lang='lat' dir='ltr'><strong>tuit</strong></span> <span class='ocrx_word' id='word_1_348' title='bbox 1486 1075 1566 1122; x_wconf 89' lang='lat' dir='ltr'><strong>eum</strong></span> <span class='ocrx_word' id='word_1_349' title='bbox 1589 1053 1629 1123; x_wconf 91' lang='lat' dir='ltr'><strong>in</strong></span> <span class='ocrx_word' id='word_1_350' title='bbox 1648 1047 1768 1124; x_wconf 85' lang='lat' dir='ltr'><strong>medio</strong></span> <span class='ocrx_word' id='word_1_351' title='bbox 1790 1081 1929 1143; x_wconf 88' lang='lat' dir='ltr'><strong>eorum,</strong></span> <span class='ocrx_word' id='word_1_352' title='bbox 1955 1068 1988 1131; x_wconf 88' lang='lat' dir='ltr'><strong>et</strong></span> <span class='ocrx_word' id='word_1_353' title='bbox 2016 1054 2140 1132; x_wconf 80' lang='lat' dir='ltr'><strong>dixit.-</strong></span> <span class='ocrx_word' id='word_1_354' title='bbox 2166 1057 2265 1132; x_wconf 79' lang='lat' dir='ltr'><strong>Arnen</strong></span> 
     </span>
     <span class='ocr_line' id='line_1_57' title="bbox 1392 1148 2265 1263; baseline 0.013 -41"><span class='ocrx_word' id='word_1_355' title='bbox 1392 1148 1473 1223; x_wconf 85' lang='lat' dir='ltr'><strong>dieo</strong></span> <span class='ocrx_word' id='word_1_356' title='bbox 1505 1151 1626 1242; x_wconf 81' lang='lat' dir='ltr'><strong>vobis,</strong></span> <span class='ocrx_word' id='word_1_357' title='bbox 1657 1153 1735 1225; x_wconf 89' lang='lat' dir='ltr'><strong>nisi</strong></span> <span class='ocrx_word' id='word_1_358' title='bbox 1755 1159 1917 1230; x_wconf 84' lang='lat' dir='ltr'><strong>conversi</strong></span> <span class='ocrx_word' id='word_1_359' title='bbox 1928 1154 2111 1263; x_wconf 70' lang='lat' dir='ltr'><strong>justitie,</strong></span> <span class='ocrx_word' id='word_1_360' title='bbox 2143 1171 2178 1236; x_wconf 86' lang='lat' dir='ltr'><strong>et</strong></span> <span class='ocrx_word' id='word_1_361' title='bbox 2198 1159 2265 1262; x_wconf 79' lang='lat' dir='ltr'><strong>effi-</strong></span> 
     </span>
     <span class='ocr_line' id='line_1_58' title="bbox 1392 1253 2283 1353; baseline 0.009 -29"><span class='ocrx_word' id='word_1_362' title='bbox 1392 1253 1548 1325; x_wconf 83' lang='lat' dir='ltr'><strong>ciumini</strong></span> <span class='ocrx_word' id='word_1_363' title='bbox 1565 1255 1658 1326; x_wconf 88' lang='lat' dir='ltr'><strong>sicut</strong></span> <span class='ocrx_word' id='word_1_364' title='bbox 1672 1257 1841 1353; x_wconf 76' lang='lat' dir='ltr'><strong>parvuli,</strong></span> <span class='ocrx_word' id='word_1_365' title='bbox 1869 1286 1942 1332; x_wconf 90' lang='lat' dir='ltr'><strong>non</strong></span> <span class='ocrx_word' id='word_1_366' title='bbox 1959 1259 2157 1335; x_wconf 83' lang='lat' dir='ltr'><strong>intrabitis</strong></span> <span class='ocrx_word' id='word_1_367' title='bbox 2171 1259 2208 1333; x_wconf 92' lang='lat' dir='ltr'><strong>in</strong></span> <span class='ocrx_word' id='word_1_368' title='bbox 2223 1285 2264 1332; x_wconf 84' lang='lat' dir='ltr'><strong>re-</strong></span> <span class='ocrx_word' id='word_1_369' title='bbox 2282 1317 2283 1320; x_wconf 63' lang='lat'><strong>,</strong></span> 
     </span>
     <span class='ocr_line' id='line_1_59' title="bbox 1390 1355 2264 1461; baseline 0.01 -38"><span class='ocrx_word' id='word_1_370' title='bbox 1390 1379 1505 1450; x_wconf 75' lang='lat' dir='ltr'><strong>gnum</strong></span> <span class='ocrx_word' id='word_1_371' title='bbox 1531 1355 1721 1434; x_wconf 87' lang='lat' dir='ltr'><strong>coelorum.</strong></span> <span class='ocrx_word' id='word_1_372' title='bbox 1761 1355 1977 1461; x_wconf 80' lang='lat' dir='ltr'><strong>Quicunque</strong></span> <span class='ocrx_word' id='word_1_373' title='bbox 1993 1375 2084 1458; x_wconf 75' lang='lat' dir='ltr'><strong>erg&#39;o</strong></span> <span class='ocrx_word' id='word_1_374' title='bbox 2100 1361 2264 1434; x_wconf 81' lang='lat' dir='ltr'><strong>humiliu-</strong></span> 
     </span>
     <span class='ocr_line' id='line_1_60' title="bbox 1393 1457 2264 1560; baseline 0.006 -34"><span class='ocrx_word' id='word_1_375' title='bbox 1393 1457 1482 1527; x_wconf 84' lang='lat' dir='ltr'><strong>verit</strong></span> <span class='ocrx_word' id='word_1_376' title='bbox 1500 1458 1660 1556; x_wconf 88' lang='lat' dir='ltr'><strong>seipsum</strong></span> <span class='ocrx_word' id='word_1_377' title='bbox 1673 1459 1767 1529; x_wconf 90' lang='lat' dir='ltr'><strong>sicut</strong></span> <span class='ocrx_word' id='word_1_378' title='bbox 1779 1461 1958 1560; x_wconf 82' lang='lat' dir='ltr'><strong>parvulus</strong></span> <span class='ocrx_word' id='word_1_379' title='bbox 1973 1463 2062 1550; x_wconf 89' lang='lat' dir='ltr'><strong>iste,</strong></span> <span class='ocrx_word' id='word_1_380' title='bbox 2086 1460 2148 1535; x_wconf 78' lang='lat' dir='ltr'><strong>liic</strong></span> <span class='ocrx_word' id='word_1_381' title='bbox 2161 1463 2264 1536; x_wconf 83' lang='lat' dir='ltr'><strong>molor</strong></span> 
     </span>
     <span class='ocr_line' id='line_1_61' title="bbox 1392 1557 2263 1664; baseline 0.006 -37"><span class='ocrx_word' id='word_1_382' title='bbox 1392 1565 1444 1628; x_wconf 87' lang='lat' dir='ltr'><strong>est</strong></span> <span class='ocrx_word' id='word_1_383' title='bbox 1473 1557 1513 1627; x_wconf 93' lang='lat' dir='ltr'><strong>in</strong></span> <span class='ocrx_word' id='word_1_384' title='bbox 1544 1583 1655 1654; x_wconf 76' lang='lat' dir='ltr'><strong>regno</strong></span> <span class='ocrx_word' id='word_1_385' title='bbox 1683 1559 1861 1633; x_wconf 88' lang='lat' dir='ltr'><strong>coelorum</strong></span> <span class='ocrx_word' id='word_1_386' title='bbox 1913 1561 1969 1632; x_wconf 89' lang='lat' dir='ltr'><strong>Et</strong></span> <span class='ocrx_word' id='word_1_387' title='bbox 1994 1565 2066 1664; x_wconf 87' lang='lat' dir='ltr'><strong>qui</strong></span> <span class='ocrx_word' id='word_1_388' title='bbox 2088 1561 2263 1661; x_wconf 77' lang='lat' dir='ltr'><strong>susceperit</strong></span> 
     </span>
     <span class='ocr_line' id='line_1_62' title="bbox 1393 1649 2263 1754; baseline 0.002 -24"><span class='ocrx_word' id='word_1_389' title='bbox 1393 1682 1507 1730; x_wconf 90' lang='lat' dir='ltr'><strong>unum</strong></span> <span class='ocrx_word' id='word_1_390' title='bbox 1528 1657 1727 1754; x_wconf 80' lang='lat' dir='ltr'><strong>parvulum</strong></span> <span class='ocrx_word' id='word_1_391' title='bbox 1751 1661 1864 1734; x_wconf 84' lang='lat' dir='ltr'><strong>talem</strong></span> <span class='ocrx_word' id='word_1_392' title='bbox 1885 1649 1925 1734; x_wconf 89' lang='lat' dir='ltr'><strong>in</strong></span> <span class='ocrx_word' id='word_1_393' title='bbox 1944 1669 2094 1737; x_wconf 86' lang='lat' dir='ltr'><strong>nomine</strong></span> <span class='ocrx_word' id='word_1_394' title='bbox 2109 1689 2203 1750; x_wconf 90' lang='lat' dir='ltr'><strong>meo,</strong></span> <span class='ocrx_word' id='word_1_395' title='bbox 2220 1686 2263 1733; x_wconf 87' lang='lat' dir='ltr'><strong>me</strong></span> 
     </span>
     <span class='ocr_line' id='line_1_63' title="bbox 1391 1753 2261 1860; baseline 0.005 -30"><span class='ocrx_word' id='word_1_396' title='bbox 1391 1758 1557 1856; x_wconf 84' lang='lat' dir='ltr'><strong>suscipit.</strong></span> <span class='ocrx_word' id='word_1_397' title='bbox 1608 1757 1689 1860; x_wconf 82' lang='lat' dir='ltr'><strong>Qui</strong></span> <span class='ocrx_word' id='word_1_398' title='bbox 1699 1757 1820 1833; x_wconf 85' lang='lat' dir='ltr'><strong>aulem</strong></span> <span class='ocrx_word' id='word_1_399' title='bbox 1834 1753 2153 1838; x_wconf 77' lang='lat' dir='ltr'><strong>scandalizaverit</strong></span> <span class='ocrx_word' id='word_1_400' title='bbox 2168 1787 2261 1835; x_wconf 89' lang='lat' dir='ltr'><strong>unum</strong></span> 
     </span>
     <span class='ocr_line' id='line_1_64' title="bbox 1394 1855 2261 1962; baseline 0.006 -33"><span class='ocrx_word' id='word_1_401' title='bbox 1394 1855 1437 1929; x_wconf 81' lang='lat' dir='ltr'><strong>tle</strong></span> <span class='ocrx_word' id='word_1_402' title='bbox 1456 1858 1611 1959; x_wconf 84' lang='lat' dir='ltr'><strong>pusillis</strong></span> <span class='ocrx_word' id='word_1_403' title='bbox 1632 1863 1736 1951; x_wconf 87' lang='lat' dir='ltr'><strong>istis,</strong></span> <span class='ocrx_word' id='word_1_404' title='bbox 1762 1865 1830 1962; x_wconf 78' lang='lat' dir='ltr'><strong>qui</strong></span> <span class='ocrx_word' id='word_1_405' title='bbox 1849 1866 1889 1935; x_wconf 88' lang='lat' dir='ltr'><strong>in</strong></span> <span class='ocrx_word' id='word_1_406' title='bbox 1905 1867 1960 1936; x_wconf 85' lang='lat' dir='ltr'><strong>nie</strong></span> <span class='ocrx_word' id='word_1_407' title='bbox 1977 1863 2148 1954; x_wconf 84' lang='lat' dir='ltr'><strong>eredunt,</strong></span> <span class='ocrx_word' id='word_1_408' title='bbox 2173 1887 2261 1960; x_wconf 76' lang='lat' dir='ltr'><strong>expa-</strong></span> 
     </span>
     <span class='ocr_line' id='line_1_65' title="bbox 1394 1956 2261 2063; baseline 0.001 -32"><span class='ocrx_word' id='word_1_409' title='bbox 1394 1956 1450 2031; x_wconf 85' lang='lat' dir='ltr'><strong>‹lit</strong></span> <span class='ocrx_word' id='word_1_410' title='bbox 1478 1962 1527 2046; x_wconf 91' lang='lat' dir='ltr'><strong>ei,</strong></span> <span class='ocrx_word' id='word_1_411' title='bbox 1559 1971 1598 2034; x_wconf 94' lang='lat' dir='ltr'><strong>ut</strong></span> <span class='ocrx_word' id='word_1_412' title='bbox 1627 1961 1875 2063; x_wconf 84' lang='lat' dir='ltr'><strong>suspendatur</strong></span> <span class='ocrx_word' id='word_1_413' title='bbox 1902 1965 2005 2037; x_wconf 83' lang='lat' dir='ltr'><strong>mola</strong></span> <span class='ocrx_word' id='word_1_414' title='bbox 2033 1967 2205 2038; x_wconf 84' lang='lat' dir='ltr'><strong>asinaria</strong></span> <span class='ocrx_word' id='word_1_415' title='bbox 2230 1965 2261 2034; x_wconf 91' lang='lat' dir='ltr'><strong>in</strong></span> 
     </span>
    </p>
   </div>
   <div class='ocr_carea' id='block_1_15' title="bbox 1393 2059 2260 2239">
    <p class='ocr_par' dir='ltr' id='par_1_15' title="bbox 1393 2059 2260 2239">
     <span class='ocr_line' id='line_1_66' title="bbox 1397 2059 2260 2181; baseline 0.003 -50"><span class='ocrx_word' id='word_1_416' title='bbox 1397 2059 1495 2181; x_wconf 78' lang='lat' dir='ltr'><strong>collo</strong></span> <span class='ocrx_word' id='word_1_417' title='bbox 1521 2063 1616 2151; x_wconf 88' lang='lat' dir='ltr'><strong>eius,</strong></span> <span class='ocrx_word' id='word_1_418' title='bbox 1651 2075 1684 2136; x_wconf 88' lang='lat' dir='ltr'><strong>et</strong></span> <span class='ocrx_word' id='word_1_419' title='bbox 1714 2060 1947 2171; x_wconf 75' lang='lat' dir='ltr'><strong>demergatur</strong></span> <span class='ocrx_word' id='word_1_420' title='bbox 1980 2068 2020 2140; x_wconf 84' lang='lat' dir='ltr'><strong>itt</strong></span> <span class='ocrx_word' id='word_1_421' title='bbox 2049 2063 2260 2170; x_wconf 84' lang='lat' dir='ltr'><strong>profundum</strong></span> 
     </span>
     <span class='ocr_line' id='line_1_67' title="bbox 1393 2188 1522 2239; baseline 0.054 -8"><span class='ocrx_word' id='word_1_422' title='bbox 1393 2188 1522 2239; x_wconf 84' lang='lat' dir='ltr'><strong>mores.</strong></span> 
     </span>
    </p>
   </div>
   <div class='ocr_carea' id='block_1_16' title="bbox 1347 2259 2258 2344">
    <p class='ocr_par' dir='ltr' id='par_1_16' title="bbox 1347 2259 2258 2344">
     <span class='ocr_line' id='line_1_68' title="bbox 1347 2259 2258 2344; baseline -0.001 -7"><span class='ocrx_word' id='word_1_423' title='bbox 1347 2259 1388 2337; x_wconf 84' lang='lat' dir='ltr'><em>V</em></span> <span class='ocrx_word' id='word_1_424' title='bbox 1385 2287 1430 2333; x_wconf 87' lang='lat' dir='ltr'><strong>ue</strong></span> <span class='ocrx_word' id='word_1_425' title='bbox 1449 2259 1587 2336; x_wconf 85' lang='lat' dir='ltr'><strong>mundo</strong></span> <span class='ocrx_word' id='word_1_426' title='bbox 1606 2288 1632 2333; x_wconf 86' lang='lat' dir='ltr'><strong>u</strong></span> <span class='ocrx_word' id='word_1_427' title='bbox 1647 2264 1852 2339; x_wconf 83' lang='lat' dir='ltr'><strong>scandulis.</strong></span> <span class='ocrx_word' id='word_1_428' title='bbox 1891 2265 2049 2343; x_wconf 78' lang='lat' dir='ltr'><strong>Necesse</strong></span> <span class='ocrx_word' id='word_1_429' title='bbox 2061 2282 2112 2344; x_wconf 87' lang='lat' dir='ltr'><strong>est</strong></span> <span class='ocrx_word' id='word_1_430' title='bbox 2129 2269 2214 2344; x_wconf 88' lang='lat' dir='ltr'><strong>enim</strong></span> <span class='ocrx_word' id='word_1_431' title='bbox 2228 2275 2258 2336; x_wconf 90' lang='lat' dir='ltr'><strong>ut</strong></span> 
     </span>
    </p>
   </div>
   <div class='ocr_carea' id='block_1_17' title="bbox 1392 2361 2262 2864">
    <p class='ocr_par' dir='ltr' id='par_1_17' title="bbox 1392 2361 2262 2864">
     <span class='ocr_line' id='line_1_69' title="bbox 1396 2361 2262 2449; baseline 0.001 -15"><span class='ocrx_word' id='word_1_432' title='bbox 1396 2366 1539 2436; x_wconf 82' lang='lat' dir='ltr'><strong>venium</strong></span> <span class='ocrx_word' id='word_1_433' title='bbox 1562 2361 1767 2449; x_wconf 80' lang='lat' dir='ltr'><strong>scandata,</strong></span> <span class='ocrx_word' id='word_1_434' title='bbox 1795 2380 2031 2442; x_wconf 80' lang='lat' dir='ltr'><strong>veruntamen</strong></span> <span class='ocrx_word' id='word_1_435' title='bbox 2055 2397 2118 2445; x_wconf 77' lang='lat' dir='ltr'><strong>vae</strong></span> <span class='ocrx_word' id='word_1_436' title='bbox 2135 2365 2262 2444; x_wconf 87' lang='lat' dir='ltr'><strong>homini</strong></span> 
     </span>
     <span class='ocr_line' id='line_1_70' title="bbox 1392 2463 2258 2564; baseline 0.001 -28"><span class='ocrx_word' id='word_1_437' title='bbox 1392 2489 1458 2562; x_wconf 86' lang='lat' dir='ltr'><strong>per</strong></span> <span class='ocrx_word' id='word_1_438' title='bbox 1478 2489 1582 2564; x_wconf 78' lang='lat' dir='ltr'><strong>quem</strong></span> <span class='ocrx_word' id='word_1_439' title='bbox 1600 2463 1823 2539; x_wconf 72' lang='lat' dir='ltr'><strong>scandalum</strong></span> <span class='ocrx_word' id='word_1_440' title='bbox 1839 2472 1946 2547; x_wconf 87' lang='lat' dir='ltr'><strong>venit.</strong></span> <span class='ocrx_word' id='word_1_441' title='bbox 2000 2471 2050 2544; x_wconf 89' lang='lat' dir='ltr'><strong>Si</strong></span> <span class='ocrx_word' id='word_1_442' title='bbox 2063 2484 2177 2546; x_wconf 81' lang='lat' dir='ltr'><strong>autem</strong></span> <span class='ocrx_word' id='word_1_443' title='bbox 2188 2492 2258 2540; x_wconf 84' lang='lat' dir='ltr'><strong>me·</strong></span> 
     </span>
     <span class='ocr_line' id='line_1_71' title="bbox 1392 2563 2257 2665; baseline 0.006 -32"><span class='ocrx_word' id='word_1_444' title='bbox 1392 2589 1464 2634; x_wconf 89' lang='lat' dir='ltr'><strong>nus</strong></span> <span class='ocrx_word' id='word_1_445' title='bbox 1479 2573 1544 2638; x_wconf 85' lang='lat' dir='ltr'><strong>tuo</strong></span> <span class='ocrx_word' id='word_1_446' title='bbox 1562 2563 1619 2636; x_wconf 78' lang='lat' dir='ltr'><strong>vel</strong></span> <span class='ocrx_word' id='word_1_447' title='bbox 1629 2591 1693 2665; x_wconf 88' lang='lat' dir='ltr'><strong>pes</strong></span> <span class='ocrx_word' id='word_1_448' title='bbox 1708 2577 1792 2640; x_wconf 91' lang='lat' dir='ltr'><strong>tuus</strong></span> <span class='ocrx_word' id='word_1_449' title='bbox 1807 2567 2049 2646; x_wconf 81' lang='lat' dir='ltr'><strong>scandalizat</strong></span> <span class='ocrx_word' id='word_1_450' title='bbox 2063 2586 2106 2659; x_wconf 86' lang='lat' dir='ltr'><strong>te,</strong></span> <span class='ocrx_word' id='word_1_451' title='bbox 2131 2570 2257 2646; x_wconf 75' lang='lat' dir='ltr'><strong>obserb-</strong></span> 
     </span>
     <span class='ocr_line' id='line_1_72' title="bbox 1393 2660 2257 2766; baseline 0.002 -32"><span class='ocrx_word' id='word_1_452' title='bbox 1393 2660 1437 2734; x_wconf 84' lang='lat' dir='ltr'><strong>de</strong></span> <span class='ocrx_word' id='word_1_453' title='bbox 1467 2689 1563 2745; x_wconf 86' lang='lat' dir='ltr'><strong>eum,</strong></span> <span class='ocrx_word' id='word_1_454' title='bbox 1597 2677 1629 2739; x_wconf 90' lang='lat' dir='ltr'><strong>et</strong></span> <span class='ocrx_word' id='word_1_455' title='bbox 1646 2667 1783 2766; x_wconf 88' lang='lat' dir='ltr'><strong>proiice</strong></span> <span class='ocrx_word' id='word_1_456' title='bbox 1803 2671 1873 2743; x_wconf 85' lang='lat' dir='ltr'><strong>ahs</strong></span> <span class='ocrx_word' id='word_1_457' title='bbox 1894 2683 1942 2745; x_wconf 87' lang='lat' dir='ltr'><strong>te:</strong></span> <span class='ocrx_word' id='word_1_458' title='bbox 1977 2677 2114 2748; x_wconf 86' lang='lat' dir='ltr'><strong>bonum</strong></span> <span class='ocrx_word' id='word_1_459' title='bbox 2134 2683 2177 2746; x_wconf 87' lang='lat' dir='ltr'><strong>est</strong></span> <span class='ocrx_word' id='word_1_460' title='bbox 2197 2666 2257 2740; x_wconf 84' lang='lat' dir='ltr'><strong>tihi</strong></span> 
     </span>
     <span class='ocr_line' id='line_1_73' title="bbox 1393 2762 2254 2864; baseline 0.016 -29"><span class='ocrx_word' id='word_1_461' title='bbox 1393 2762 1450 2835; x_wconf 84' lang='lat' dir='ltr'><strong>ud</strong></span> <span class='ocrx_word' id='word_1_462' title='bbox 1482 2768 1595 2838; x_wconf 85' lang='lat' dir='ltr'><strong>vitam</strong></span> <span class='ocrx_word' id='word_1_463' title='bbox 1629 2767 1778 2864; x_wconf 82' lang='lat' dir='ltr'><strong>ingredi</strong></span> <span class='ocrx_word' id='word_1_464' title='bbox 1817 2770 1994 2847; x_wconf 85' lang='lat' dir='ltr'><strong>claudum</strong></span> <span class='ocrx_word' id='word_1_465' title='bbox 2029 2775 2086 2850; x_wconf 81' lang='lat' dir='ltr'><strong>uel</strong></span> <span class='ocrx_word' id='word_1_466' title='bbox 2112 2773 2254 2848; x_wconf 76' lang='lat' dir='ltr'><strong>debilem,</strong></span> 
     </span>
    </p>
   </div>
   <div class='ocr_carea' id='block_1_18' title="bbox 1363 2865 2254 2977">
    <p class='ocr_par' dir='ltr' id='par_1_18' title="bbox 1363 2865 2254 2977">
     <span class='ocr_line' id='line_1_74' title="bbox 1363 2865 2254 2977; baseline -0.017 -37"><span class='ocrx_word' id='word_1_467' title='bbox 1363 2868 1505 2966; x_wconf 77' lang='lat' dir='ltr'><strong>-iyuom</strong></span> <span class='ocrx_word' id='word_1_468' title='bbox 1530 2865 1625 2940; x_wconf 85' lang='lat' dir='ltr'><strong>duos</strong></span> <span class='ocrx_word' id='word_1_469' title='bbox 1650 2895 1803 2956; x_wconf 88' lang='lat' dir='ltr'><strong>munus,</strong></span> <span class='ocrx_word' id='word_1_470' title='bbox 1830 2873 1887 2944; x_wconf 80' lang='lat' dir='ltr'><strong>vel</strong></span> <span class='ocrx_word' id='word_1_471' title='bbox 1906 2873 2001 2950; x_wconf 76' lang='lat' dir='ltr'><strong>duos</strong></span> <span class='ocrx_word' id='word_1_472' title='bbox 2014 2876 2121 2977; x_wconf 64' lang='lat' dir='ltr'><strong>pedes</strong></span> <span class='ocrx_word' id='word_1_473' title='bbox 2135 2871 2254 2944; x_wconf 63' lang='lat' dir='ltr'><strong>haben.</strong></span> 
     </span>
    </p>
   </div>
   <div class='ocr_carea' id='block_1_19' title="bbox 1390 2969 2253 3377">
    <p class='ocr_par' dir='ltr' id='par_1_19' title="bbox 1390 2969 2253 3377">
     <span class='ocr_line' id='line_1_75' title="bbox 1393 2969 2250 3066; baseline 0.006 -29"><span class='ocrx_word' id='word_1_474' title='bbox 1393 2977 1482 3054; x_wconf 89' lang='lat' dir='ltr'><strong>tem,</strong></span> <span class='ocrx_word' id='word_1_475' title='bbox 1506 2969 1608 3040; x_wconf 78' lang='lat' dir='ltr'><strong>niitti</strong></span> <span class='ocrx_word' id='word_1_476' title='bbox 1629 2969 1803 3066; x_wconf 80' lang='lat' dir='ltr'><strong>inignem</strong></span> <span class='ocrx_word' id='word_1_477' title='bbox 1820 2985 2020 3052; x_wconf 85' lang='lat' dir='ltr'><strong>ueternum.</strong></span> <span class='ocrx_word' id='word_1_478' title='bbox 2075 2977 2127 3048; x_wconf 82' lang='lat' dir='ltr'><strong>Et</strong></span> <span class='ocrx_word' id='word_1_479' title='bbox 2139 2975 2172 3047; x_wconf 91' lang='lat' dir='ltr'><strong>si</strong></span> <span class='ocrx_word' id='word_1_480' title='bbox 2180 2997 2250 3045; x_wconf 88' lang='lat' dir='ltr'><strong>ocu-</strong></span> 
     </span>
     <span class='ocr_line' id='line_1_76' title="bbox 1393 3066 2251 3165; baseline 0.009 -26"><span class='ocrx_word' id='word_1_481' title='bbox 1393 3066 1455 3140; x_wconf 88' lang='lat' dir='ltr'><strong>lus</strong></span> <span class='ocrx_word' id='word_1_482' title='bbox 1490 3079 1575 3143; x_wconf 88' lang='lat' dir='ltr'><strong>tuus</strong></span> <span class='ocrx_word' id='word_1_483' title='bbox 1611 3071 1850 3147; x_wconf 81' lang='lat' dir='ltr'><strong>scandalizat</strong></span> <span class='ocrx_word' id='word_1_484' title='bbox 1886 3073 1935 3165; x_wconf 88' lang='lat' dir='ltr'><strong>te,</strong></span> <span class='ocrx_word' id='word_1_485' title='bbox 1982 3105 2065 3152; x_wconf 87' lang='lat' dir='ltr'><strong>erue</strong></span> <span class='ocrx_word' id='word_1_486' title='bbox 2099 3103 2185 3163; x_wconf 88' lang='lat' dir='ltr'><strong>eum,</strong></span> <span class='ocrx_word' id='word_1_487' title='bbox 2225 3081 2251 3141; x_wconf 83' lang='lat' dir='ltr'><strong>tt</strong></span> 
     </span>
     <span class='ocr_line' id='line_1_77' title="bbox 1390 3169 2252 3271; baseline 0.003 -30"><span class='ocrx_word' id='word_1_488' title='bbox 1390 3169 1526 3271; x_wconf 85' lang='lat' dir='ltr'><strong>proiice</strong></span> <span class='ocrx_word' id='word_1_489' title='bbox 1561 3171 1631 3244; x_wconf 84' lang='lat' dir='ltr'><strong>obs</strong></span> <span class='ocrx_word' id='word_1_490' title='bbox 1659 3183 1710 3244; x_wconf 85' lang='lat' dir='ltr'><strong>te:</strong></span> <span class='ocrx_word' id='word_1_491' title='bbox 1748 3173 1882 3246; x_wconf 87' lang='lat' dir='ltr'><strong>bonum</strong></span> <span class='ocrx_word' id='word_1_492' title='bbox 1913 3189 1965 3249; x_wconf 87' lang='lat' dir='ltr'><strong>est</strong></span> <span class='ocrx_word' id='word_1_493' title='bbox 1996 3181 2070 3252; x_wconf 86' lang='lat' dir='ltr'><strong>tibi</strong></span> <span class='ocrx_word' id='word_1_494' title='bbox 2095 3205 2167 3252; x_wconf 88' lang='lat' dir='ltr'><strong>cum</strong></span> <span class='ocrx_word' id='word_1_495' title='bbox 2193 3195 2252 3244; x_wconf 85' lang='lat' dir='ltr'><strong>uno</strong></span> 
     </span>
     <span class='ocr_line' id='line_1_78' title="bbox 1393 3269 2253 3377; baseline -0.001 -35"><span class='ocrx_word' id='word_1_496' title='bbox 1393 3269 1497 3346; x_wconf 88' lang='lat' dir='ltr'><strong>oculo</strong></span> <span class='ocrx_word' id='word_1_497' title='bbox 1522 3272 1561 3344; x_wconf 87' lang='lat' dir='ltr'><strong>in</strong></span> <span class='ocrx_word' id='word_1_498' title='bbox 1585 3278 1698 3344; x_wconf 80' lang='lat' dir='ltr'><strong>vitam</strong></span> <span class='ocrx_word' id='word_1_499' title='bbox 1721 3274 1881 3361; x_wconf 87' lang='lat' dir='ltr'><strong>intrare,</strong></span> <span class='ocrx_word' id='word_1_500' title='bbox 1908 3304 2024 3377; x_wconf 77' lang='lat' dir='ltr'><strong>quam</strong></span> <span class='ocrx_word' id='word_1_501' title='bbox 2044 3277 2134 3354; x_wconf 82' lang='lat' dir='ltr'><strong>duos</strong></span> <span class='ocrx_word' id='word_1_502' title='bbox 2150 3273 2253 3350; x_wconf 85' lang='lat' dir='ltr'><strong>oculus</strong></span> 
     </span>
    </p>
   </div>
   <div class='ocr_carea' id='block_1_20' title="bbox 1391 3367 2283 3851">
    <p class='ocr_par' dir='ltr' id='par_1_20' title="bbox 1391 3367 2283 3851">
     <span class='ocr_line' id='line_1_79' title="bbox 1391 3367 2252 3474; baseline 0.008 -32"><span class='ocrx_word' id='word_1_503' title='bbox 1391 3367 1586 3446; x_wconf 77' lang='lat' dir='ltr'><strong>habentem</strong></span> <span class='ocrx_word' id='word_1_504' title='bbox 1609 3375 1710 3447; x_wconf 87' lang='lat' dir='ltr'><strong>mitti</strong></span> <span class='ocrx_word' id='word_1_505' title='bbox 1731 3378 1770 3447; x_wconf 89' lang='lat' dir='ltr'><strong>in</strong></span> <span class='ocrx_word' id='word_1_506' title='bbox 1792 3374 2001 3474; x_wconf 76' lang='lat' dir='ltr'><strong>geliennam</strong></span> <span class='ocrx_word' id='word_1_507' title='bbox 2027 3383 2045 3454; x_wconf 91' lang='lat' dir='ltr'><strong>i</strong></span> <span class='ocrx_word' id='word_1_508' title='bbox 2069 3384 2138 3457; x_wconf 67' lang='lat' dir='ltr'><strong>nis.</strong></span> <span class='ocrx_word' id='word_1_509' title='bbox 2194 3373 2228 3449; x_wconf 84' lang='lat' dir='ltr'><em>V</em></span> <span class='ocrx_word' id='word_1_510' title='bbox 2226 3372 2252 3441; x_wconf 80' lang='grc' dir='ltr'><strong>ί·</strong></span> 
     </span>
     <span class='ocr_line' id='line_1_80' title="bbox 1393 3409 2252 3582; baseline 0.009 -39"><span class='ocrx_word' id='word_1_511' title='bbox 1393 3466 1470 3544; x_wconf 85' lang='lat' dir='ltr'><strong>dete</strong></span> <span class='ocrx_word' id='word_1_512' title='bbox 1491 3498 1535 3546; x_wconf 89' lang='lat' dir='ltr'><strong>ne</strong></span> <span class='ocrx_word' id='word_1_513' title='bbox 1557 3475 1796 3550; x_wconf 87' lang='lat' dir='ltr'><strong>contemnatis</strong></span> <span class='ocrx_word' id='word_1_514' title='bbox 1821 3507 1933 3553; x_wconf 91' lang='lat' dir='ltr'><strong>unum</strong></span> <span class='ocrx_word' id='word_1_515' title='bbox 1956 3506 2006 3557; x_wconf 79' lang='lat' dir='ltr'><strong>ex</strong></span> <span class='ocrx_word' id='word_1_516' title='bbox 2029 3409 2090 3557; x_wconf 79' lang='lat' dir='ltr'><strong>lis</strong></span> <span class='ocrx_word' id='word_1_517' title='bbox 2109 3473 2252 3582; x_wconf 77' lang='lat' dir='ltr'><strong>pusillis.</strong></span> 
     </span>
     <span class='ocr_line' id='line_1_81' title="bbox 1392 3569 2283 3681; baseline 0.001 -37"><span class='ocrx_word' id='word_1_518' title='bbox 1392 3571 1493 3648; x_wconf 87' lang='lat' dir='ltr'><strong>Dico</strong></span> <span class='ocrx_word' id='word_1_519' title='bbox 1507 3577 1602 3647; x_wconf 88' lang='lat' dir='ltr'><strong>enim</strong></span> <span class='ocrx_word' id='word_1_520' title='bbox 1619 3575 1731 3663; x_wconf 82' lang='lat' dir='ltr'><strong>vobis,</strong></span> <span class='ocrx_word' id='word_1_521' title='bbox 1756 3579 1860 3679; x_wconf 84' lang='lat' dir='ltr'><strong>quod</strong></span> <span class='ocrx_word' id='word_1_522' title='bbox 1868 3569 2000 3681; x_wconf 83' lang='lat' dir='ltr'><strong>angeli</strong></span> <span class='ocrx_word' id='word_1_523' title='bbox 2009 3611 2128 3658; x_wconf 87' lang='lat' dir='ltr'><strong>eorum</strong></span> <span class='ocrx_word' id='word_1_524' title='bbox 2141 3581 2177 3654; x_wconf 88' lang='lat' dir='ltr'><strong>in</strong></span> <span class='ocrx_word' id='word_1_525' title='bbox 2190 3597 2251 3648; x_wconf 89' lang='lat' dir='ltr'><strong>coe·</strong></span> <span class='ocrx_word' id='word_1_526' title='bbox 2282 3621 2283 3630; x_wconf 17' lang='grc' dir='ltr'>ἢ</span> 
     </span>
     <span class='ocr_line' id='line_1_82' title="bbox 1393 3670 2283 3851; baseline 0.009 -104"><span class='ocrx_word' id='word_1_527' title='bbox 1393 3674 1443 3747; x_wconf 86' lang='lat' dir='ltr'><strong>lis</strong></span> <span class='ocrx_word' id='word_1_528' title='bbox 1467 3702 1607 3851; x_wconf 66' lang='lat' dir='ltr'><strong>selmper</strong></span> <span class='ocrx_word' id='word_1_529' title='bbox 1637 3670 1758 3752; x_wconf 86' lang='lat' dir='ltr'><strong>vident</strong></span> <span class='ocrx_word' id='word_1_530' title='bbox 1780 3683 1924 3784; x_wconf 78' lang='lat' dir='ltr'><strong>sacient</strong></span> <span class='ocrx_word' id='word_1_531' title='bbox 1940 3684 2065 3786; x_wconf 85' lang='lat' dir='ltr'><strong>putris</strong></span> <span class='ocrx_word' id='word_1_532' title='bbox 2085 3683 2168 3772; x_wconf 83' lang='lat' dir='ltr'><strong>mei,</strong></span> <span class='ocrx_word' id='word_1_533' title='bbox 2198 3672 2252 3778; x_wconf 73' lang='lat' dir='ltr'><strong>qul</strong></span> <span class='ocrx_word' id='word_1_534' title='bbox 2282 3731 2283 3750; x_wconf 64' lang='lat'><strong>,</strong></span> 
     </span>
     <span class='ocr_line' id='line_1_83' title="bbox 1391 3778 1628 3851; baseline 0 -2"><span class='ocrx_word' id='word_1_535' title='bbox 1391 3778 1628 3851; x_wconf 59' lang='lat' dir='ltr'><strong>mmmm</strong></span> 
     </span>
    </p>
   </div>
   <div class='ocr_carea' id='block_1_21' title="bbox 1340 3909 1869 4011">
    <p class='ocr_par' dir='ltr' id='par_1_21' title="bbox 1340 3909 1869 4011">
     <span class='ocr_line' id='line_1_84' title="bbox 1340 3909 1869 4011; baseline 0.019 -27"><span class='ocrx_word' id='word_1_536' title='bbox 1340 3909 1481 4011; x_wconf 88' lang='lat' dir='ltr'><strong>Septem</strong></span> <span class='ocrx_word' id='word_1_537' title='bbox 1493 3929 1578 3990; x_wconf 89' lang='lat' dir='ltr'><strong>sunt</strong></span> <span class='ocrx_word' id='word_1_538' title='bbox 1593 3916 1771 4010; x_wconf 88' lang='lat' dir='ltr'><strong>praecipui</strong></span> <span class='ocrx_word' id='word_1_539' title='bbox 1788 3921 1869 3993; x_wconf 83' lang='lat' dir='ltr'><strong>leci.</strong></span> 
     </span>
    </p>
   </div>
   <div class='ocr_carea' id='block_1_22' title="bbox 1443 4045 2283 5334">
    <p class='ocr_par' dir='ltr' id='par_1_22' title="bbox 1443 4045 2283 4245">
     <span class='ocr_line' id='line_1_85' title="bbox 1443 4045 2250 4146; baseline -0.004 -30"><span class='ocrx_word' id='word_1_540' title='bbox 1443 4045 1472 4122; x_wconf 85' lang='grc' dir='ltr'><strong>Ι.</strong></span> <span class='ocrx_word' id='word_1_541' title='bbox 1521 4045 1641 4118; x_wconf 87' lang='lat' dir='ltr'><strong>Error</strong></span> <span class='ocrx_word' id='word_1_542' title='bbox 1650 4057 1711 4118; x_wconf 76' lang='lat' dir='ltr'><strong>seit</strong></span> <span class='ocrx_word' id='word_1_543' title='bbox 1724 4061 1905 4142; x_wconf 88' lang='lat' dir='ltr'><strong>peccatum</strong></span> <span class='ocrx_word' id='word_1_544' title='bbox 1918 4047 2166 4146; x_wconf 78' lang='lat' dir='ltr'><strong>Apostolorum</strong></span> <span class='ocrx_word' id='word_1_545' title='bbox 2177 4067 2250 4119; x_wconf 89' lang='lat' dir='ltr'><strong>con·</strong></span> 
     </span>
     <span class='ocr_line' id='line_1_86' title="bbox 1493 4151 2283 4245; baseline 0.005 -25"><span class='ocrx_word' id='word_1_546' title='bbox 1493 4151 1776 4222; x_wconf 84' lang='lat' dir='ltr'><strong>tendentiumde</strong></span> <span class='ocrx_word' id='word_1_547' title='bbox 1791 4155 1958 4245; x_wconf 78' lang='lat' dir='ltr'><strong>primatu.</strong></span> <span class='ocrx_word' id='word_1_548' title='bbox 2019 4169 2029 4178; x_wconf 61' lang='lat'>⁰</span> <span class='ocrx_word' id='word_1_549' title='bbox 2282 4213 2283 4224; x_wconf 70' lang='grc'>,</span> 
     </span>
    </p>

    <p class='ocr_par' dir='ltr' id='par_1_23' title="bbox 1443 4246 2248 5334">
     <span class='ocr_line' id='line_1_87' title="bbox 1443 4246 2248 4342; baseline 0.009 -23"><span class='ocrx_word' id='word_1_550' title='bbox 1443 4246 1489 4321; x_wconf 74' lang='lat'><strong>11.</strong></span> <span class='ocrx_word' id='word_1_551' title='bbox 1540 4246 1783 4342; x_wconf 74' lang='lat' dir='ltr'><strong>Reprehensio</strong></span> <span class='ocrx_word' id='word_1_552' title='bbox 1819 4257 2050 4327; x_wconf 70' lang='lat' dir='ltr'><strong>calaminam</strong></span> <span class='ocrx_word' id='word_1_553' title='bbox 2079 4251 2124 4324; x_wconf 78' lang='lat' dir='ltr'><strong>ee</strong></span> <span class='ocrx_word' id='word_1_554' title='bbox 2148 4267 2248 4338; x_wconf 58' lang='lat' dir='ltr'><strong>rano,</strong></span> 
     </span>
     <span class='ocr_line' id='line_1_88' title="bbox 1497 4353 2247 4448; baseline 0 -28"><span class='ocrx_word' id='word_1_555' title='bbox 1497 4372 1587 4444; x_wconf 84' lang='lat' dir='ltr'><strong>quae</strong></span> <span class='ocrx_word' id='word_1_556' title='bbox 1608 4353 1774 4425; x_wconf 78' lang='lat' dir='ltr'><strong>oritmtur</strong></span> <span class='ocrx_word' id='word_1_557' title='bbox 1793 4357 1851 4427; x_wconf 84' lang='lat' dir='ltr'><strong>vel</strong></span> <span class='ocrx_word' id='word_1_558' title='bbox 1875 4367 1916 4428; x_wconf 74' lang='lat' dir='ltr'><strong>e&#39;t</strong></span> <span class='ocrx_word' id='word_1_559' title='bbox 1940 4359 2025 4428; x_wconf 74' lang='lat' dir='ltr'><strong>talea</strong></span> <span class='ocrx_word' id='word_1_560' title='bbox 2046 4353 2247 4448; x_wconf 65' lang='lat' dir='ltr'><strong>muraenae</strong></span> 
     </span>
     <span class='ocr_line' id='line_1_89' title="bbox 1494 4439 2247 4542; baseline -0.001 -20"><span class='ocrx_word' id='word_1_561' title='bbox 1494 4451 1819 4542; x_wconf 78' lang='lat' dir='ltr'><strong>deregnoChiistl,</strong></span> <span class='ocrx_word' id='word_1_562' title='bbox 1846 4457 2168 4532; x_wconf 71' lang='lat' dir='ltr'><strong>velexarnbitio&#39;ne.</strong></span> <span class='ocrx_word' id='word_1_563' title='bbox 2209 4439 2247 4514; x_wconf 68' lang='lat' dir='ltr'><strong>El</strong></span> 
     </span>
     <span class='ocr_line' id='line_1_90' title="bbox 1495 4543 2247 4640; baseline -0.004 -17"><span class='ocrx_word' id='word_1_564' title='bbox 1495 4578 1537 4623; x_wconf 85' lang='lat' dir='ltr'><strong>ex</strong></span> <span class='ocrx_word' id='word_1_565' title='bbox 1563 4551 1619 4623; x_wconf 88' lang='lat' dir='ltr'><strong>his</strong></span> <span class='ocrx_word' id='word_1_566' title='bbox 1641 4557 1891 4628; x_wconf 78' lang='lat' dir='ltr'><strong>certaminibus</strong></span> <span class='ocrx_word' id='word_1_567' title='bbox 1912 4562 2078 4628; x_wconf 83' lang='lat' dir='ltr'><strong>oriamur</strong></span> <span class='ocrx_word' id='word_1_568' title='bbox 2098 4543 2247 4640; x_wconf 75' lang='lat' dir='ltr'><strong>negletlltt</strong></span> 
     </span>
     <span class='ocr_line' id='line_1_91' title="bbox 1491 4643 2247 4745; baseline -0.004 -21"><span class='ocrx_word' id='word_1_569' title='bbox 1491 4657 1691 4741; x_wconf 88' lang='lat' dir='ltr'><strong>doctrinae,</strong></span> <span class='ocrx_word' id='word_1_570' title='bbox 1730 4653 1937 4745; x_wconf 87' lang='lat' dir='ltr'><strong>schismata,</strong></span> <span class='ocrx_word' id='word_1_571' title='bbox 1970 4657 2141 4737; x_wconf 83' lang='lat' dir='ltr'><strong>haereses,</strong></span> <span class='ocrx_word' id='word_1_572' title='bbox 2168 4643 2247 4721; x_wconf 65' lang='lat' dir='ltr'><strong>odite</strong></span> 
     </span>
     <span class='ocr_line' id='line_1_92' title="bbox 1491 4745 2244 4840; baseline -0.003 -14"><span class='ocrx_word' id='word_1_573' title='bbox 1491 4757 1604 4840; x_wconf 87' lang='lat' dir='ltr'><strong>bella,</strong></span> <span class='ocrx_word' id='word_1_574' title='bbox 1629 4770 1661 4826; x_wconf 89' lang='lat' dir='ltr'><strong>et</strong></span> <span class='ocrx_word' id='word_1_575' title='bbox 1687 4759 1864 4830; x_wconf 82' lang='lat' dir='ltr'><strong>vastitates</strong></span> <span class='ocrx_word' id='word_1_576' title='bbox 1883 4757 2129 4831; x_wconf 74' lang='lat' dir='ltr'><strong>Ecclesiastico.</strong></span> <span class='ocrx_word' id='word_1_577' title='bbox 2175 4745 2244 4816; x_wconf 67' lang='lat' dir='ltr'><strong>litt</strong></span> 
     </span>
     <span class='ocr_line' id='line_1_93' title="bbox 1494 4842 2244 4962; baseline -0.004 -34"><span class='ocrx_word' id='word_1_578' title='bbox 1494 4853 1657 4928; x_wconf 77' lang='lat' dir='ltr'><strong>Christus</strong></span> <span class='ocrx_word' id='word_1_579' title='bbox 1684 4871 1867 4952; x_wconf 81' lang='lat' dir='ltr'><strong>tantopere</strong></span> <span class='ocrx_word' id='word_1_580' title='bbox 1893 4842 2244 4962; x_wconf 60' lang='lat' dir='ltr'><strong>unanimitate</strong></span> 
     </span>
     <span class='ocr_line' id='line_1_94' title="bbox 1494 4946 2242 5044; baseline -0.009 -18"><span class='ocrx_word' id='word_1_581' title='bbox 1494 4959 1594 5044; x_wconf 88' lang='lat' dir='ltr'><strong>loco,</strong></span> <span class='ocrx_word' id='word_1_582' title='bbox 1618 4959 1760 5030; x_wconf 84' lang='lat' dir='ltr'><strong>intuens</strong></span> <span class='ocrx_word' id='word_1_583' title='bbox 1774 4973 1940 5034; x_wconf 84' lang='lat' dir='ltr'><strong>venturas</strong></span> <span class='ocrx_word' id='word_1_584' title='bbox 1954 4963 1992 5030; x_wconf 88' lang='lat' dir='ltr'><strong>iu</strong></span> <span class='ocrx_word' id='word_1_585' title='bbox 2006 4946 2184 5030; x_wconf 79' lang='lat' dir='ltr'><strong>Ecelttiartt</strong></span> <span class='ocrx_word' id='word_1_586' title='bbox 2196 4960 2242 5010; x_wconf 72' lang='lat'><strong>¹¹¹⁴</strong></span> 
     </span>
     <span class='ocr_line' id='line_1_95' title="bbox 1492 5055 2242 5149; baseline 0 -24"><span class='ocrx_word' id='word_1_587' title='bbox 1492 5067 1613 5149; x_wconf 79' lang='lat' dir='ltr'><strong>g‘e‘ntes</strong></span> <span class='ocrx_word' id='word_1_588' title='bbox 1640 5067 1676 5130; x_wconf 88' lang='lat' dir='ltr'><strong>et</strong></span> <span class='ocrx_word' id='word_1_589' title='bbox 1699 5057 1894 5135; x_wconf 80' lang='lat' dir='ltr'><strong>horribiles</strong></span> <span class='ocrx_word' id='word_1_590' title='bbox 1922 5060 2125 5137; x_wconf 82' lang='lat' dir='ltr'><strong>discordias,</strong></span> <span class='ocrx_word' id='word_1_591' title='bbox 2168 5055 2242 5139; x_wconf 65' lang='lat'>11⁰⁸!</span> 
     </span>
     <span class='ocr_line' id='line_1_96' title="bbox 1492 5156 2241 5250; baseline -0.013 -22"><span class='ocrx_word' id='word_1_592' title='bbox 1492 5161 1723 5250; x_wconf 76' lang='lat' dir='ltr'><strong>dissipatores</strong></span> <span class='ocrx_word' id='word_1_593' title='bbox 1750 5163 1835 5238; x_wconf 75' lang='lat' dir='ltr'><strong>ioht</strong></span> <span class='ocrx_word' id='word_1_594' title='bbox 1857 5165 2031 5238; x_wconf 71' lang='lat' dir='ltr'><strong>Ecclesiae</strong></span> <span class='ocrx_word' id='word_1_595' title='bbox 2051 5167 2085 5230; x_wconf 84' lang='lat' dir='ltr'><strong>et</strong></span> <span class='ocrx_word' id='word_1_596' title='bbox 2107 5156 2241 5224; x_wconf 71' lang='lat' dir='ltr'><strong>laeuus</strong></span> 
     </span>
     <span class='ocr_line' id='line_1_97' title="bbox 1494 5263 1681 5334; baseline 0.016 -3"><span class='ocrx_word' id='word_1_597' title='bbox 1494 5263 1681 5334; x_wconf 83' lang='lat' dir='ltr'><strong>vastitates.</strong></span> 
     </span>
    </p>
   </div>
   <div class='ocr_carea' id='block_1_23' title="bbox 0 0 2316 5812">
    <p class='ocr_par' dir='ltr' id='par_1_24' title="bbox 0 0 2316 5812">
     <span class='ocr_line' id='line_1_98' title="bbox 0 0 2316 5812; baseline 0 0"><span class='ocrx_word' id='word_1_598' title='bbox 0 0 2316 5812; x_wconf 95' lang='lat' dir='ltr'><strong> </strong></span> 
     </span>
    </p>
   </div>
  </div>
 </body>
</html>
