4590 5808
850 179 975 260 amn
1003 170 1122 251 usn
1148 165 1361 246 somam
1387 161 1691 244 exacuam.

602 361 688 416 Alta
712 350 882 412 obtectio.

751 505 759 550 :
786 473 953 546 Attamen
979 490 1042 560 ego
1067 491 1144 538 sum
1162 489 1243 557 psc7

205 691 211 698 ,
254 617 363 678 sator.
415 597 455 669 Id
473 607 566 666 certe
580 587 780 677 negandum
795 599 870 648 non
887 587 957 645 cst:
983 573 1046 641 scd
1062 591 1142 640 cum
1158 590 1245 638 con·

255 729 377 778 versus
402 702 447 772 ad
471 681 603 770 Deum,
638 711 700 757 seu
722 705 828 772 agens
852 674 1107 770 poenitentiam
1132 667 1246 740 credis

255 823 292 896 et
314 802 506 900 acquiescis
521 798 560 864 in
577 789 653 862 Deo
673 785 803 860 fiducia
822 777 1051 862 Mediatoris,
1075 773 1147 842 iam
1164 794 1247 862 pec-

258 922 333 982 cata
364 923 422 978 tua
447 905 486 971 in
508 894 704 966 Dominum
730 885 847 957 Iesum
870 877 1053 952 Christum
1077 875 1247 946 translata

259 1026 359 1092 sunt,
385 1021 418 1076 et
433 1006 533 1074 Deus
551 995 647 1080 vult,
672 1004 714 1062 ut
729 991 774 1058 ad
791 988 906 1078 ipsum
924 982 1087 1063 accedas,
1110 991 1145 1046 et
1159 997 1247 1046 con·

258 1113 370 1202 fugias
393 1110 544 1176 ducente
565 1099 657 1180 lilio,
683 1117 723 1163 ac
745 1100 919 1179 exspectes
936 1097 1043 1176 atquc
1056 1094 1153 1172 petas
1168 1099 1250 1168 gra-

158 1241 160 1246 ’
259 1216 386 1285 tuitam
412 1203 676 1278 remissionem,
717 1207 752 1263 ct
772 1188 944 1262 auxilium
968 1184 1152 1262 divinum,
1188 1201 1251 1270 per

260 1329 296 1386 et
311 1302 660 1408 propterChristum,
685 1317 761 1366 non
775 1304 922 1385 propter
934 1285 1115 1382 propriam
1131 1280 1251 1372 digni-

261 1430 387 1500 tatem,
414 1423 476 1482 aut
490 1422 569 1479 tuas
584 1403 750 1482 virtutes,
774 1407 837 1465 aut
851 1406 928 1463 tuas
944 1390 1112 1460 actiones.

366 1545 439 1618 Nec
455 1538 665 1614 deterrearis
680 1537 726 1607 ab
746 1530 972 1602 invocatione
997 1535 1142 1616 propter
1158 1517 1254 1589 mul-

262 1650 453 1724 titudinem
476 1655 698 1738 pcccatorum
717 1651 752 1707 et
769 1629 1049 1722 magnitudinem
1067 1621 1255 1694 infirmita-

263 1756 309 1826 tis
334 1766 430 1823 tuae:
472 1748 532 1817 sed
566 1741 756 1837 proponito
785 1735 853 1807 tibi
885 1753 1105 1824 expressum,
1141 1723 1257 1792 mani-

264 1858 391 1926 festum
402 1867 435 1922 et
443 1848 644 1922 universale
657 1841 865 1912 mandatum
874 1831 1022 1916 Christi,
1038 1820 1170 1899 M'atth.
1183 1825 1255 1894 11.:

266 1956 395 2026 Venite
425 1955 468 2023 ad
501 1974 556 2018 me
583 1961 724 2026 omnes,
762 1941 825 2036 qui
855 1933 1026 2006 laboratis
1055 1945 1088 2001 et
1118 1925 1258 2017 onerati

267 2059 369 2143 estis,
396 2071 430 2126 et
443 2078 506 2144 ego
524 2050 677 2121 reficiam
694 2067 769 2115 vos.
823 2040 896 2110 Nec
918 2051 1120 2124 mergamur
1143 2030 1183 2097 in
1203 2040 1258 2098 te-

267 2162 414 2248 nebras,
448 2169 510 2225 aut
539 2151 790 2244 perturbemur
818 2141 916 2212 falsis
948 2130 1260 2229 speculationibus,

140 2350 144 2358 Ι
171 2272 179 2288 ’
268 2277 303 2335 et
319 2257 561 2331 deliramentis
576 2251 884 2342 imaginationum,
907 2241 951 2311 de
966 2234 1259 2332 particularitate:

269 2364 371 2461 quasi
391 2384 467 2442 non
489 2358 664 2448 pertineat
687 2352 730 2421 ad
757 2370 824 2417 nos
844 2343 933 2414 haec
957 2337 1171 2419 consolatio,
1195 2356 1260 2402 nec

269 2487 337 2536 nos
353 2465 463 2532 simus
477 2460 516 2527 in
533 2478 656 2528 eorum
677 2471 845 2530 numero,
877 2443 1008 2538 quibus
1030 2437 1135 2508 offert
1154 2429 1262 2505 Chri-

270 2583 345 2639 stus
359 2560 637 2651 misericordiam
644 2607 658 2641 ,
674 2565 740 2624 seu'
750 2549 909 2642 gratiam,
925 2537 1261 2614 etconsolationem.

272 2668 343 2742 Sed
361 2667 551 2756 diligenter
576 2653 781 2730 memineris
800 2674 841 2720 ac
863 2647 989 2736 infigas
1005 2641 1124 2712 animo
1148 2636 1262 2730 parti·

273 2771 390 2843 culam
412 2765 652 2837 universalem
675 2749 834 2838 Omnes,
869 2773 959 2843 quac
983 2741 1184 2835 saepissime
1207 2762 1264 2808 re-

275 2874 384 2968 petita
401 2870 505 2940 estin
527 2863 761 2938 concionibus
777 2852 928 2932 Christi,
953 2841 1214 2937 Prophetarum
1230 2852 1266 2908 et

274 2972 553 3069 Apostolorum,
580 2959 880 3060 quemadmodum
896 2951 1017 3021 eadem
1035 2949 1073 3016 in
1085 2939 1263 3035 Propheta

235 3075 237 3084 ¹
274 3073 354 3147 loel
367 3075 481 3164 capite
498 3075 534 3144 2.
549 3067 710 3162 ponitur:
738 3059 866 3130 Omnis
884 3055 945 3148 qui
970 3047 1110 3126 invocat
1134 3066 1265 3114 nomen

276 3177 444 3261 Domini,
471 3176 590 3246 salvus
610 3170 688 3241 erit.
740 3163 830 3233 Item
847 3151 997 3228 lohaun.
1015 3157 1067 3226 δή
1095 3149 1154 3220 Sic
1170 3145 1266 3216 Deus

278 3278 403 3354 dilexit
418 3279 612 3358 mundum,
634 3284 675 3342 ut
688 3266 822 3339 Filium
837 3283 939 3331 strum
964 3251 1188 3343 unigenitum
1205 3248 1267 3316 de-

280 3380 393 3462 derit,
421 3377 625 3458 momnis,
655 3371 718 3468 qui
733 3367 845 3438 credit
860 3365 898 3432 in
918 3383 1018 3443 eum,
1042 3377 1117 3423 nun
1138 3362 1269 3443 pereat,

280 3483 341 3555 sed
357 3475 487 3554 habeat
500 3481 608 3551 vitam
625 3492 813 3546 aeternam.
849 3463 938 3536 Item
950 3457 1057 3532 Rom.
1070 3455 1146 3526 10.:
1170 3449 1267 3521 Idem

278 3581 458 3658 Dominus
481 3581 664 3663 omnium,
689 3576 788 3645 dives
810 3570 848 3638 in
872 3579 994 3636 omnes
1017 3559 1080 3653 qui
1101 3557 1270 3625 invocant

282 3709 381 3761 eum:
417 3700 452 3755 et
471 3685 577 3781 paulo
600 3695 681 3752 ante
705 3671 899 3766 praecedit:
921 3661 1054 3735 Omnis
1076 3659 1138 3752 qui
1160 3655 1271 3726 credit

282 3797 323 3866 in
339 3813 443 3874 cum,
468 3810 544 3858 non
565 3779 814 3854 confundetur.
865 3767 1005 3838 Horum
1027 3755 1272 3831 manifestissi-

190 3927 193 3936 ·
283 3916 426 3970 morum
455 3885 741 3970 testimoniorum
772 3893 920 3964 magnus
948 3878 1003 3940 est
1035 3883 1205 3933 numerus
1233 3858 1272 3928 in

287 3996 482 4088 Scriptura,
504 4013 594 4084 quae
609 3985 754 4080 quidem
769 3975 925 4050 studiose
942 3967 1120 4056 colligere,
1142 3971 1274 4031 attente

287 4089 520 4174 considerare,
536 4107 571 4163 ct
589 4087 778 4179 diligenter
793 4073 985 4150 memoriae
1002 4069 1148 4158 infigere
1163 4066 1275 4144 decet,

165 4257 169 4265 ,
289 4214 330 4271 ut
346 4197 402 4269 his
416 4191 678 4287 universalibus
692 4184 795 4256 dictis
810 4178 981 4250 excitetur
996 4165 1031 4242 et
1047 4169 1275 4240 confirmetur

286 4303 377 4370 xtides
390 4314 524 4382 vestra,
549 4309 583 4366 et
598 4290 714 4363 sciatis
727 4309 791 4356 vos
809 4305 881 4354 esse
898 4276 1056 4348 membra
1071 4267 1179 4341 huius
1196 4289 1276 4337 coe-

281 4419 367 4488 tos,
392 4414 427 4470 ct
441 4391 696 4489 comprehendi
711 4390 751 4458 in
763 4381 833 4456 hoc
848 4384 925 4475 ipso
941 4399 1091 4448 numero
1106 4372 1289 4456 invocang

291 4505 401 4589 tium,
426 4524 515 4596 quos
528 4497 626 4578 Deus
640 4505 736 4565 certo
755 4489 833 4559 vult
854 4481 1020 4555 exaudire
1038 4501 1078 4548 ac
1092 4472 1276 4566 respicere.

394 4637 469 4717 Iam
503 4635 707 4706 accedamus
739 4625 782 4694 ad
813 4616 994 4713 sequentia
1025 4613 1153 4691 verba,
1189 4628 1278 4702 quae

292 4743 480 4820 continent
506 4732 614 4807 huius
634 4723 881 4825 promissionis
912 4714 1181 4807 explicationem
1215 4733 1277 4778 seu

292 4841 565 4924 declarationem
581 4831 821 4908 dulcissimam
838 4836 873 4894 et
888 4817 1128 4913 plenissimam
1152 4834 1279 4883 conso·

293 4947 450 5024 lationis.
501 4938 678 5012 Dominus
705 4932 805 5004 addit
833 4922 1038 5019 parabolam
1069 4940 1131 4988 seu
1151 4912 1279 4984 simili-

294 5054 469 5126 tudinem.

397 5165 443 5237 Ss'
459 5157 612 5258 filiolos
634 5152 722 5254 petis
746 5139 1007 5245 aparentibus
1025 5137 1195 5238 frustum
1217 5115 1281 5201 seu

289 5273 469 5372 fragmen
482 5265 614 5363 panis,
640 5249 768 5353 ecquid
780 5259 885 5348 pater
905 5253 971 5318 ool
987 5250 1104 5314 nsoter
1119 5229 1280 5336 lapidem

297 5375 330 5447 si
349 5365 481 5442 dabis?
506 5375 567 5438 stc.

2198 165 2259 236 'lid

1394 341 1501 418 Scitis
1512 352 1648 428 autem,
1673 361 1780 434 quam
1797 338 1844 409 sit
1861 357 1966 408 verus
1981 348 2016 408 ct
2032 336 2155 408 ardens
2166 357 2260 416 amor,

1294 470 1402 544 quam
1419 443 1536 518 dulcis
1552 456 1589 515 ct
1601 465 1761 534 expressa
1777 453 1894 531 storge
1919 440 1959 508 in
1977 439 2174 530 pareatibus
2194 459 2261 527 erga

1294 566 1419 634 natos,
1445 550 1534 618 adeo
1550 559 1591 616 ut
1608 544 1772 628 infame,
1798 543 1953 622 morbis,
1977 551 2081 632 etque
2104 539 2261 610 calamita-

1295 655 1391 725 tibus
1407 651 1604 720 libcrotum
1620 658 1720 739 pater
1736 669 1777 716 ac
1799 658 1911 716 mater
1938 643 2092 714 sentiant
2114 641 2263 729 ingentes,

1295 751 1545 828 acerbissimos
1570 761 1606 819 et
1629 747 1906 819 inaestimabiles
1931 743 2045 816 animi
2067 743 2213 826 dolores,
2235 743 2264 812 id

1297 858 1395 953 quod
1422 851 1639 946 experientia
1666 848 1706 919 in
1729 848 1895 941 plurimis
1915 844 2121 919 bominibus
2141 855 2265 914 testatur

1298 974 1404 1053 atque
1416 955 1613 1028 confirmat.
1664 950 1719 1025 Ac
1734 951 1813 1022 vult
1826 946 1925 1022 Deus
1946 950 2053 1018 corda
2074 958 2264 1018 nostratem

1298 1062 1441 1134 acribus
1456 1055 1623 1127 dolorum
1640 1053 1795 1124 stimulis
1810 1050 2005 1124 excruciari
2029 1062 2167 1140 propter
2190 1047 2265 1116 inic-

1300 1163 1468 1235 licitatem
1485 1159 1703 1241 liberorum,
1725 1155 1889 1248 ipsasque
1902 1168 2036 1242 storgas
2051 1152 2130 1222 ideo
2143 1135 2281 1219 naturae

1301 1264 1491 1338 hominurn
1514 1257 1709 1351 impressit,
1740 1269 1781 1328 ut
1803 1257 1876 1328 sint
1902 1255 2058 1326 illustres
2089 1273 2267 1322 commone·

1286 1367 1474 1460 ¹factiones
1498 1364 1543 1431 de
1568 1363 1741 1430 immenso
1765 1382 1885 1428 amore
1912 1353 2180 1428 aeterni·Patris
2203 1372 2267 1438 erga

1303 1470 1438 1542 Filium
1445 1464 1642 1536 Dominum
1656 1459 1942 1532 nostrumlesum
1951 1453 2141 1536 Christum,
2158 1468 2191 1526 et
2202 1474 2267 1540 erga

1305 1595 1371 1644 nos
1385 1570 1426 1644 in
1443 1566 1591 1658 gratiam
1606 1575 1765 1654 receptos
1781 1574 1927 1654 propter
1941 1557 2087 1630 Filium.
2182 1605 2191 1623 .

1407 1670 1460 1741 lta
1476 1665 1653 1740 Dominus
1667 1661 1727 1734 hic
1741 1667 1856 1736 utitur
1872 1661 2041 1754 parabola
2058 1670 2167 1730 sumta
2181 1654 2267 1724 asin-

1306 1774 1422 1867 gulari
1435 1785 1471 1842 ct
1485 1767 1625 1840 ardenti
1639 1790 1758 1838 amore
1776 1789 1816 1836 ac
1837 1762 2086 1836 benevolentia
2110 1771 2265 1852 parentum

1307 1900 1388 1968 erga
1419 1873 1617 1944 sobolemz'
1644 1882 1685 1940 ut
1713 1867 1910 1957 cogitemus
1940 1863 2058 1934 simile
2092 1858 2267 1930 incendium

1307 1977 1440 2050 amoris
1453 1975 1494 2044 in
1507 1972 1584 2043 Deo
1602 1993 1677 2041 esse
1694 1992 1775 2059 erga
1789 1993 1855 2040 nos
1870 1963 2047 2038 homines.
2098 1962 2176 2044 Sed,
2198 1952 2269 2050 proh

1308 2083 1449 2165 dolor,
1466 2086 1638 2170 quantum
1674 2074 1805 2143 absunt
1835 2073 1881 2142 ab
1910 2069 2066 2156 imagine
2096 2062 2267 2136 dulcissima

1309 2197 1451 2254 nostrae
1471 2180 1516 2248 de
1536 2173 1614 2246 Deo
1646 2171 1894 2264 cogitationes!
1932 2171 1996 2264 qui
2020 2175 2100 2239 tum
2123 2163 2281 2236 cernimus

1310 2279 1595 2363 immunditiem,
1627 2275 1807 2360 miserias,
1831 2287 1867 2345 et
1888 2267 2030 2364 peccati
2050 2285 2182 2350 nostra,
2202 2285 2269 2330 con-

1311 2388 1414 2459 tinuo
1444 2379 1720 2454 ratiocinamurt
1753 2399 1820 2446 nos
1849 2388 2037 2466 propterea
2067 2395 2131 2441 nec
2159 2359 2268 2456 respici,

1311 2501 1377 2558 ne'c
1401 2508 1476 2556 esse
1497 2505 1601 2553 curae
1622 2478 1718 2564 Deo,
1744 2475 1803 2548 sed
1829 2480 1986 2548 desertos
2012 2487 2046 2546 ct
2065 2473 2221 2550 abiectos,
2243 2463 2270 2528 io

1313 2586 1515 2664 aerumnis,
1547 2593 1719 2674 egestate,
1752 2577 2078 2672 persecutionibus,
2108 2562 2270 2662 ignominia

1314 2715 1377 2762 seu
1394 2685 1563 2769 infamia,
1587 2684 1628 2753 in
1643 2683 1720 2776 ipsa
1742 2682 1898 2774 denique
1912 2692 2027 2750 morte
2042 2687 2199 2770 perpetuo
2212 2687 2270 2734 ver-

1314 2793 1406 2877 sari,
1436 2786 1582 2859 haerere
1605 2809 1645 2855 ac
1673 2784 1931 2856 co'utabcsccre.
1993 2778 2101 2870 Quod
2123 2785 2205 2846 certe
2224 2788 2269 2836 nt·

1316 2915 1493 2990 quaquam
1519 2889 1681 2972 videtur,
1706 2899 1748 2959 ut
1769 2896 1934 2977 apparet,
1964 2883 2105 2972 signum
2126 2899 2182 2948 seu
2198 2865 2270 2942 testi·

1314 2996 1477 3067 monium
1500 3013 1574 3060 esse
1595 2988 1671 3060 veri
1694 3002 1731 3062 et
1752 2985 1893 3081 paterni
1914 2985 2050 3060 amoris
2068 2984 2106 3053 in
2126 2976 2193 3050 Deo
2213 2988 2281 3056 erto

1316 3119 1393 3170 nos.

1419 3193 1499 3268 Etsi
1513 3207 1630 3265 autem
1648 3189 1821 3283 singulari
1838 3188 1988 3260 consilio
2003 3185 2099 3258 Deus
2113 3181 2182 3252 iult
2198 3193 2281 3246 suam

1318 3303 1464 3373 electam
1472 3294 1665 3369 Ecclesiam
1680 3295 1721 3364 in
1737 3288 1805 3363 hac
1822 3292 1895 3361 vita
1909 3290 2102 3362 subiectam
2118 3259 2281 3356 essecrucis

1319 3411 1363 3475 ac'
1377 3401 1455 3472 vult
1471 3399 1555 3489 vpios
1578 3396 1732 3468 exerceri
1753 3393 2025 3465 afflictionibus:
2052 3405 2164 3460 tamen
2183 3395 2281 3452 atvs-1

1320 3505 1501 3576 rissimum
1517 3515 1552 3570 et
1567 3513 1718 3592 utraque
1734 3519 1845 3566 manu
1867 3518 1907 3564 ac
1929 3493 2050 3564 verius
2072 3505 2142 3562 toto
2164 3493 2272 3576 pecore

1322 3606 1517 3679 tenendum
1535 3613 1605 3682 est,
1632 3601 1726 3695 quod
1741 3589 1832 3691 'vere
1854 3620 1895 3665 ac
1916 3608 2061 3685 paterne
2086 3615 2147 3661 nos
2168 3583 2272 3668 diligat.

1323 3707 1623 3803 quemadmodum
1647 3701 1752 3774 toties
1775 3699 1849 3792 ipse
1865 3696 1980 3768 Filius
2000 3696 2070 3767 Dei
2090 3701 2219 3765 testatur
2233 3679 2281 3748 Ιο-1

1323 3808 1434 3881 haun.
1452 3808 1506 3881 5.:
1543 3804 1603 3877 Sic
1624 3800 1723 3875 Deus
1744 3801 1868 3872 dilexit
1889 3799 2085 3877 mundum,
2111 3807 2150 3866 ut
2167 3784 2281 3864 Filium,

1325 3936 1428 3985 suum
1444 3908 1667 3998 unigenitum
1682 3903 1838 3987 dederit,
1863 3915 1929 3971 etc.
1972 3903 2060 3972 Item
2075 3879 2272 3967 Iohann.14·²

1325 4016 1366 4090 Si
1389 4013 1471 4107 quis
1493 4009 1611 4099 diligit
1633 4032 1710 4094 me,
1743 4025 1922 4076 sermones
1951 4023 2055 4092 meos,
2076 3992 2228 4076 servabit,
2251 3993 2281 4054 ⁰1}

1326 4117 1433 4188 Pater
1447 4135 1546 4184 meus
1569 4111 1687 4200 diligit
1703 4131 1806 4192 eum,
1827 4120 1861 4177 et
1884 4089 2067 4174 veniemus
2089 4102 2131 4170 ad
2152 4114 2233 4171 eum,
2251 4091 2281 4147 tl}

1327 4217 1548 4290 mansionem
1562 4215 1658 4304 apud
1669 4235 1749 4281 eum
1765 4208 1944 4280 faciemus.
1974 4204 2062 4278 Item
2074 4183 2281 4273 lohannttr

1328 4316 1558 4393 Manifestavi
1574 4315 1625 4385 eis
1642 4336 1773 4385 nomen
1789 4323 1909 4394 tuum,
1935 4322 1969 4380 et
1985 4305 2099 4398 porro
2114 4313 2221 4370 notum
2237 4289 2273 4354 ft·

1329 4425 1431 4507 ciam,
1457 4434 1497 4490 ut
1514 4416 1657 4488 dilectio
1673 4430 1746 4498 tua,
1768 4437 1837 4507 qua
1852 4435 1909 4481 me
1926 4408 2056 4499 diligis,
2082 4405 2127 4474 sit
2141 4396 2236 4472 ineis,
2251 4395 2274 4451 ²¹

1329 4549 1392 4616 ego
1409 4523 1520 4593 ineis.
1573 4517 1669 4588 Ilaec
1688 4531 1738 4586 est
1753 4513 1911 4607 profecto
1927 4513 2035 4598 seria,
2060 4509 2180 4578 ardens
2192 4509 2218 4566 st
2230 4488 2281 4558 td*

1329 4626 1491 4698 miranda
1521 4620 1694 4715 precatio,
1732 4641 1838 4712 quam
1867 4612 2045 4685 Dominus
2073 4620 2184 4678 noster
2205 4599 2281 4664 lesus

1330 4727 1511 4813 Christus,
1540 4726 1579 4796 in
1600 4745 1712 4813 agone
1733 4717 1839 4813 paulo
1859 4731 1941 4788 ante
1969 4710 2237 4793 crucifixionem,¹
2251 4697 2274 4753 tl

1330 4825 1559 4913 sacrificium,
1586 4851 1657 4920 quo
1672 4820 1824 4916 placavit
1838 4820 1928 4889 iram
1941 4816 2057 4888 Patris
2077 4804 2215 4884 aeterni,
2235 4812 2273 4862 rt

1331 4935 1462 5020 citavit.
1514 4929 1610 5002 Petit
1633 4939 1770 5010 autem,
1799 4936 1838 4992 ut
1861 4913 2034 4991 immensa
2052 4911 2198 4987 dilectio,
2225 4909 2273 4986 (11¹³

1331 5035 1438 5108 Pater
1451 5047 1614 5104 aeternus
1628 5027 1760 5098 Filium
1778 5037 2004 5094 coaeternum
2029 5015 2156 5104 diligit,
2179 5007 2274 5073 in1¹⁰·

1332 5139 1389 5209 bis
1409 5159 1552 5232 quoque
1573 5133 1631 5205 sit.
1690 5123 1791 5217 Qua'e
1813 5137 1927 5217 potest
1950 5119 2127 5215 patefactio
2149 5087 2275 5202 dulciori

1333 5265 1423 5335 quae
1446 5251 1561 5331 potest
1588 5231 1763 5303 illustrior
1791 5228 1938 5317 cogitari
1960 5215 2156 5314 significatio
2178 5213 2274 5306 summ

1333 5343 1464 5412 amoris
1481 5362 1562 5430 erga
1579 5334 1668 5406 nos?
1694 5355 1800 5427 quam
1819 5325 1903 5400 baec
1918 5312 2189 5400 commemoratio
2197 5295 2274 5376 Chss·

1574 5629 1582 5662 Ι
