4590 5808
173 191 175 196 ,
256 131 330 204 ιιι
590 105 606 116 “
850 118 976 195 enin.
1003 117 1120 200 nnn.
1145 115 1355 236 scatens
1382 95 1703 199 uxecnrrcsss·
2193 127 2253 200 ιιι

258 307 374 376 Adam
400 313 434 371 et
454 293 566 370 Evam
594 297 804 377 recitantur,
838 294 950 376 Abel,
976 290 1082 380 Seth,
1108 289 1274 380 Enoch!
1296 295 1418 366 missio
1433 312 1655 388 peecatorum
1674 309 1812 372 tantum
1829 311 1976 390 propter
1996 293 2089 370 hunc
2109 297 2255 372 liberato·

258 401 383 489 Noah,
415 401 518 483 Sem,
553 395 734 472 Abraham
757 411 821 472 etc.
886 395 999 469 Multi
1021 399 1157 470 abiecta
1180 379 1273 468 hac
1296 422 1370 466 rem
1387 400 1520 490 populo
1540 399 1648 471 lsrael
1670 421 1881 492 promissum
1898 401 2126 490 contingeret,
2158 405 2255 496 quod·

258 505 494 600 promissione
517 527 557 572 ac
578 503 665 585 fide,
699 501 744 570 ab
766 495 923 570 Ecclesia
947 521 983 568 se
1007 500 1248 584 seiunxerunt,
1296 523 1365 593 qne
1387 501 1431 569 ad
1455 495 1551 572 hunc
1577 505 1810 574 redemtorem
1831 501 1901 571 fide
1921 503 2203 594 confugiendum,
2229 517 2256 574 et

259 624 301 679 ut
314 607 404 678 Cam
422 620 458 677 et
471 605 533 674 aln
549 615 625 694 post
642 625 758 692 ipsum
780 600 1073 687 innumerabiles,
1099 627 1138 672 ac
1152 601 1246 672 mul
1295 595 1355 671 hic
1378 626 1473 672 unns
1490 599 1588 674 Deus
1600 605 1770 696 populo
1787 601 1895 674 Israel
1917 605 2121 697 patefactus,
2145 627 2257 724 cognu-

258 712 375 781 titudo
390 703 542 779 Ethnica
564 717 673 774 tetros
687 706 825 774 furores
841 704 1083 775 idololatricos
1098 704 1247 774 commi·
1296 705 1446 774 scendus
1461 718 1494 773 et
1510 706 1749 788 invocandus,
1775 719 1809 776 et
1824 707 1989 778 voluntas
2003 702 2108 778 huius
2122 732 2187 776 verr
2179 705 2287 779 Ilei

259 814 349 883 nlsci
366 811 501 901 coepit,
527 819 561 877 et
575 829 614 874 ιιι
628 806 699 876 vita
715 805 974 906 turpitudinem
989 819 1114 877 tetram
1130 806 1246 900 palam
1297 827 1338 874 cx
1360 801 1619 897 Prophetarum
1644 831 1730 878 voce
1751 808 1919 878 discenda
1944 823 1979 880 et
2002 812 2189 903 quaerenda
2210 809 2260 892 sit,

260 914 1250 984 exercuit..
1296 921 1331 978 et
1349 931 1424 978 non
1448 908 1536 981 alibi
1557 924 1623 984 etc.
1677 908 1776 978 Talis
1796 909 1867 980 fuit
1888 923 1923 981 et
1942 905 2186 992 hiccenturio,
2208 909 2287 1004 quit

298 1013 550 1130 Postquam
568 1033 651 1080 vero
665 1011 826 1103 politiam
841 1007 950 1080 lsrael
961 1009 1085 1080 Deus
1075 1031 1245 1078 immensa
1296 1010 1567 1100 promissionem
1591 1023 1685 1082 recle
1717 1010 1893 1083 intellexit
1921 1037 1962 1083 ac
1993 1014 2133 1094 didicit,
2169 1014 2220 1080 vel
2244 1033 2259 1080 a

258 1115 417 1186 bonitate
433 1113 633 1196 constituit
659 1112 766 1182 simul
782 1107 849 1181 hoc
865 1133 1083 1182 severissime
1101 1133 1245 1202 praece-
1298 1108 1391 1180 lairo
1413 1107 1705 1208 Archisynagogo
1731 1113 1788 1183 sui
1813 1113 1957 1208 oppidi,
1994 1116 2052 1184 vel
2074 1139 2095 1185 a
2118 1109 2259 1204 losepho,

209 1259 215 1272 ·
257 1217 331 1308 pit,
356 1232 396 1285 ut
412 1217 456 1284 de
470 1228 622 1284 venturo
639 1214 830 1286 liberatore
844 1207 994 1284 humans
1017 1207 1155 1331 generis
1179 1214 1244 1282 do-
1296 1213 1354 1281 vcl
1376 1214 1421 1283 ab
1442 1209 1571 1285 horum
1596 1215 1849 1300 auditoribus,
1874 1217 1961 1286 viris
1984 1217 2111 1286 sanctis
2134 1230 2166 1286 ct
2186 1227 2261 1284 recte

259 1332 406 1390 ceretur.
458 1313 507 1388 Et
529 1339 733 1410 quanquam
754 1315 945 1386 sacrificia
946 1329 981 1387 et
1002 1314 1091 1386 ritus
1115 1314 1246 1385 multos
1295 1313 1480 1388 institutis.
1543 1311 1598 1386 Ac
1619 1317 1784 1406 intelligit
1807 1318 1988 1400 centurio,
2021 1317 2181 1388 Messiam
2202 1337 2261 1384 esse

257 1421 433 1502 instituit,
467 1432 586 1489 tamen
609 1441 671 1486 sua
695 1441 780 1488 voce
803 1418 1014 1502 declaravit,
1039 1417 1160 1488 omnia
1183 1417 1244 1486 illa
1295 1415 1409 1485 lilium
1425 1414 1512 1498 Dei,
1539 1443 1645 1511 quem
1661 1419 1726 1488 scit
1746 1431 1937 1489 ventnmm
1959 1420 2005 1489 ad
2026 1415 2111 1502 hoc,
2145 1432 2182 1488 ut
2196 1441 2262 1508 pec

169 1593 178 1604 ,
256 1535 396 1592 tantum
427 1505 525 1609 signa
550 1543 624 1589 esse
654 1533 795 1589 externa
827 1533 996 1590 venturae
1024 1519 1245 1589 liberationis
1296 1533 1414 1589 catum
1437 1533 1472 1588 et
1492 1534 1642 1590 mortem
1667 1523 1844 1600 destruat,
1874 1535 1908 1591 et
1928 1520 2098 1593 iustitiam
2115 1547 2152 1590 ac
2171 1521 2287 1588 vitam

256 1648 321 1716 per
341 1623 468 1692 filium.
520 1620 593 1691 Nec
613 1621 881 1710 imaginandum
906 1635 956 1692 est
981 1633 1161 1711 peccatum
1184 1633 1245 1690 aut
1296 1633 1476 1690 aeternam
1492 1623 1665 1695 restituat
1716 1619 1791 1692 Nec
1808 1622 1957 1692 dubium
1981 1637 2033 1693 est
2050 1619 2173 1693 hunc
2163 1643 2261 1712 ipsum

258 1739 408 1794 mortem
430 1724 502 1793 illis
526 1723 655 1794 ritibus
677 1724 809 1792 abolita
831 1745 916 1796 esse.
967 1723 1073 1792 Acin
1090 1735 1164 1792 tolo
1181 1722 1244 1791 illo
1296 1723 1540 1791 centurionem
1571 1723 1700 1792 multas
1723 1718 1855 1794 Christi
1881 1724 2071 1795 conciones
2098 1723 2287 1804 audivisse]

257 1850 366 1916 regno
391 1824 522 1909 lsrael,
562 1838 701 1896 tantum
731 1819 769 1892 hi
798 1825 943 1897 suerunt
964 1819 1131 1894 haeredes
1153 1823 1245 1895 vitae
1296 1838 1331 1895 et
1348 1837 1443 1895 recte
1458 1822 1573 1894 Deum
1589 1825 1739 1894 coluisse
1756 1838 1790 1895 et
1806 1848 2000 1900 invocasse

256 1941 439 2012 aeternae,
480 1938 514 1996 et
536 1949 639 1996 verae
659 1923 837 1996 Ecclesiae
858 1927 1034 2010 membra,
1075 1924 1137 2018 qui
1160 1949 1244 2016 pro·
1397 1921 1582 1996 Discetis
1571 1927 1682 2016 agitur
1705 1921 1814 1995 hoc'
1802 1950 1841 1994 ιιι
1873 1927 1954 1997 loco
1979 1951 2088 1998 verae
2110 1922 2287 1996 Ecclesiae,

206 2095 214 2104 .
255 2029 460 2098 missionem
475 2030 519 2097 de
534 2041 684 2097 venturo
699 2027 888 2098 liberatore
902 2028 971 2098 lide
982 2027 1135 2120 amplexi
1150 2039 1245 2101 sunt.
1296 2027 1389 2097 cives
1401 2052 1420 2098 a
1432 2027 1591 2098 coetibus
1600 2028 1832 2098 idololatrscrs
1842 2027 2056 2116 discernere,
2073 2029 2188 2123 quales
2197 2037 2265 2094 sunt

254 2127 304 2202 Et
321 2125 378 2199 hic
395 2132 470 2222 ipse
484 2130 655 2201 liberator
672 2154 752 2200 eum
772 2153 855 2198 voce
870 2125 976 2200 huius
998 2127 1244 2223 promissionis
1295 2125 1656 2216 PontificisRomani,
1683 2123 1946 2199 Monachorum
1962 2143 1997 2201 et
2011 2131 2181 2202 similium
2196 2149 2265 2218 por·
2286 2141 2287 2168 ³

256 2235 297 2303 in
320 2233 487 2302 cordibus
506 2232 725 2302 credentium
749 2227 939 2312 habitavit,
970 2245 1004 2302 et
1027 2230 1243 2321 agnitionem
1295 2256 1418 2301 corum
1434 2231 1586 2322 agmina,
1612 2231 1675 2323 qui
1690 2229 1892 2302 existimant
1908 2231 2034 2303 missas
2047 2229 2287 2302 idololatricae

254 2332 336 2423 Dei,
358 2348 394 2403 et
408 2333 669 2402 invocationem
687 2356 803 2401 veram
819 2333 990 2407 accendit.
1024 2331 1129 2401 Tales
1144 2344 1245 2400 erant
1294 2346 1356 2404 aut
1371 2333 1460 2404 ritus
1475 2330 1694 2403 Monosticos
1718 2355 1790 2402 esse
1807 2334 1932 2405 merita
1958 2333 2177 2404 remissionis
2198 2352 2266 2422 pec-
2286 2329 2287 2368 ³

256 2431 449 2506 Zachariae
472 2447 629 2526 tempore
650 2432 725 2524 ipse
749 2427 959 2520 Zacharias,
993 2432 1158 2518 Simeon,
1185 2430 1244 2501 Io·
1294 2449 1454 2506 catorum
1472 2448 1505 2505 et
1521 2435 1611 2503 vitae
1627 2447 1788 2504 aeternae
1802 2445 1867 2509 etc.
2165 2489 2172 2500 .

257 2531 367 2629 seph,
393 2534 527 2622 Maria,
552 2530 757 2624 Elisabeth,
784 2534 910 2620 Anna,
936 2550 971 2607 et
985 2533 1089 2605 multi
1103 2534 1244 2604 aliiZa-
1395 2533 1466 2604 Hic
1489 2548 1612 2605 contra
1635 2547 1839 2605 constanter
1867 2557 1908 2605 ae
1938 2536 2094 2608 firmiter
2118 2530 2268 2612 statuetis,

257 2633 397 2710 cbariae
421 2649 455 2708 et
469 2635 647 2709 Simeonis
670 2636 869 2719 auditores,
904 2637 966 2731 qui
989 2636 1188 2707 doctrinam
1211 2649 1245 2706 et
1292 2631 1462 2707 haeredes
1483 2637 1577 2705 vitae
1598 2651 1760 2708 aeternae
1789 2650 1824 2707 et
1854 2637 1947 2706 cives
1975 2663 2085 2709 verae
2109 2633 2267 2708 Ecclesiae

230 2757 232 2760 ·
256 2765 377 2811 vocem
394 2742 516 2810 eorum
533 2739 849 2829 amplectebantur.
1293 2752 1430 2810 tantum
1447 2734 1513 2808 hos
1529 2761 1621 2822 csse,
1646 2739 1709 2831 qui
1732 2739 1976 2829 obtemperant
1998 2741 2099 2812 dicto
2123 2763 2161 2809 ac
2179 2757 2268 2825 regu·

358 2840 504 2912 Praeter
525 2841 618 2910 hanc
641 2865 758 2910 veram
777 2840 972 2911 Ecclesiam
995 2840 1105 2910 multa
1129 2838 1243 2908 millia
1292 2842 1347 2910 lac
1364 2836 1514 2912 Christi:
1548 2839 1653 2930 Agite
1675 2839 1932 2933 poenitentiam
1954 2855 1988 2912 et
2011 2843 2146 2912 credite
2165 2835 2287 2909 Esau-³

255 2938 546 3028 Pharisaeorum,
584 2940 873 3013 Sadducaeorum
898 2955 932 3012 et
952 2941 1106 3012 aliorum
1130 2955 1243 3033 erant,
1292 2943 1396 3034 gelio.
1448 2939 1667 3038 Ubicunque
1680 2965 1762 3032 ergo
1783 2955 1921 3013 mentes
1940 2967 2026 3014 vere
2050 2949 2268 3036 expavescunt

257 3045 320 3136 qui
336 3045 515 3134 fingebant
528 3065 565 3113 se
579 3041 823 3112 remissionem
839 3058 1060 3133 peecatorum
1075 3044 1245 3137 consequi
1291 3045 1474 3136 agnitione
1498 3069 1539 3116 ac
1562 3056 1659 3113 metu
1681 3043 1753 3112 irae
1773 3041 1862 3130 Dei,
1897 3057 1931 3115 et
1951 3045 2024 3114 lide
2047 3043 2267 3115 Mediatorern

255 3146 329 3214 suis
344 3143 542 3230 sacrificiis,
573 3157 608 3216 et
630 3144 734 3215 fidem
757 3145 921 3238 promissi
937 3144 1138 3216 liberatoris
1152 3147 1243 3230 abii-
1292 3142 1474 3218 Christum
1490 3147 1668 3218 intuentes
1682 3145 1961 3216 consolationem
1989 3149 2039 3218 ab
2062 3149 2142 3238 ipso
2165 3164 2269 3232 exspe-

257 3248 415 3331 ciebant,
440 3259 474 3316 et
494 3247 673 3319 addebant
697 3245 767 3316 alia
791 3246 897 3319 etiam
920 3247 1075 3342 somnia,
1099 3240 1242 3318 habitu·
1291 3259 1409 3332 ctant,
1436 3263 1471 3319 et
1493 3250 1531 3319 in
1552 3242 1619 3318 hac
1641 3247 1885 3317 consolatione
1900 3248 2151 3342 acquiescunt:
2175 3245 2211 3314 iu
2225 3255 2269 3312 ta-

256 3371 336 3416 rum
354 3345 522 3419 Messinm
545 3372 693 3439 regnum
716 3349 900 3442 corporale
921 3362 1079 3434 tantum,
1105 3348 1144 3416 in
1170 3371 1241 3441 qno
1290 3351 1386 3421 libus
1401 3349 1674 3421 immutabiliter
1688 3348 1793 3420 etiam
1809 3373 1889 3419 vera
1913 3351 2100 3421 invocatio
2123 3363 2157 3421 et
2181 3342 2270 3418 iusti·

256 3449 324 3538 ipsi
343 3450 472 3540 opibus
487 3466 521 3522 et
545 3451 702 3542 potentia
725 3451 893 3522 florentes
914 3451 1094 3540 regnaturi
1115 3463 1241 3522 essent.
1291 3451 1340 3521 tia
1358 3453 1472 3521 bonae
1487 3450 1720 3522 conscientiae
1741 3451 1845 3525 lucet.
1904 3448 1955 3521 Hi
1979 3451 2090 3522 etiam
2113 3464 2203 3522 ceno
2223 3467 2270 3514 re-

255 3554 298 3619 ln
330 3546 387 3620 his
417 3550 570 3620 tenebris
599 3551 817 3642 impossibile
851 3552 920 3623 luit
954 3553 1041 3623 tales
1074 3552 1242 3622 invocare
1292 3565 1463 3643 putantur
1488 3577 1553 3645 pro
1576 3553 1660 3620 liliis
1680 3548 1768 3636 Dei,
1809 3565 1844 3622 et
1866 3565 1950 3624 sunt
1972 3577 2082 3624 verae
2108 3548 2287 3628 Ecclesiae.

255 3649 390 3736 Deum,
414 3652 477 3744 qui
492 3649 733 3722 remissionem
750 3667 971 3742 peccatorum
993 3656 1155 3723 nondum
1178 3649 1242 3723 ha·
1290 3655 1469 3740 membra,
1495 3677 1569 3722 uon
1582 3666 1721 3723 mortua
1742 3667 1804 3724 aut
1824 3657 2093 3738 commentitia,
2121 3657 2270 3724 redvers

255 3756 392 3824 herent.
461 3751 544 3824 Fuit
572 3752 681 3842 igitur
707 3773 835 3843 magna
861 3754 1056 3827 multitudo
1078 3755 1178 3844 regni
1203 3779 1243 3826 ac
1291 3770 1326 3829 et
1342 3757 1434 3831 viva
1484 3751 1539 3825 Ac
1554 3755 1660 3840 tales
1686 3755 1716 3824 si
1729 3758 1768 3823 in
1782 3750 1848 3825 hac
1861 3758 2102 3828 conversione
2116 3753 2270 3827 adDeum

254 3852 506 3949 populilsrae'l
526 3867 756 3946 nonsancta‚
782 3857 841 3925 sed
861 3869 997 3926 tantum
1012 3849 1242 3950 hy'pocritiea,
1292 3870 1532 3951 perseverent,
1559 3871 1593 3927 et
1609 3810 1714 3925 iidem
1731 3858 1926 3942 retineant,
1952 3884 2039 3930 vere
2060 3861 2168 3932 etiam
2190 3855 2269 3925 vine

256 4073 415 4130 sanctum
459 4059 632 4131 divinitus
668 4061 891 4141 servabatur,
944 4062 1093 4152 dequo
1125 4060 1244 4154 inquit
1371 4040 1472 4130 Hoc
1486 4060 1678 4130 discrimen
1692 4082 1793 4131 verae
1816 4073 1849 4130 et
1872 4061 1980 4133 salsae
1996 4057 2181 4133 Ecclesiae
2201 4052 2271 4126 dili-

255 4157 393 4231 Esaias:
436 4160 514 4232 Nisi
541 4159 717 4232 Dominus
745 4162 944 4257 reliquisset
975 4160 1080 4232 nobis
1111 4185 1242 4244 semen,
1291 4178 1413 4255 genter
1431 4161 1684 4245 observabitis,
1709 4161 1867 4232 etsimul
1876 4163 2119 4234 considerare
2136 4159 2272 4234 discetis.

257 4261 345 4331 sicut
362 4261 517 4332 Sodoma
534 4261 616 4332 iacti
633 4284 795 4334 essemus.
1291 4267 1354 4361 qui
1375 4265 1447 4336 sint
1461 4264 1536 4334 veri
1556 4277 1591 4335 ct
1603 4264 1789 4333 necessaris
1779 4265 1939 4350 'cultus,
1965 4267 2030 4358 qui
2048 4255 2287 4336 commentitii

357 4359 568 4456 Saepissime
583 4386 666 4434 vero
683 4363 826 4444 accidit,
853 4377 891 4435 ut
909 4363 1014 4436 etiani
1030 4359 1243 4436 erEthnicis
1291 4383 1323 4438 et
1339 4362 1510 4460 prohibita
1524 4390 1564 4437 ac
1578 4365 1746 4436 damuati
1779 4362 1927 4435 Necesse
1941 4390 2041 4437 enrm
2060 4382 2115 4439 est
2130 4362 2272 4453 singulos

151 4489 152 4497 ι
256 4463 400 4557 quidam
431 4467 629 4536 doctrinam
659 4463 936 4558 promissionum
960 4489 1002 4536 ex
1024 4467 1152 4536 sanctis
1176 4491 1242 4558 po·
1290 4469 1400 4555 scire,
1433 4469 1588 4563 quaesit
1610 4490 1692 4537 vera
1714 4463 1894 4551 Ecclesia,
1928 4482 2272 4564 etunnmquenque

256 4564 332 4654 pnli
350 4545 459 4636 lsrae'l
476 4567 652 4638 discerent
669 4568 1029 4659 etamplccterentur,
1063 4582 1097 4639 et
1120 4593 1240 4638 verum
1291 4572 1483 4662 adiungere
1507 4594 1543 4640 se
1564 4570 1610 4639 ad
1633 4569 1832 4638 societatem
1857 4569 1932 4639 eius
1953 4585 2124 4660 oportet,
2153 4584 2187 4639 et
2205 4587 2271 4636 cum

254 4663 370 4738 Deum
388 4667 486 4736 illius
503 4669 627 4760 populi
640 4683 675 4740 et
690 4667 915 4740 liberatorem
933 4669 1070 4758 generis
1094 4663 1240 4740 humani
1291 4697 1330 4742 ea
1345 4670 1459 4743 Deum
1481 4695 1668 4764 agnoscere
1689 4683 1723 4740 et
1739 4670 1915 4740 invocare.
1966 4670 2108 4744 Sicut'
2095 4697 2136 4743 m
2150 4665 2271 4742 diluvio

254 4783 506 4859 agnoscerent,
531 4784 566 4839 et
582 4795 665 4841 vera
684 4771 752 4840 lide
774 4785 808 4842 et
829 4770 1055 4842 invocatione
1080 4786 1115 4844 et
1136 4773 1242 4842 culti·
1291 4791 1387 4846 extra
1412 4799 1526 4844 arcam
1547 4771 1644 4844 Noae
1669 4796 1773 4840 nemo
1797 4775 2024 4860 servabatur,
2062 4776 2114 4848 ita
2138 4774 2273 4844 sciamus

254 4872 323 4941 bus
341 4871 433 4940 veris
448 4871 602 4942 colerent
611 4923 623 4956 ,
651 4873 766 4964 qualis
780 4870 1030 4955 fuitNaaman,
1057 4871 1182 4968 Cyrus,
1208 4889 1241 4944 et
1291 4879 1508 4948 verissimam
1526 4897 1599 4946 esse
1614 4874 1791 4963 regulam:
1819 4890 1915 4945 extra
1926 4871 2132 4949 Ecclesiam
2148 4899 2219 4947 non
2233 4881 2275 4938 εει

255 4973 361 5042 multi
384 4973 458 5047 alii.
525 4969 631 5043 Tales
655 4973 832 5045 Ecclesiae
856 4976 1014 5045 membra
1037 4977 1183 5047 fuerunt
1207 4989 1241 5046 et
1290 4980 1395 5053 salus.
1452 4977 1505 5051 Ac
1529 4977 1736 5045 beneficium
1759 4989 1905 5046 estnon
1933 4979 2141 5064 mediocre,
2175 4993 2208 5046 tc
2226 4975 2275 5040 in·

255 5069 423 5144 haeredes
440 5073 531 5146 vrtae
546 5088 723 5162 aeternae
750 5075 886 5148 etiamsi
907 5077 996 5148 ritus
1018 5101 1058 5146 ac
1083 5101 1241 5148 ceremo-
1290 5082 1468 5199 telligere,
1494 5102 1583 5173 quae
1605 5079 1650 5147 sit
1672 5102 1754 5146 vera
1775 5073 1950 5165 Ecclesia,
1976 5097 2010 5152 et
2038 5082 2158 5150 civem
2182 5076 2277 5148 huius

254 5174 334 5262 nias
354 5177 479 5266 populi
502 5175 610 5267 lsrael
631 5200 705 5246 non
728 5177 972 5251 observabant.
1012 5173 1060 5250 Et
1083 5179 1240 5251 fulsitin
1263 5182 1544 5278 agminisesse,
1564 5179 1660 5249 utin
1675 5173 1920 5251 hacsocietate
1941 5197 2109 5254 accoetu
2130 5183 2275 5252 liliorum

254 5253 386 5348 talibus
406 5300 532 5368 magna
556 5259 616 5350 illa
638 5292 673 5351 ct
694 5304 819 5352 arcana
844 5280 1032 5379 sapientia,
1064 5283 1160 5375 quod
1184 5306 1240 5352 re-
1263 5283 1356 5354 Dei
1378 5308 1501 5355 verum
1507 5274 1640 5353 Deum
1663 5303 1847 5372 agnoscas,
1882 5283 2028 5354 invoces
2053 5311 2097 5357 ac
2121 5287 2275 5356 celebres.
