4616 5818
97 153 99 160 ’
200 142 293 223 -285

322 310 370 385 Et
385 306 444 382 bic
457 308 600 402 utrique
614 307 872 398 complectendi
885 325 986 394 sunt,
1009 304 1129 382 hostes
1144 313 1207 406 qui

221 429 343 490 contra
377 411 628 507 cqoscientiam
656 407 888 499 Evangelium
915 428 1143 503 oppugnant,
1173 428 1208 486 et

220 517 350 599 medii,
375 514 439 608 qui
460 513 611 604 superbe
633 525 754 580 contra
777 511 1027 582 conscientiam
1043 515 1207 586 derident

222 641 347 692 omnes
369 613 575 705 religiones,
600 612 644 681 de
665 606 722 680 his
744 610 846 682 dicit:
874 611 946 702 Qui
970 638 1044 684 non
1066 631 1117 688 est
1132 640 1205 685 me.

220 745 313 806 cum,
337 709 515 808 dispergit.
563 712 670 782 Tales
687 712 782 782 enim
798 714 942 802 plurimi
958 728 1053 790 sunt.
1100 717 1206 788 Tales

219 836 302 892 sunt
325 821 449 901 etiam,
475 815 537 909 qui
559 815 628 885 sibi
654 838 718 884 suo
741 814 890 885 arbitrio
908 817 1047 905 fingunt
1061 820 1206 908 religio·

218 947 299 1007 nes,
330 935 366 991 et
391 932 536 988 sumunt
565 941 606 986 ex
626 914 823 1004 Evangelio
851 920 1078 1010 quodlibet,
1109 923 1205 1013 quod

218 1049 293 1095 non
310 1023 396 1092 libet
410 1017 589 1092 reiiciunt.

603 1201 655 1252 Ite
684 1198 829 1252 tertto.

321 1309 514 1399 Postquam
529 1300 691 1374 Christus
712 1307 756 1372 de
771 1307 877 1374 rebus
892 1304 1043 1373 maxime
1059 1303 1206 1386 arcanis,

220 1427 256 1485 et
279 1409 493 1482 sublimibus
515 1419 638 1476 contra
660 1405 880 1474 adversarios
901 1405 1083 1497 superiora
1105 1405 1207 1488 dixit,

122 1531 124 1536 ’
219 1516 292 1586 iarn
308 1511 414 1582 vertit
430 1529 629 1578 sermonem
643 1507 686 1574 ad
704 1501 917 1590 Ecclesiam,
942 1507 997 1576 cui
1017 1507 1206 1576 conciona-

219 1630 279 1688 tur
300 1616 345 1684 de
367 1613 494 1681 timore
509 1604 595 1692 Dei,
621 1606 721 1699 quasi
742 1608 858 1692 dicat,
884 1608 999 1676 maior
1013 1621 1065 1677 est
1081 1621 1207 1698 poten·

218 1718 269 1789 tia
290 1713 442 1792 diaboli,
469 1733 575 1800 quarn
600 1731 663 1777 vos
685 1707 906 1798 intelligitis,
930 1709 1118 1778 maiorica
1142 1711 1206 1778 ad·

219 1839 343 1889 versus
355 1808 626 1904 blasphemiam,
645 1832 750 1901 quam
763 1811 915 1898 cogitare
928 1811 1083 1900 potestis.
1132 1808 1206 1879 lam

221 1919 331 2008 igitur
358 1937 421 1984 vos
450 1933 682 2003 praemoneo,
713 1925 755 1982 ut
780 1912 899 2000 agnito
929 1909 1142 1999 Evangelio,
1175 1925 1208 1979 et

222 2015 401 2090 consecuti
428 2011 694 2090 liberationem,
728 2012 909 2084 retineatis
938 2012 1101 2081 timorem
1131 2011 1209 2096 Dei,

223 2121 307 2216 quia
328 2115 432 2186 multi
457 2127 536 2207 post
556 2111 802 2182 liberationem
824 2115 914 2183 tiuut
930 2112 1045 2183 securi
1060 2128 1094 2183 et
1111 2113 1206 2183 ocio·

223 2223 270 2294 si:
304 2234 339 2290 et
364 2217 480 2289 ocium
512 2215 575 2284 alit
598 2237 637 2282 ac
658 2211 816 2284 incendit
841 2237 966 2304 pravas
989 2215 1209 2305 cupiditates,

224 2323 313 2393 sicut
329 2321 498 2408 scriptum
513 2328 580 2386 est:
605 2311 821 2384 incrassatus
835 2329 885 2384 est
899 2336 1021 2384 servus
1034 2339 1149 2401 meus,
1176 2330 1209 2384 et

180 2463 183 2474 ·
224 2418 471 2494 recalcitravit.
525 2414 632 2487 item:
660 2413 760 2489 Sedit
776 2415 930 2506 populus
946 2417 1160 2485 manducare
1176 2429 1209 2485 et

224 2524 365 2602 bibere,
388 2533 423 2590 et
437 2515 627 2588 resurrexit
642 2516 775 2588 ludere.
818 2515 1028 2587 EtSodoma
1044 2517 1209 2586 sexennio

78 2601 81 2604 Ι
140 2641 142 2647 ’
225 2638 287 2697 aut
309 2621 466 2705 circiter,
490 2633 675 2711 postquam
697 2612 815 2688 hostes
837 2618 1010 2688 divinitus
1032 2617 1209 2708 profligati

226 2738 327 2796 erant
348 2745 413 2816 per
427 2715 628 2802 Abrabam,
653 2720 769 2810 coepit
791 2741 895 2790 ruere
910 2720 948 2787 in
964 2715 1140 2788 horrenda
1156 2718 1208 2787 vi·

225 2828 287 2899 tia.
338 2821 385 2894 Et
405 2823 444 2892 in
458 2817 641 2892 Matthaeo
664 2820 874 2890 nominatim
896 2819 1026 2889 dicitur
1048 2820 1092 2888 de
1114 2821 1210 2891 ocio:

228 2926 373 2998 invenit
395 2926 538 2993 domum
562 2932 742 2990 vacantem
761 2933 826 2991 etc.
890 2920 975 2991 ldeo
998 2922 1211 2992 excutiamus

226 3027 450 3100 securitatem
475 3021 665 3113 propositis
687 3021 873 3111 exemplis,
899 3046 988 3115 quae
1010 3025 1211 3107 ostendunt,

157 3129 160 3134 ’
228 3153 318 3222 quae
341 3125 446 3210 vitia,
472 3137 505 3194 et
527 3146 617 3217 quae
634 3145 767 3215 poenae
783 3138 861 3214 post
874 3123 1096 3196 securitatem
1113 3147 1209 3203 secu-

228 3243 285 3301 tae
303 3228 385 3300 sint.

369 3497 370 3500 ι
496 3459 719 3588 Dominica
746 3457 944 3544 tractare.

473 3599 707 3693 Evangelium
738 3597 908 3674 lobannis
933 3608 968 3680 6.

213 3706 217 3712 ¹
282 3737 372 3813 Post
397 3733 488 3808 haec
509 3733 605 3806 abiit
627 3731 734 3806 lesus
758 3745 865 3806 trans
887 3761 987 3808 mare
1002 3733 1215 3829 Galilaeae,

333 3835 434 3940 quod
461 3845 513 3909 est
543 3833 581 3907 T
576 3832 790 3931 yberiadis,
828 3848 859 3908 et
888 3839 1106 3944 sequebatur
1137 3867 1214 3914 eum

819 73 1089 248 rnen-nuc.
1117 89 1652 224 marrucinorum

2169 155 2250 228 236

1360 313 1468 387 Dicit
1491 342 1586 388 unus
1605 342 1652 390 ea
1670 314 1867 416 discipulis
1880 319 1958 394 eius
1974 319 2147 396 Andreas
2154 323 2252 425 sru-

1361 428 1416 489 ter
1429 414 1596 490 Simonis
1611 415 1730 492 Petri:
1757 419 1832 492 Est
1880 448 1943 495 uer
1965 449 2062 496 unus
2076 421 2157 518 hic,
2183 428 2253 525 qui

1360 513 1471 590 babet
1512 521 1602 618 quin
1631 546 1673 592 ue
1706 547 1823 621 pones
1847 446 2068 599 hordeaceos
2092 537 2125 598 et
2154 524 2250 599 duos

1357 621 1485 719 pisces.
1536 619 1585 692 Se
1626 619 1716 696 haec
1730 620 1826 724 quid
1835 636 1922 696 sunt
1938 627 2035 699 inter
2049 635 2128 700 tot?

1309 735 1430 810 Dixit
1454 749 1575 810 autem
1593 737 1720 812 Iesus:
1745 739 1877 816 Facite
1897 738 2064 817 homines
2087 741 2250 818 discum-

1359 839 1450 916 bere.
1495 839 1596 912 Erat
1627 851 1749 914 autem
1769 845 1927 945 socnam
1957 844 2127 918 multum·
2145 849 2185 917 in
2210 873 2251 920 ιο

1361 939 1449 1013 Ιοιο.
1521 941 1798 1038 Discubuerunt
1838 969 1924 1042 ergo
1959 949 2049 1035 ciri,
2098 973 2252 1020 numero

1360 1044 1474 1142 quasi
1485 1045 1798 1144 quinquemillia.
1846 1047 1990 1147 Accepit
2004 1061 2126 1120 autem
2140 1049 2251 1122 Iesus

1359 1168 1491 1240 panes,
1525 1157 1559 1216 et
1588 1172 1668 1218 curn
1694 1149 1846 1242 gratias
1872 1150 2022 1245 egisset,
2055 1148 2251 1223 distribuit

1330 1243 1338 1272 ¹
1361 1241 1576 1340 discipulis,
1612 1245 1790 1368 discipuli
1817 1273 1898 1321 uero
1926 1249 2252 1324 discumbentibus.

1359 1342 1545 1417 Similiter
1558 1358 1590 1418 et
1606 1372 1652 1420 ex
1666 1351 1831 1446 piscibus
1844 1363 2026 1452 quantum
2046 1353 2225 1427 colebant.

1307 1459 1361 1534 Ut
1376 1474 1497 1534 autem
1522 1465 1667 1554 impleti
1687 1475 1793 1550 sunt,
1822 1465 1911 1540 dicit
1933 1467 2128 1568 discipulis
2150 1473 2252 1546 suis.-

1359 1557 1538 1660 Colligite
1558 1590 1653 1666 quae
1671 1569 1930 1668 superfuerunt
1941 1567 2183 1671 fragmenta,
2210 1585 2253 1645 ut

1362 1689 1406 1736 ne
1422 1663 1518 1764 quid
1527 1677 1662 1764 pereat.
1714 1664 1953 1764 Collegerunt
1969 1696 2055 1768 ergo
2071 1684 2103 1744 ct
2119 1673 2253 1774 imple-

1363 1779 1489 1838 verunt
1527 1766 1714 1840 duodecim
1746 1797 1784 1842 co
1810 1767 1921 1842 binos
1944 1774 2253 1874 fragmentorum
2291 1829 2297 1838 .

1361 1890 1407 1938 ex
1422 1868 1580 1970 quinque
1589 1871 1753 1967 panibus
1769 1797 1992 1956 hirrdeaceis,
2017 1901 2110 1976 quae
2122 1881 2254 1974 supcr-

1355 1967 1515 2067 fuerant
1537 1965 1600 2042 his
1615 1977 1682 2070 qui
1696 1970 2024 2053 manducaverant,
2075 1975 2151 2048 Illi
2164 2004 2254 2074 ergo

1362 2064 1550 2156 homines,
1577 2097 1657 2143 cum
1685 2072 1878 2164 uidissent,
1931 2073 2007 2148 uod
2031 2075 2164 2151 lusus
2183 2080 2255 2180 se-

1364 2181 1460 2242 cerat
1486 2175 1655 2268 signum,
1685 2171 1872 2247 dicebant:
1899 2103 2001 2275 guia
2027 2167 2088 2252 hic
2104 2189 2155 2250 est
2173 2206 2254 2252 uere

1350 2261 1430 2346 'itte
1445 2268 1647 2372 Propheta,
1672 2277 1740 2374 qui
1753 2288 1921 2350 uenturus
1937 2289 1987 2350 est
2003 2281 2043 2350 in
2058 2277 2254 2356 mundum.

1362 2375 1503 2447 lusos
1530 2400 1615 2470 ergo
1631 2401 1711 2446 cum
1728 2379 1965 2473 cognovisset,
1991 2380 2091 2480 quod
2107 2386 2256 2454 uenturi

1365 2485 1501 2558 essent,
1533 2487 1565 2546 et
1588 2478 1736 2574 rapturi
1755 2480 1894 2576 ipsum,
1922 2490 1961 2551 ut
1975 2484 2146 2582 facerent
2170 2509 2254 2557 eum

1365 2598 1496 2669 regem,
1517 2578 1661 2649 secessit
1675 2579 1805 2650 iterum
1820 2581 1860 2652 in
1875 2593 2031 2654 montem
2046 2583 2121 2682 ipse
2134 2583 2255 2660 solus.

1417 2725 1446 2797 Ι.
1494 2727 1623 2813 Locus,
1643 2722 1851 2806 Consolatio
1867 2749 1988 2806 contra
2003 2760 2122 2808 euram
2138 2741 2256 2813 victus

1466 2843 1502 2900 et
1519 2830 1745 2904 defensionis.
1988 2831 1991 2838 ’

1418 2926 1469 2998 ΙΙ.’
1516 2929 1726 3024 Exemplum
1741 2939 1785 3004 de
1800 2937 1966 3026 praemiis
1984 2939 2220 3018 liberalitatis.

1418 3023 1484 3105 lll.
1535 3030 1761 3123 Praeceptum
1778 3038 1821 3105 de
1834 3039 2064 3128 parsimonia:
2085 3040 2256 3135 Colligite

1467 3133 1654 3224 reliquias,
1681 3159 1727 3204 ne
1743 3153 1899 3231 pereant.

1416 3228 1499 3302 llll.
1552 3231 1752 3324 Atlegoria,
1792 3237 1883 3310 Cum
1914 3243 2076 3315 doctores
2105 3266 2257 3336 pascunt

1468 3329 1662 3404 Ecclesiam
1687 3338 1867 3425 docendo,
1893 3344 2085 3433 agitatione
2105 3347 2143 3416 lit
2167 3349 2256 3420 ittu-

1468 3435 1575 3504 strior
1598 3439 1775 3510 doctrina:
1810 3456 1844 3514 et
1866 3445 2039 3538 reliquiae
2064 3448 2259 3538 diligenter

1471 3548 1600 3606 etcum
1618 3540 1754 3611 delectu
1771 3551 2001 3616 asservaudae
2018 3563 2111 3620 suut.

1643 3739 1696 3789 lte
1727 3727 1902 3804 petuo.

1370 3849 1548 3924 lohannes
1575 3853 1732 3948 Baptista
1771 3861 1976 3936 interfectus
2011 3881 2062 3938 est
2097 3879 2258 3948 secundo

333 3935 619 4019 curbmmutta,
661 3936 752 4036 quia
785 3936 955 4010 uidebant
986 3941 1062 4012 eius
1090 3943 1215 4036 signa,
1267 3977 1362 4024 anno
1385 3958 1657 4043 praedicationis
1682 3955 1835 4047 Christi,
1866 3979 1901 4036 et
1924 3983 2003 4057 post
2024 3993 2145 4042 necem
2167 3979 2260 4064 eius,

333 4066 428 4142 quae
445 4038 615 4140 faciebat
635 4063 744 4137 super
766 4035 846 4122 his,
879 4040 947 4140 qui
967 4037 1214 4136 infirmaban-
1267 4081 1347 4126 cum
1368 4053 1527 4126 Herodes
1548 4059 1652 4127 eriam
1678 4060 1905 4149 insidiaretur
1926 4064 2087 4153 Christo,
2114 4082 2259 4151 secessit

335 4153 407 4216 tur.
459 4138 584 4213 Subiit
606 4150 728 4210 autem
742 4141 781 4211 in
797 4151 953 4213 montem
970 4141 1148 4232 Iesus„et
1163 4142 1219 4215 ibi
1269 4155 1704 4249 aliquantispeerristus.
1739 4162 1782 4232 ln
1799 4159 1867 4237 hoc
1881 4190 2033 4258 secessu,
2060 4199 2140 4244 cnm
2157 4175 2258 4251 haud

333 4239 480 4314 sedebat
503 4267 582 4311 cum
608 4235 801 4339 discipulis
821 4242 913 4318 suis.
971 4242 1072 4314 Erat
1095 4255 1216 4316 autem
1268 4255 1377 4326 deibie
1395 4258 1559 4348 Apostoli
1590 4262 1751 4336 viderent
1781 4288 1879 4337 suam
1901 4273 2008 4342 vitam
2030 4275 2071 4344 in
2094 4281 2260 4367 periculo

338 4341 552 4440 proximum
568 4335 737 4428 Pascha,
759 4337 1218 4442 diesfestusludaeorum.
1269 4381 1363 4442 esse,
1394 4381 1434 4428 ac
1463 4373 1660 4432 metuerent
1680 4365 1736 4434 vel
1758 4371 1952 4459 supplicia,
1984 4377 2040 4444 vel
2061 4380 2185 4464 exilia,
2222 4402 2261 4456 ee

335 4435 430 4518 Cum
456 4440 679 4515 sublevasset
701 4466 787 4536 ergo
809 4442 932 4516 oculos
955 4443 1077 4534 Iesus,
1110 4460 1142 4521 et
1166 4451 1218 4521 vi-
1269 4460 1415 4528 tamem:
1452 4456 1510 4530 bic
1539 4458 1701 4534 Christus
1736 4471 1879 4540 moestis
1911 4478 2068 4549 ostendit
2097 4482 2260 4576 aliquam

336 4543 450 4617 disset
466 4539 568 4642 quod
580 4541 689 4614 curba
706 4541 824 4614 multa
842 4546 973 4619 veniret
989 4544 1103 4632 adse,
1130 4547 1218 4624 dicit
1269 4561 1566 4643 consolationem,
1592 4579 1632 4634 ut
1654 4587 1755 4658 saepe
1777 4569 1816 4640 tit
1833 4571 1871 4640 in
1886 4571 2061 4663 Ecclesia,
2086 4595 2121 4653 et
2136 4604 2263 4656 exem-

337 4643 393 4718 ad
417 4641 652 4742 Philippum:
695 4641 798 4717 Unde
829 4669 983 4718 ememus
1011 4674 1145 4746 panes,
1180 4664 1218 4724 ut
1270 4664 1370 4752 plum
1400 4665 1568 4754 proponit
1596 4659 1704 4735 huius
1725 4672 1882 4757 regulae:
1915 4673 2076 4748 Primum
2098 4691 2264 4776 quaerite

338 4743 557 4819 manducent
584 4739 654 4815 hi?
702 4744 782 4815 Hoc
805 4757 926 4818 autem
951 4745 1111 4837 dicebat,
1141 4763 1219 4824 ten-
1270 4783 1418 4850 ragnum
1433 4760 1523 4848 Dei,
1549 4777 1583 4834 et
1605 4779 1740 4838 caetera
1756 4773 1968 4844 adlicientur
1984 4769 2095 4851 vobis.
2149 4784 2263 4862 laen„

338 4861 429 4924 tans
456 4869 547 4920 cam.
606 4843 693 4944 Ipse
716 4847 812 4917 enim
832 4850 987 4934 sciebat,
1018 4850 1112 4951 quid
1131 4865 1219 4926 esset
1271 4861 1389 4934 Pietas
1405 4858 1512 4935 habet
1528 4867 1778 4953 promissiones
1793 4878 1986 4962 praesentis
1999 4879 2091 4951 vitae
2107 4897 2141 4956 et
2157 4891 2266 4961 tutu.

331 4952 520 5050 smmi·
1272 4988 1342 5034 rae.
1386 4963 1491 5050 ltem,
1514 4965 1647 5036 Psalmi
1662 4970 1801 5041 dicunt:
1826 4971 1908 5044 Non
1925 4993 1977 5058 ¹est
1990 4980 2111 5074 inopia
2125 4987 2263 5060 timon.

289 5047 499 5149 Respondit
526 5050 559 5120 ei
580 5043 799 5147 Philippus:
836 5047 1083 5126 Ducentorum
1106 5052 1221 5126 elena-
1272 5067 1367 5136 ribus
1396 5089 1488 5138 eum,
1555 5065 1658 5138 {cmg
1692 5068 1957 5149 saturabuntur
1986 5081 2024 5150 in
2056 5086 2115 5154 die

243 5183 247 5198 =
342 5155 480 5224 riorum
502 5175 618 5252 pones
642 5175 716 5221 non
739 5146 932 5324 sqfficiunt
954 5156 1025 5238 eis,
1053 5166 1090 5227 ut
1107 5185 1222 5230 unus-

343 5255 495 5355 quisque
542 5275 663 5325 eorum
702 5279 761 5325 mo

1273 5165 1361 5237 Vult
1382 5189 1448 5236 nos
1464 5168 1564 5238 Deus
1583 5169 1735 5258 primum
1758 5198 1923 5266 quaerere
1946 5205 2092 5272 regnum
2107 5089 2266 5276 ngpriq

799 5256 884 5326 'cum
925 5254 1022 5354 quid
1053 5260 1222 5357 accipiat.
1273 5281 1344 5352 est,
1370 5267 1566 5340 doctrinam
1589 5272 1790 5362 coelestem,
1817 5292 1852 5350 et
1873 5275 2138 5403 huic‘obeqlire,
2164 5297 2266 5366 etin
