4620 5814
349 51 357 94 t

255 132 331 242 aas
630 157 633 162 ·
735 117 739 128 ’
851 127 979 208 nutu
1004 123 1121 204 une.
1143 127 1364 226 *sentens
1390 59 1730 211 nuceum„
2127 147 2129 152 ·
2198 149 2263 236 tu

241 294 244 306 ’
304 305 395 384 Fuit
418 315 541 378 autem
559 300 703 380 Saulus
718 327 797 374 cum
814 295 1029 400 discipulis,
1050 297 1118 400 pul
1135 310 1249 371 cront‘
1497 319 1529 376 et
1556 331 1629 377 non
1660 308 1845 381 afferentes
1868 311 2005 390 merita.
2064 313 2265 401 illustratet
2295 371 2296 374 ,

176 451 180 462 ·
347 407 552 491 Damasci,
575 400 904 505 perdicsnliquot.
944 397 998 472 Et
1014 401 1241 504 continuoin
1450 471 1452 476 ,
1495 408 1722 502 slias'partes
1742 411 1941 498 doetrinae,
1967 417 2153 490 discrimen
2173 425 2266 515 spiri.

230 503 233 508 ’
352 509 560 610 synagogis
582 503 824 606 praedicabat
840 494 1055 587 Christum,
1081 499 1184 603 quod
1208 503 1241 574 is
1264 577 1268 592 ,
1499 511 1605 582 tunlis
1627 517 1668 583 et'
1692 515 1858 608 politicae
1881 513 2058 606 institiae,
2090 524 2265 602 discrimen

354 609 544 686 estlilius
559 608 648 688 Dei.
679 605 883 707 Stupebant
901 615 1022 678 autem
1040 629 1162 678 ouenes
1176 603 1244 704 qui
1498 607 1678 684 Ecclesiae
1699 628 1732 685 et
1758 615 1964 707 impiorum.
2015 621 2134 694 Murrit
2157 644 2189 698 et
2211 653 2265 720 pa.

354 711 569 798 audiebant,
596 723 627 784 et
647 705 833 782 dicebant:
858 704 995 784 Nonne
1008 702 1070 780 laic
1085 717 1149 790 cst,
1176 705 1244 806 qui
1499 739 1596 796 cem,
1622 719 1756 788 docens
1771 717 1911 814 politius
1934 743 2008 792 esse
2024 748 2080 795 res
2098 753 2117 796 a
2133 723 2203 798 Deo
2216 755 2266 800 or·

355 815 582 914 expugnavit
610 813 650 911 in
681 809 887 884 Ierusalem
917 835 995 898 cos,
1021 811 1088 910 qui
1111 832 1242 880 nomen
1498 816 1649 890 dinatas.

87 905 90 914 ’
229 971 239 984 .
355 920 524 992 invocant
552 911 677 986 illud?
727 911 781 984 Et
805 907 1177 997 decoctorum,
1203 919 1242 980 ut
1449 913 1514 994 Vl.
1565 915 1697 992 Docuit
1716 919 1857 994 circiter
1878 927 2072 998 ennoean:
2112 942 2161 1002 tot
2184 931 2266 1000 enim

354 1023 491 1094 uinctos
514 1015 604 1091 illos
627 1013 767 1088 duceret
787 1010 844 1085 ad
860 1012 1044 1116 principes
1071 1005 1243 1084 sacerdo·
1501 1032 1585 1090 sunt
1613 1022 1698 1094 anni
1721 1046 1742 1093 a
1768 1019 1831 1099 34.
1854 1021 1986 1098 Christi
2008 1051 2104 1100 uncto
2129 1035 2171 1100 ad
2195 1033 2266 1112 nlti-

354 1133 442 1196 tum.
482 1117 627 1194 Saulus
645 1125 767 1188 outcm
782 1115 901 1188 multo
916 1115 1039 1212 magis
1053 1114 1245 1216 consortu—
1500 1145 1600 1191 mum
1617 1121 1781 1200 Neronis.
1832 1121 1911 1198 Etsi
1932 1144 2050 1200 autem
2073 1147 2107 1203 et
2128 1134 2266 1225 peregri-

353 1225 483 1310 batur,
508 1231 539 1293 ct
566 1213 816 1318 confundebat
838 1214 1021 1305 Iudaeos,
1046 1217 1112 1315 qui
1132 1209 1244 1288 ttaht-
1503 1223 1667 1297 nationes
1688 1228 1765 1298 eius
1788 1251 2040 1318 aerumnosae,
2071 1246 2105 1305 et
2129 1235 2265 1325 pericula
2295 1291 2296 1300 ,

355 1327 488 1400 tabant
514 1320 722 1402 Damasci,
754 1314 958 1422 affirmans
982 1315 1083 1420 quod
1108 1311 1170 1390 laic
1192 1325 1244 1390 cst
1499 1325 1575 1395 eins
1592 1327 1631 1396 iu
1648 1327 1748 1398 Actis
1761 1329 2026 1426 describuntur,
2049 1346 2163 1405 tamen
2177 1359 2265 1410 nemo
2295 1359 2296 1372 ¹

256 1508 259 1520 =
356 1421 547 1504 clemins.
1499 1427 1674 1500 existimet
1690 1432 1807 1502 verbis
1817 1433 1968 1504 describi
1986 1458 2087 1526 posse
2099 1436 2202 1508 ullius
2212 1459 2266 1526 gu-

306 1561 449 1661 mn„
465 1573 548 1632 ⁸⁰⁰¹
563 1557 633 1628 ¹⁰⁰¹
649 1554 842 1650 P¹³0⁶⁵¹³¹¹⁵·
1501 1529 2120 1710 llll?‘Jt'tl‘ltttt‘tltt
2142 1535 2264 1730 lt't‘
2295 1607 2296 1610 ψ

1503 1733 1587 1820 bus,
1619 1757 1711 1828 quos
1731 1737 1886 1828 perterre
1911 1762 2019 1808 necno
2042 1763 2193 1834 tunquam
2213 1761 2265 1832 po·

1504 1833 1647 1932 luisset,
1673 1837 1742 1906 nisi
1760 1835 1860 1909 Deus
1878 1840 2024 1926 adderet
2040 1841 2148 1927 vires,
2170 1857 2200 1914 et
2221 1863 2265 1912 ree

376 2017 378 2026 χ
720 1993 728 2010 .
790 1993 800 2010 .
1092 1991 1103 2014 .
1234 1990 1245 2010 .
1505 1949 1602 2026 geret
1618 1936 1770 2029 impetus
1787 1953 1819 2009 et
1834 1940 2036 2012 occasiones
2050 1943 2266 2034 negociorum·

335 2083 338 2090 ‚
410 1999 477 2077 ΠΙ·
538 1995 645 2088 Q⁰⁰d
682 2008 817 2082 m¹⁵i¹¹t
849 1988 1041 2084 Ap⁰⁸l⁰¹⁰⁵
1072 1991 1246 2082 'mium'
1454 2035 1536 2109 Vll.
1586 2036 1747 2110 Studiosi
1777 2041 1882 2115 etiam
1911 2043 2148 2114 eruditionem
2180 2041 2266 2114 Pauli

458 2102 588 2180 modo,
615 2097 691 2166 sine
707 2094 850 2188 politice
868 2095 999 2186 ssl0fl²s
1025 2094 1167 2190 qmlim
1182 2089 1246 2166 ω·
1503 2139 1740 2216 considerent.
1775 2139 1865 2214 Nam
1882 2145 1991 2216 verba
2009 2158 2043 2217 et
2058 2145 2145 2218 ratio
2163 2145 2266 2236 dispu-

460 2205 614 2274 bufflm
636 2192 874 2332 P‘ffl'bfflQ·
1120 2315 1158 2336 ..
1504 2241 1605 2312 tandi
1630 2237 1817 2315 manifecte
1838 2248 2054 2336 ostendunt,
2080 2247 2181 2320 luisse
2200 2261 2265 2315 stn-

282 2375 288 2388 ·
410 2319 495 2396 llll·
548 2316 657 2410 Q¹¹⁰d
674 2327 823 2386 ''mul“
844 2315 1070 2406 ⁸¹⁰8¹¹¹⁰fflm
1093 2316 1247 2406 ‘blidin‘
1504 2343 1646 2414 diorum
1669 2357 1703 2414 et
1728 2345 1906 2419 excultum
1921 2348 2106 2434 doctrina,
2130 2343 2264 2419 ethome

461 2438 516 2495 ter
544 2417 822 2491 edusideroudae
846 2415 932 2487 ¹3⁰¹·
991 2413 1174 2500 Pfiffluluo
1207 2429 1248 2487 ⁰2
1503 2444 1671 2537 politicus
1685 2444 1788 2519 lacile
1801 2446 2061 2522 animadvertet
2075 2449 2112 2520 in
2128 2451 2167 2520 iis
2182 2471 2265 2542 prae·

399 1695 439 1770 xl.
491 1691 619 1783 Qualis
633 1689 806 1781 dispersio
823 1687 869 1759 sit
881 1683 1073 1763 Ecclesiae.

411 1797 458 1872 ll.
493 1793 600 1885 Quod
619 1788 716 1862 Deus
732 1805 933 1880 conservet,
960 1805 994 1860 et
1016 1787 1170 1861 subinde
1189 1811 1261 1870 res

465 1911 573 1968 novet
590 1891 838 1963 ministerium.

316 2525 318 2532 ⁵
360 2521 363 2530 ’
460 2525 540 2644 930
557 2520 854 2640 ΕξθῑῑΜὸθωΰδ
878 2517 974 2610 ‘1⁰⁰⁶
988 2517 1164 2614 inmuni
1179 2517 1247 2586 ml·
1503 2544 1633 2644 ceptis,
1672 2569 1763 2638 quae
1795 2547 1904 2620 tradit
1935 2551 1981 2622 de
2015 2551 2265 2642 gubernatione,
2295 2585 2296 2588 ¹

463 2639 670 2702 'Ulmum’
696 2642 742 2738 ΡΒ
767 2629 883 2692 ωωω
910 2614 1108 2737 ΡἿΜΙΨΨ
1131 2641 1248 2740 §²⁰⁰³
1506 2645 1683 2718 contineri
1697 2669 1752 2719 res
1765 2670 1841 2720 non
1857 2649 2041 2744 vulgares,
2064 2655 2124 2725 sed
2141 2677 2179 2722 ea
2192 2671 2264 2744 quae

464 2740 591 2845 Petili·
615 2721 791 2844 ,D‘Ql‘s
817 2734 858 2792 ⁰¹
875 2733 1111 2790 m¹⁰¹⁸²ffl¹¹¹¹¹
1129 2743 1247 2842 ‘Pium
1505 2746 1693 2841 praecipue
1715 2752 1936 2840 providenda
1965 2761 2052 2825 aunt
2074 2752 2214 2846 sapienti
2238 2763 2264 2821 ct

463 2823 866 2912 reetrnsnntellrgamus.
918 2818 1029 2908 ltem,
1055 2834 1095 2892 ot
1124 2822 1246 2916 aquno
1503 2849 1618 2939 „gad
1632 2851 1875 2941 gubernatum
1902 2865 1937 2926 e,
1952 2855 2141 2946 “summi
2157 2871 2263 2924 nervos

464 2931 571 3004 modo
586 2924 808 3016 diligentiam
824 2921 1016 2998 imitemur.
1048 2919 1247 3010 Postremo,
1503 2951 1592 3022 goni
1617 2965 1739 3024 mm&
1797 2951 1905 3042 hem,
1938 2957 2076 3028 ”mim
2108 2957 2262 3030 minum

466 3045 507 3104 ot
527 3051 668 3102 oremus
692 3022 828 3111 Deum,
860 3037 903 3097 nt
922 3045 989 3095 nos
1010 3022 1118 3098 iaciat
1139 3025 1248 3095 mini·
1387 3071 1388 3074 ,
1465 3057 1473 3070 ·
1503 3053 1794 3130 immanem

462 3147 555 3205 atros
570 3128 696 3214 utiles,
722 3149 787 3196 nec
809 3124 904 3199 siunt
924 3149 991 3197 uos
1009 3137 1149 3200 tanturn
1173 3149 1248 3198 esse

463 3234 584 3306 innnin
607 3252 716 3302 onera
732 3241 864 3310 terrae,
890 3222 951 3300 a'ut
974 3240 1086 3320 pestes
1108 3229 1254 3320 generis,
1424 3230 1428 3236 ’
1699 3235 1747 3286 ne
1775 3231 1894 3300 petar.

465 3334 627 3412 humant.
678 3331 807 3424 Ingens
831 3330 1081 3401 enimdonum
1100 3327 1167 3402 Dei
1185 3343 1247 3410 ear,
1401 3333 1532 3411 Daniet
1562 3351 1675 3411 rorum
1702 3352 1841 3431 tempus
1868 3338 1915 3410 ab
1938 3339 2047 3411 exitio
2067 3337 2261 3438 Babylonico

461 3442 510 3514 ita
534 3439 750 3530 gnbernare,
782 3446 900 3504 utres
923 3432 1028 3532 utiles
1053 3455 1174 3522 getas,
1207 3446 1248 3504 ut
1284 3441 1400 3513 'vocat
1415 3441 1672 3534 dispersionem
1686 3439 1812 3540 populi
1829 3439 1915 3526 Dei,
1940 3441 2139 3532 significans
2153 3441 2261 3534 postid

444 3541 603 3635 politius
619 3531 871 3608 Themistoclis
888 3533 956 3605 luit
973 3533 1072 3605 utilis
1094 3533 1246 3626 patriae:
1270 3507 1274 3546 ¹
1299 3558 1457 3636 tempus,
1479 3543 1546 3613 etsi
1567 3565 1678 3637 usqne
1689 3545 1735 3612 ud
1749 3537 1933 3614 Christum
1949 3566 2116 3618 mansura
2132 3557 2199 3614 erat
2211 3565 2262 3634 po·
2295 3535 2296 3542 '

454 3641 586 3735 politia
605 3635 771 3722 Periclis,
805 3635 940 3705 etiamsi
962 3635 1249 3727 eratsplendida,
1299 3646 1376 3719 litia
1395 3643 1557 3728 ludaico,
1583 3656 1701 3714 tamen
1718 3657 1753 3715 et
1776 3643 1888 3736 ipsam
1912 3643 2042 3718 misere
2054 3647 2263 3741 quassandum
2295 3697 2296 3700 ,

460 3759 579 3817 “³¹²⁰
594 3761 667 3810 ¹¹⁰⁰
682 3735 751 3808 full
767 3735 902 3836 patriae
914 3735 1088 3810 ‘limm-
1275 3813 1280 3821 .
1300 3771 1391 3834 ease,
1416 3763 1451 3820 et
1473 3760 1592 3840 postea
1617 3767 1691 3819 non
1711 3745 1788 3816 lore
1808 3762 1938 3816 certam
1959 3749 2080 3819 aedem
2101 3745 2263 3824 Ecclesiae,
2295 3749 2296 3818 ζ

410 3861 457 3941 V'.
506 3856 698 3962 Proprium
725 3877 857 3924 munus
882 3850 988 3924 Pauli
1015 3853 1103 3940 luit,
1149 3857 1247 3950 quod
1299 3865 1362 3922 ant
1381 3873 1495 3922 nuum
1513 3848 1659 3942 aliquod
1684 3869 1833 3938 regnum
1855 3852 2031 3942 usquead
2052 3852 2154 3920 finem
2177 3843 2263 3917 huius

340 4037 343 4044 ,
463 3959 656 4038 illustravit
682 3955 877 4028 discrimen
902 3955 989 4047 legis
1019 3970 1054 4029 et
1083 3949 1248 4048 Evange·
1300 3950 1451 4036 mundi,
1470 3963 1512 4021 nt
1526 3943 1689 4020 homines
1702 3966 1879 4048 quaerunt
1893 3949 2024 4022 animis
2038 3967 2073 4024 et
2087 3950 2263 4021 oculiscer·

462 4067 522 4154 lii,
547 4059 714 4136 refutavit
733 4057 940 4151 opinionem
958 4057 1102 4128 infixam
1117 4057 1248 4130 animis
1299 4067 1372 4127 tam
1387 4054 1505 4123 sedem
1522 4064 1557 4122 et
1572 4063 1708 4122 eertum
1722 4071 1893 4140 regnum,
1916 4049 1954 4122 iu
1971 4077 2047 4150 quo
2060 4061 2263 4124 conservetur

414 4150 420 4159 ’
452 4169 622 4243 omnium
656 4155 866 4244 bominum,
907 4182 977 4252 qna
1008 4157 1248 4251 imaginamur
1297 4149 1468 4228 Ecclesia.
1525 4150 1597 4223 Sed
1620 4151 1877 4247 dispersionem
1903 4170 2024 4240 vocat,
2053 4179 2094 4225 ac
2114 4151 2263 4242 significat

462 4294 529 4344 nos
546 4271 621 4358 lege
641 4278 674 4337 et
689 4261 821 4337 nostris
836 4260 1030 4332 virtutibus
1045 4262 1174 4336 mereri
1189 4285 1247 4335 re·
1297 4277 1444 4348 magnas
1456 4256 1534 4326 lore
1546 4275 1738 4346 regnorum
1753 4255 1978 4342 mutationes,
2001 4257 2069 4328 sub
2085 4257 2206 4351 quibus
2218 4271 2264 4320 re-

462 4371 668 4444 missionem
691 4377 937 4456 peccatorum,
971 4375 1005 4434 et
1025 4363 1138 4435 iustos
1160 4389 1247 4442 esse.
1297 4357 1431 4455 liqniae
1444 4358 1779 4454 quantulaecunque
1792 4367 1909 4442 erunt,
1932 4357 2023 4430 sicut
2032 4354 2263 4450 Apostolorum

464 4474 534 4550 tlte
557 4481 702 4549 contra,
735 4479 912 4538 monstrat
933 4461 1068 4538 Filium
1089 4461 1178 4548 Dei,
1212 4480 1248 4540 et
1269 4441 1275 4554 l
1298 4475 1335 4534 et
1352 4457 1554 4556 Martyrum
1577 4471 1737 4554 ternpore
1758 4454 1853 4532 oculi
1878 4472 2069 4564 testantur,
2093 4452 2262 4570 Ecclesiam

361 4619 367 4628 ‚
397 4587 400 4594 ’
462 4571 666 4656 contendit,
704 4581 850 4663 propter
883 4561 979 4642 hunc
1012 4567 1245 4642 mediatorem
1298 4563 1407 4634 luisse
1433 4560 1623 4662 dissipatos
1654 4577 1796 4650 coetus,
1827 4557 1864 4632 et
1889 4561 1965 4632 sine
1996 4575 2093 4632 certo
2123 4557 2263 4648 imperto.

464 4677 572 4774 gratis
598 4673 667 4750 tide
694 4669 865 4765 consequi
895 4667 1140 4740 remissionem
1168 4695 1246 4742 cre-
1268 4653 1272 4742 }
1297 4663 1423 4738 Postea
1438 4659 1605 4744 haeretici
1622 4675 1657 4735 et
1677 4663 1859 4759 sequentia
1877 4685 1984 4755 regna
2001 4663 2156 4733 lecerunt
2171 4669 2263 4724 novas

461 4786 597 4863 dentes,
617 4787 656 4848 et
671 4771 903 4868 pronunciari
918 4769 1047 4858 iustos,
1072 4784 1108 4845 et
1124 4771 1174 4846 sic
1188 4774 1246 4844 in-
1267 4750 1272 4808 Ι
1297 4765 1554 4860 dispersiones,
1579 4760 1621 4838 nt
1636 4765 1799 4837 videmus
1814 4763 2008 4838 Ecclesiam
2024 4763 2092 4834 sub
2106 4755 2223 4831 Turris
2234 4763 2261 4820 et

262 4925 267 4932 ·
377 4869 380 4876 ’
461 4880 559 4957 eoari
575 4879 614 4951 in
630 4876 737 4948 nobis
751 4874 861 4949 eitam
877 4888 1071 4950 artemam.
1297 4870 1377 4941 aliis
1392 4869 1534 4962 regibus
1548 4868 1639 4942 tristi
1655 4867 1824 4944 servitute
1841 4865 1967 4962 premi.
2075 4953 2078 4958 Ι
2236 4952 2244 4966 1

409 4985 457 5068 Et
469 5000 511 5062 ut
523 4977 817 5072 laone-gratuitam
826 4975 1127 5050 condonationem
1141 5000 1245 5080 prae·
1398 4969 1586 5046 Discamns
1609 4969 1720 5072 igitur
1740 4991 1843 5080 nopae
1858 4963 2070 5052 Ecclesiam,
2095 4975 2129 5036 et
2144 4973 2261 5066 somme

460 5091 596 5164 dicaret
619 5079 719 5166 orbi,
750 5077 924 5170 singulari
957 5078 1064 5150 ruodo
1099 5095 1245 5155 vocatus
1295 5079 1340 5150 de
1364 5073 1523 5172 imperiis
1555 5076 1786 5168 deponamus
1832 5069 2032 5168 Sperabant
2062 5081 2095 5140 et
2117 5053 2261 5182 Apostolr

459 5205 530 5277 est,
554 5175 974 5268 utcnmluissetlrostis,
997 5202 1063 5252 suo
1084 5181 1246 5256 testimo·
1267 5185 1271 5222 ³
1296 5202 1440 5252 sumam
1474 5187 1641 5262 aetatem,
1674 5189 1710 5249 et
1734 5171 1877 5268 potitiae
1910 5171 2031 5268 pulcre
2064 5173 2260 5279 constantes,

458 5293 522 5364 nin
538 5287 760 5372 ostenderet,
783 5281 892 5378 gratis
914 5278 1027 5378 recipi
1048 5283 1244 5374 credentes,
1267 5268 1271 5324 ¹
1296 5305 1388 5382 quac
1404 5281 1612 5358 riderentur
1627 5277 1748 5350 lutura
1763 5289 1932 5372 perpetua
1946 5287 1980 5346 et
1993 5285 2087 5344 certa
2101 5257 2260 5340 domrctha
