4674 5822
94 155 186 234 1077
374 151 479 231 xn.·
506 109 902 227 aerumnosus
924 145 993 222 ur
1017 134 1312 223 conciones-
1336 137 1387 214 m
1417 107 1872 224 uvaun.1oann1s.‘
2017 152 2115 228 rora

93 327 352 412 descendimus,
379 339 432 398 est
451 325 568 418 ipsum
583 348 655 396 esse
669 323 806 410 sinum,
830 345 902 417 quo
917 319 1078 405 ferimur,
1127 314 1326 406 exemplum
1353 301 1616 389 confirmendde
1639 315 1722 386 fidei
1747 317 1786 388 in
1814 321 1951 394 orando
1974 317 2112 396 exhibi-

93 435 177 504 sicut
190 426 318 503 Esaiae
332 425 480 502 XLVl.:
508 424 582 517 Qui
605 427 799 519 portamini
821 449 839 494 a
864 448 941 494 meo
962 434 1076 503 utero,
1126 429 1215 490 tum.
1266 413 1390 486 Primo
1412 416 1627 508 veniendum
1650 431 1702 490 cst
1720 418 1848 494 fiducia
1877 423 1987 495 solius
2006 427 2113 499 mise·
2185 501 2190 510 ,

93 557 151 624 ego
172 532 260 613 feci,
282 553 345 621 ego
367 531 478 599 feram
502 542 537 600 et
554 529 704 621 portabo
727 543 760 598 et
775 527 932 600 salvabo.
984 523 1075 594 Ter·
1124 514 1299 589 ricordiae
1314 518 1390 589 eius
1404 518 1539 589 nullius
1556 521 1818 610 praerogativae
1830 525 1958 598 merito
1972 541 2111 618 nostro;

93 637 158 718 tio,
184 657 262 706 non
285 633 482 718 ascendunt
502 645 563 700 aut
584 632 805 701 descendunt
821 627 861 700 in
878 628 987 713 scala,
1012 626 1075 719 qni
1125 644 1209 691 nam
1236 619 1317 689 ideo
1342 634 1489 718 matrem
1504 643 1523 690 a
1541 643 1577 690 se
1594 619 1718 709 reiicit,
1740 635 1779 694 ut
1793 627 1961 698 omnibus
1975 645 2113 724 aequet,

92 761 151 808 suo
172 733 386 819 dictamine,
411 756 475 802 suo
499 731 635 804 lumine
657 745 846 823 reguntur,
870 744 931 801 aut
953 728 1015 824 qui
1036 728 1076 836 in
1124 723 1283 816 adeoque
1315 723 1420 794 etiam
1449 721 1592 793 mulieri
1615 724 1800 816 peccatrici
1826 742 1887 800 ant
1906 726 2112 824 Syrophoe-

91 837 237 910 insticiis
266 834 383 906 carnis
412 834 555 919 vivunt,
587 849 649 906 aut
677 834 997 928 quomodocunque
1021 853 1076 900 se·
1124 825 1239 895 nissae
1260 837 1325 898 ete.
1376 823 1559 909 Secundo,
1592 826 1690 918 quod
1714 829 1923 918 petivimus,
1949 835 2111 907 commit-

92 941 244 1011 cundum
273 961 415 1008 caruem
442 936 637 1010 ambulant.
696 934 854 1024 Quarto,
889 935 1075 1007 ascendere
1124 927 1273 998 tendum
1301 937 1354 996 est
1383 928 1459 997 eius
1487 927 1681 1009 voluntati,
1718 929 1809 1002 sicut
1825 927 1950 1013 ¹David
1971 933 2112 1028 Ηυξ.

91 1041 242 1132 primum
266 1053 338 1125 est,
372 1038 456 1134 quia
477 1051 616 1129 oportet
637 1037 792 1127 primum
815 1059 878 1126 per
902 1036 1007 1105 fidem
1030 1036 1075 1104 ad
1123 1025 1216 1114 XV„
1234 1039 1268 1097 ct
1282 1027 1373 1098 sicut
1388 1031 1548 1122 leprosus
1564 1028 1631 1100 ait:
1659 1027 1824 1120 Domine,
1839 1033 1869 1104 si
1878 1034 1942 1121 vis,
1959 1050 2112 1128 patescet

91 1141 201 1214 Deum
219 1141 420 1216 ascendere.
470 1136 693 1210 Descendcre
707 1138 883 1232 posterius
898 1150 961 1211 est.
1012 1135 1076 1208 Est
1123 1153 1179 1199 me
1195 1131 1379 1200 mundare·
1430 1129 1571 1216 Τθῐῑὶθ,
1598 1132 1818 1205 ⁰⁰mfflltlere
1834 1135 2112 1232 elusvoluntati,

91 1259 202 1314 autem
226 1244 363 1314 fructus
386 1263 549 1312 ascensus
572 1241 784 1334 praedicatio
804 1239 906 1310 verbi
921 1243 1075 1310 ct'omne
1124 1254 1197 1300 nou
1213 1232 1410 1323 desperare,
1437 1233 1498 1302 ted
1512 1245 1705 1323 expectare,
1731 1235 1821 1307 etin
1837 1237 1906 1308 nde
1921 1239 2112 1312 consistere

90 1368 175 1436 opus
204 1341 397 1415 charitatis.
464 1340 613 1414 Coelum
639 1356 799 1434 apertum
824 1341 957 1413 dicitnr
979 1340 1076 1412 iuxta
1123 1335 1445 1426 quomodocunque
1496 1335 1732 1426 dispositurus
1779 1337 1826 1410 sit
1865 1343 1962 1433 quod
2010 1344 2112 1434 petis.

91 1445 225 1516 Esaiam
246 1443 398 1516 XXlV.:
433 1441 580 1516 Utinam
609 1446 829 1535 dirumperes
850 1443 988 1513 coelum
1010 1456 1074 1517 cte.
1124 1434 1283 1524 Quarto,
1322 1434 1414 1511 sicut
1442 1450 1556 1507 mater
1576 1452 1758 1536 expectat,
1796 1453 1830 1510 et
1857 1441 1957 1515 iuh'et
1988 1445 2112 1516 audire

90 1547 149 1617 Est
167 1561 306 1630 autem,
331 1547 467 1617 aditum
485 1548 590 1620 nobis
607 1570 680 1620 esse
694 1549 738 1617 ad
754 1560 888 1638 patrem
902 1568 965 1637 per
979 1539 1075 1632 hunc
1123 1537 1292 1636 quicquid
1310 1537 1450 1608 iusserit
1463 1533 1647 1627 Christus,
1667 1541 1715 1610 ita
1733 1564 1799 1610 uos
1815 1557 2053 1635 expectemus,
2078 1560 2112 1618 et

91 1639 292 1740 ponfificem'
305 1645 500 1722 Christum,
803 1706 805 1710 ,
868 1685 878 1700 ,
1123 1638 1214 1709 sicot
1236 1639 1286 1709 ait
1301 1637 1510 1729 Apostolus:
1549 1639 1727 1712 Instemus
1747 1644 1921 1731 orationi,
1955 1661 1990 1718 et
2014 1671 2112 1730 com·

1123 1742 1331 1810 mendemus
1345 1739 1443 1810 fideli
1458 1743 1608 1812 creatori
1624 1743 1761 1813 animas
1781 1760 1942 1833 nostros,
1970 1751 2003 1820 1.
2015 1745 2112 1822 Petr.

463 1867 602 1976 caput
645 1868 700 1953 Π.
1125 1839 1188 1915 lV.
1234 1839 1392 1930 Quinto,
1418 1842 1508 1913 sicut
1521 1839 1581 1912 hic
1593 1845 1811 1916 obsecundat
1829 1848 1934 1919 etiam
1950 1872 2031 1918 eum
2047 1874 2112 1921 ue-

1011 1985 1013 1989 .
1123 1963 1216 2012 cesse
1230 1943 1388 2028 videtur,
1411 1944 1460 2012 ita
1478 1967 1544 2012 nos
1559 1947 1762 2032 credamus,
1786 1971 1866 2018 eum
1891 1949 2110 2044 nobispraea

1123 2058 1176 2116 sto
1192 2044 1287 2125 fore,
1320 2045 1462 2138 quando
1485 2046 1672 2117 necessitas
1687 2049 1937 2138 postulaverit,
1963 2053 2065 2122 etiam
2081 2053 2113 2122 si

175 2147 353 2224 -Christus
373 2165 521 2222 matrem
544 2146 677 2232 reiicit,
700 2162 741 2219 ut
765 2161 891 2240 aequet
912 2145 991 2216 aliis
1007 2141 1075 2217 ho·
1123 2146 1351 2239 dereliquisse
1389 2146 1563 2220 videatur.
1631 2145 1691 2219 Sic
1728 2149 1849 2242 inquit
1883 2146 2008 2222 Esaias
2037 2178 2112 2246 cap.

92 2253 247 2324 minibus
271 2277 349 2325 curn
373 2252 508 2346 inquit:
544 2248 644 2339 Quid
667 2244 757 2318 milri
782 2262 894 2320 tecum
921 2262 973 2320 est
994 2273 1073 2318 mn-
1121 2244 1251 2319 LVll.:
1275 2246 1359 2318 Nun
1377 2251 1545 2340 usquead
1560 2247 1667 2317 linem
1683 2249 1824 2321 irascar.
1842 2248 2006 2342 ,Praeter
2024 2255 2112 2325 alle-

93 2355 178 2425 lier?
205 2356 308 2448 quasi
326 2355 475 2427 diceret:
528 2351 624 2442 Quia
642 2364 752 2422 mater
769 2374 824 2437 es,
848 2349 1074 2420 ideovideris
1122 2349 1256 2438 goriam
1276 2351 1389 2420 multa
1414 2350 1516 2420 docet
1534 2345 1621 2419 haee
1641 2345 1810 2438 historia3
1842 2353 2018 2446 primum,
2043 2377 2114 2428 nu-

92 2456 237 2526 alicuius
265 2456 525 2547 praerogativae
555 2453 683 2524 merito
704 2476 725 2522 a
747 2478 803 2523 me
825 2452 1073 2542 impetratura3
1123 2451 1213 2541 ptias
1240 2473 1314 2522 esse
1341 2451 1504 2543 probatas
1533 2453 1731 2544 praesentia
1753 2448 1887 2526 Christi
1895 2481 1904 2542 ;
1945 2459 2135 2544 secundo,

92 2556 168 2627 ideo
191 2559 299 2641 scias,
325 2569 361 2627 te
383 2581 457 2626 non
481 2556 594 2647 pluris
616 2577 690 2625 csse
713 2555 806 2643 apud
824 2577 880 2623 me
895 2577 998 2647 quam
1017 2555 1074 2623 vel
1122 2552 1384 2624 solicitudinem
1400 2549 1533 2624 Christi
1550 2577 1615 2644 pro
1633 2555 1730 2624 victu
1743 2570 1867 2628 nostro
1882 2571 1946 2630 etc.
1987 2558 2113 2631 Simile

93 2659 218 2728 mulier
249 2657 423 2750 peccatrix
448 2671 500 2728 est
522 2657 578 2726 vel
602 2652 900 2753 Syrophoenissa3
925 2669 1072 2727 'tantum
1123 2655 1321 2747 exemplum
1339 2649 1449 2726 habes
1466 2651 1502 2726 4.
1514 2651 1654 2745 Regum
1669 2651 1731 2730 lV.

93 2759 315 2851 impetrabis,
345 2773 519 2853 qnantum
542 2759 661 2828 credes
683 2757 956 2831 misericordiae.
1006 2754 1073 2827 At-

94 2884 159 2951 que
183 2862 233 2932 ita
256 2861 373 2932 omnis
394 2860 636 2953 praerogativa
653 2859 768 2929 carnis
786 2861 992 2943 damnatur,
1017 2882 1074 2929 sa·
1204 2961 1205 2964 Ἴ
1225 2884 1394 2986 Nuptiae
1416 2883 1564 2982 fiebam
1589 2890 1629 2962 pn
1656 2885 1768 2964 Cana
1796 2886 2012 2966 Galilaeae·

94 2961 246 3051 pientia,
271 2962 409 3033 iusticia
432 2962 547 3032 carnis
569 2974 605 3032 et
621 2959 791 3054 quicquid
810 2961 880 3032 tale
896 2974 958 3033 est.
1009 2961 1073 3030 Se·
1279 3029 1301 3054 ,ἵ

96 3065 229 3150 cundo,
255 3057 416 3134 nondum
440 3063 537 3133 venit
558 3057 647 3134 hora
669 3086 765 3145 mea,
791 3062 815 3132 i.
836 3087 866 3131 e.
888 3085 995 3155 penes
1017 3086 1074 3132 me
1225 3058 1400 3151 Nuptiae,
1440 3085 1515 3132 non
1536 3057 1670 3133 Christi
1697 3067 1863 3158 nuptiae,
1895 3069 1957 3137 s'ed
1988 3065 2114 3158 populi

95 3177 145 3234 est
164 3179 337 3250 statuere,
363 3167 506 3258 quando
530 3165 804 3236 succurrendum
827 3163 891 3249 sit,
915 3187 990 3233 non
1013 3169 1082 3256 pe-'
1125 3186 1206 3234 cnm
1236 3163 1312 3252 lege
1349 3161 1558 3252 significant.
1618 3162 1688 3235 Hic
1717 3169 1871 3260 populns
1902 3168 2005 3254 vino,
2037 3169 2061 3238 i.
2084 3191 2115 3240 e.

96 3281 221 3354 neste3
249 3290 325 3336 non
341 3268 537 3360 quandotu
553 3267 623 3349 vis,
648 3265 708 3334 sed
725 3267 868 3358 quando
884 3265 995 3354 gloria
1012 3289 1075 3357 pa·
1125 3261 1320 3354 Evangelio
1336 3264 1464 3338 delicit.
1490 3295 1492 3298 ·
1514 3263 1643 3355 Legem
1669 3268 1788 3349 audit,
1822 3283 1857 3341 et
1881 3294 1922 3338 ex
1946 3269 2115 3360 operibus

97 3367 158 3435 tris
176 3369 337 3462 postulat
360 3392 519 3439 snccnro.
581 3367 724 3452 Tertio,
754 3369 935 3461 quomodo
958 3380 1074 3438 autem
1115 3367 1212 3458 ¹legis
1229 3365 1367 3459 quaerit
1387 3366 1582 3451 iusticiam,
1615 3383 1777 3460 quaeest
1799 3393 1893 3440 mera
1916 3366 2115 3465 hypocrisis

98 3471 331 3550 conveniunt,
355 3471 451 3562 quod
473 3483 576 3559 negat
598 3464 724 3540 horam
747 3493 846 3538 suam
862 3471 1016 3555 venisse,
1042 3482 1076 3539 et
1127 3469 1292 3558 ignorans
1306 3467 1465 3538 iusticias
1477 3469 1606 3554 cordis,
1633 3482 1790 3563 quaeest
1802 3471 1941 3543 iusticia
1957 3472 2116 3565 spiritus.

97 3580 210 3641 umen
228 3586 347 3664 postea
365 3594 439 3642 rem
453 3570 613 3669 perlicit?
652 3567 880 3661 Respondeo:
907 3567 985 3640 lloc
998 3594 1076 3640 ver·
1128 3569 1240 3642 lsrail
1261 3570 1408 3654 electus,
1437 3569 1500 3662 qui
1520 3584 1677 3662 expectat
1695 3567 1992 3664 redemptionem,
2014 3585 2117 3665 rogat

98 3669 200 3758 burn,
233 3673 394 3744 nondum
425 3673 521 3744 venit
551 3667 639 3742 hora
669 3696 765 3757 mea,
794 3669 863 3743 hoc
892 3696 967 3742 non
989 3670 1078 3756 vult,
1127 3673 1251 3740 vinum
1268 3671 1371 3744 mitti.
1416 3666 1580 3742 Christus
1597 3673 1716 3744 differt
1732 3674 1924 3748 adventum
1938 3699 2056 3762 snum,
2081 3689 2117 3746 et

99 3775 190 3862 quod
214 3773 423 3864 simpliciter
444 3769 504 3844 hic
526 3797 601 3844 non
616 3773 723 3846 luerit
740 3768 827 3844 hora
842 3774 997 3844 faciendi
1008 3774 1076 3842 mi·
1129 3772 1214 3843 sinit
1230 3785 1332 3842 antea
1348 3771 1458 3864 afiligi
1475 3775 1646 3866 populum
1662 3800 1770 3869 quam
1789 3778 1918 3850 veniat.
1956 3775 2116 3872 Hydriae

99 3876 311 3962 raculi‚.sed
338 3875 435 3963 vult,
459 3896 535 3945 non
556 3899 629 3945 esse
653 3875 774 3946 matris
798 3888 858 3946 aut
880 3875 989 3945 ullius
1010 3869 1077 3944 ho·
1128 3899 1187 3945 sex
1221 3876 1418 3946 doctrinam
1447 3875 1534 3965 legis
1566 3891 1850 3968 repraesentant,
1902 3879 1982 3950 ideo
2017 3875 2117 3949 addit

100 3973 203 4046 minis
232 3990 382 4049 statuere
411 3973 554 4058 horam,
591 3977 691 4071 quasi
713 3977 862 4048 diceret:
904 3975 944 4048 Si
971 3975 1079 4048 fuerit
1128 3975 1367 4066 Evangelista:
1412 3974 1618 4049 Secundum
1652 3981 1933 4071 purificationem
1965 3976 2117 4050 Iudaeo·

99 4066 183 4146 hora
195 4101 291 4164 mea,
317 4079 341 4148 i.
358 4103 386 4148 e.
404 4079 434 4147 si
451 4080 615 4149 voluntas
629 4079 877 4171 patrisfuerit,
903 4079 932 4147 si
946 4077 1078 4167 gloriae
1130 4103 1221 4152 rum.
1273 4074 1322 4148 Iis
1337 4077 1539 4148 infunditur
1556 4103 1646 4173 aqua
1665 4103 1754 4174 quae
1770 4081 1892 4154 vinum
1915 4082 1970 4162 lit,
2004 4081 2042 4151 id
2065 4094 2117 4153 est

102 4180 206 4264 patris
227 4179 372 4264 referet,
401 4176 475 4252 fiet.
534 4178 600 4251 Sin
622 4193 739 4251 autern
765 4205 839 4250 non
862 4181 968 4252 luerit
990 4175 1077 4250 hora
1129 4175 1384 4270 Evangelium,
1424 4183 1521 4273 quod
1551 4182 1832 4254 mortificationis
1863 4181 2024 4254 doctrina
2055 4194 2118 4255 est.

102 4297 193 4362 mea,
219 4283 244 4358 i,
261 4280 339 4366 e.„si
362 4282 525 4352 voluntas
539 4282 650 4373 patris
663 4306 739 4352 non
752 4282 877 4368 fuerit,
903 4283 932 4353 si
948 4280 1079 4372 gloriae
1129 4285 1237 4367 item,
1268 4279 1424 4353 ministri
1445 4304 1572 4375 aquam
1600 4284 1814 4372 infundunt,
1850 4284 1932 4379 quia
1961 4283 2118 4356 ministri
2243 4285 2254 4298 “

103 4383 207 4465 patris
228 4408 304 4453 non
327 4383 470 4464 celeret,
495 4408 571 4454 non
591 4384 662 4458 liet.
714 4383 775 4455 Sic
791 4409 865 4454 non
880 4397 984 4475 negat
1001 4383 1081 4476 qui·
1132 4408 1205 4454 non
1243 4383 1478 4469 sanctificant,
1524 4387 1586 4456 sed
1608 4375 1781 4456 Christu's.
1842 4381 2118 4459 Architriclinus

104 4479 179 4550 dem
204 4481 387 4570 Christus,
421 4487 482 4554 sed
513 4486 678 4557 affectum
706 4500 826 4557 nostra
854 4497 1081 4580 quaerentem
1133 4495 1369 4577 repraesentat
1391 4487 1580 4578 Apostolos
1601 4500 1636 4557 et
1657 4488 1934 4579 praedicatores,
1960 4489 2022 4584 qni
2044 4489 2117 4558 dis-

104 4586 278 4673 reprimit,
303 4587 541 4676 essigniaco,
563 4587 739 4657 voluntati
754 4587 862 4678 patris
875 4588 1082 4682 permitten-
1133 4601 1284 4679 pensant
1301 4588 1461 4658 verbnm.
1513 4586 1561 4660 Et
1578 4588 1605 4656 ii
1619 4589 1808 4676 mirantur,
1833 4614 1875 4660 ex
1889 4614 1980 4686 aqna
1993 4589 2118 4660 vinum

105 4681 184 4754 dum
207 4688 399 4785 essequod
424 4689 585 4782 petimus.
652 4686 699 4758 Et
721 4690 804 4781 quia
826 4704 944 4779 postea
968 4688 1082 4769 faciet,
1133 4690 1230 4770 lieri,
1256 4689 1279 4759 i.
1299 4713 1332 4759 c.
1353 4689 1502 4762 stultitia
1516 4689 1790 4780 praedicationis
1812 4693 1928 4780 saluos
1950 4691 2026 4761 fieri
2042 4714 2119 4761 ere·

107 4783 293 4875 significat,
319 4813 354 4858 se
376 4813 453 4859 non
474 4792 632 4862 deserere
650 4812 871 4884 quenquem,
907 4790 992 4862 licet
1009 4813 1084 4860 non
1133 4793 1267 4864 dentes.
1301 4788 1331 4859 li
1346 4791 1552 4861 discernunt
1564 4785 1799 4890 Evangelium
1815 4817 1836 4865 a
1853 4791 2023 4884 sapientia
2041 4815 2119 4862 car-

107 4905 184 4956 mox
197 4892 376 4964 exaudisse
388 4891 564 4965 videatur.
615 4890 773 4980 Quarto,
795 4891 1083 4982 proindeviden-
1133 4894 1200 4962 nis.
1253 4889 1455 4984 Sapientiae
1477 4892 1591 4962 carnis
1616 4894 1800 4987 desyderia
1821 4895 2009 4986 peribunt,
2034 4891 2120 4964 insti

108 4985 287 5079 domest,
320 4993 407 5086 quid
439 5006 552 5065 mater
582 4993 697 5068 iaciat.
765 4992 848 5063 Non
869 4993 1085 5083 indignatur,
1132 5007 1251 5090 autem
1269 5017 1343 5063 non
1361 4994 1691 5069 commovebuntur.
1746 4993 1855 5082 Item,
1878 4996 2049 5088 populum
2066 4992 2118 5065 ls-

109 5107 179 5160 non
194 5096 372 5186 desperat,
399 5097 460 5166 sed
477 5095 639 5181 confidit,
663 5097 857 5176 facturum,
885 5097 978 5187 quod
995 5096 1085 5186 peti·
1134 5095 1209 5165 radl
1237 5094 1392 5187 primum
1421 5097 1517 5166 bono
1548 5095 1631 5166 vino
1661 5099 1796 5191 potavit
1833 5111 1951 5188 pater,
1988 5097 2120 5167 scilicet

110 5208 211 5266 verat
259 5196 363 5268 lubet
384 5211 418 5269 et
439 5210 619 5288 expectare
641 5212 676 5267 et
697 5198 810 5268 faeere
832 5196 1001 5289 quicquid
1018 5197 1085 5266 im-
1135 5196 1229 5286 lege;
1254 5199 1316 5266 sed
1333 5197 1415 5289 quia
1429 5197 1579 5268 carnalis
1593 5199 1745 5289 populus
1760 5209 1853 5283 erat,
1876 5198 1959 5269 fecit
1980 5221 2022 5268 ex
2043 5199 2119 5288 lege

112 5310 291 5379 paraturus
316 5311 407 5370 esset
430 5293 604 5370 Christus.
663 5295 730 5370 Est
759 5311 876 5368 autem
908 5297 1084 5388 egregium
1107 5355 1112 5381 ,
1135 5298 1306 5390 imagines
1320 5299 1544 5385 masculinas,
1561 5299 1770 5370 traditiones
1784 5313 1818 5372 et
1831 5323 1938 5392 opera
1953 5298 2119 5372 carnalia.

1413 5393 1497 5469 68*

272 2009 380 2112 Quid
400 2007 499 2085 mihi
520 2022 635 2085 tecum
660 2021 712 2084 est
734 2008 895 2083 mulier?
