4714 5826
225 193 275 268 55

234 395 295 456 ca,
326 369 425 441 velut
455 388 558 458 aegro
583 387 751 458 corpore,
784 364 918 434 maiora
938 364 1031 434 mala
1054 363 1229 437 accidant.

234 590 286 647 te:
313 577 432 645 πᾶσαι
448 567 861 667 μεταβολαὶποιιτειῶν
875 561 1158 663 θανατηφόροι,
1186 569 1222 636 id

237 689 307 761 est,
341 697 465 746 omnes
492 674 705 744 mutationes
734 669 1097 762 Rerumpublicarum
1129 671 1227 738 adfe-

235 791 322 848 runt
345 777 477 850 caedes.
530 773 615 845 Ideo
638 789 671 846 et
685 769 754 844 hoc
770 773 904 844 dictum
920 797 1021 863 saepe
1039 773 1225 864 repetitur:

237 878 376 950 Malum
393 881 482 948 bene
498 877 680 948 conditum
699 900 773 945 non
792 889 842 946 est
856 878 1085 948 movendum.

339 979 408 1052 Sed
430 975 489 1048 bic
511 1001 652 1049 necesse
672 991 724 1048 est
744 977 828 1047 addi
845 971 937 1046 hanc
956 963 1225 1047 correctionem.

238 1083 330 1154 Cum
357 1081 518 1152 doctrina
541 1092 592 1150 εει
616 1080 745 1172 impia,
772 1093 806 1149 et
829 1079 922 1169 leges
946 1080 1133 1149 stabiliunt
1157 1079 1226 1144 im-

237 1185 312 1276 pias
333 1184 523 1275 opiniones
546 1194 581 1253 ει
601 1182 717 1263 idola,
743 1203 882 1250 necesse
903 1195 954 1250 εει
979 1180 1146 1250 anteferri
1169 1203 1225 1248 re-

237 1288 353 1376 gulas:
379 1285 419 1357 Si
437 1285 515 1380 quis
531 1283 627 1353 aliud
643 1279 878 1373 Evangelium
892 1284 1011 1368 docet,
1037 1277 1224 1353 anathema

237 1388 292 1460 sit.
346 1386 454 1457 Item:
482 1381 636 1477 Oportet
651 1382 729 1455 Deo
746 1407 855 1475 magis
873 1385 1018 1455 obedire
1035 1407 1140 1477 quam
1159 1378 1225 1452 ho·

236 1489 405 1559 minibus.
460 1486 564 1558 ltem:
596 1482 824 1578 Blaspbemia
847 1510 922 1555 non
944 1487 1143 1556 remittetur
1162 1509 1225 1553 ne·

186 1617 189 1624 ’
237 1615 346 1694 que
332 1591 371 1660 in
392 1585 461 1660 hoc
484 1613 600 1682 neque
621 1589 743 1660 futuro
765 1589 895 1662 seculo.
947 1584 993 1656 Et
1009 1613 1087 1657 cum
1103 1587 1149 1655 sit
1164 1609 1223 1654 ne-

119 1737 124 1752 »
237 1672 385 1762 cessaria
405 1693 624 1775 emendatio,
649 1689 1225 1780 nontransferunturlimitespa-
1285 1769 1287 1777 y

236 1809 351 1880 trum,
385 1796 445 1866 sed
474 1793 723 1865 restituuntur.
788 1790 883 1879 Quia
913 1792 1073 1862 doctrina
1100 1791 1226 1881 primis

236 1897 397 1990 patribus
426 1893 542 1966 aDeo
569 1895 699 1965 tradita
727 1893 944 1978 restituitur,
977 1895 1067 1962 sicut
1092 1894 1223 1962 dictum

239 2013 290 2070 est
311 2022 332 2068 a
354 1997 600 2068 Tertulliano:
625 1994 790 2067 Primum
813 1997 980 2090 quodque
1003 1994 1225 2064 verissimum

238 2113 302 2174 est.
356 2097 426 2172 Sed
450 2099 640 2190 diligenter
662 2097 877 2192 inquirenda
900 2110 950 2167 est
971 2120 1052 2166 vera
1069 2096 1225 2188 antiqui-

237 2217 307 2288 tas,
334 2215 368 2273 et
388 2223 515 2290 magna
537 2215 589 2272 est
610 2199 833 2270 confirmatio
853 2199 958 2283 fidei,
983 2200 1122 2288 cognita
1138 2199 1228 2267 serie

239 2295 624 2396 tempor'umEcclesiae
639 2301 767 2391 eligere
779 2302 981 2371 testimonia
998 2325 1139 2385 eorum,
1166 2301 1228 2392 qui
1279 2367 1288 2385 ,

238 2407 512 2477 fundamentum
530 2402 766 2474 retinuerunt.

509 2591 511 2596 A
565 2655 704 2770 Caput
734 2656 898 2743 XXlll.

293 2810 389 2894 Cum
408 2813 510 2892 sedes
531 2827 571 2890 ιιι
591 2814 759 2890 comedas
781 2840 860 2886 cum
881 2823 1041 2911 potente,
1068 2813 1122 2884 sis
1140 2837 1228 2884 can-

343 2934 421 3004 tus,
448 2932 481 2993 et
496 2943 590 3018 pons
606 2916 765 2992 cultrum
781 2917 1077 3012 singultantem,
1106 2926 1137 2988 ct
1153 2941 1231 2986 ser-

344 3051 401 3098 res
419 3023 533 3094 vitam
551 3032 655 3094 tuom
670 3031 733 3096 ιιι.

344 3158 472 3235 Aulica
490 3160 690 3232 admonitio
705 3174 767 3231 est.
818 3155 910 3229 Cum
927 3159 1141 3250 periculosae
1159 3161 1230 3229 sint

240 3265 497 3338 familiaritates
519 3276 721 3353 potentum,
747 3261 795 3331 sis
818 3273 998 3342 cantuset
1015 3260 1229 3350 circumspe-

242 3384 319 3440 ctus
348 3368 386 3436 in
408 3366 609 3459 loquendo,
638 3378 807 3457 tanquam
829 3362 985 3451 gladium
1010 3364 1144 3450 gutturi
1166 3365 1228 3432 ad-

240 3492 407 3550 movens,
431 3464 581 3558 nequid
598 3479 729 3535 temere
746 3465 859 3549 dicas,
886 3465 982 3557 quod
999 3464 1063 3534 tibi
1083 3465 1227 3534 exitium

240 3573 366 3646 adfert.
418 3568 467 3642 Ut
491 3568 694 3661 Alexander
716 3567 852 3636 Clitum
877 3565 1024 3635 liberius
1049 3567 1228 3638 contradi·

239 3688 376 3746 centem
395 3672 433 3740 in
448 3670 613 3741 convivio
630 3668 836 3738 interfecit.'
871 3665 1004 3738 Extant
1019 3667 1152 3736 similes
1166 3669 1230 3738 ad-

239 3774 456 3846 monitiones
476 3771 609 3841 mnltae
627 3771 670 3840 cle
688 3769 813 3840 aulicis
832 3769 1009 3860 periculis.
1058 3768 1229 3840 Horatius

239 3878 374 3973 inquit:

365 3993 467 4054 Dulcis
488 3993 653 4072 inexpertis
674 3993 790 4051 cultura
811 3989 940 4070 potentis
962 3991 1066 4066 amici,

366 4093 515 4172 Expertus
536 4093 651 4152 metuit.
680 4102 737 4152 etc.

190 4201 194 4208 “
238 4195 287 4270 Et
302 4199 406 4286 langa
422 4210 475 4267 est
490 4191 617 4267 Ovidii
633 4195 760 4284 elegia:

322 4316 397 4376 Vise
418 4314 490 4397 tibi,
517 4324 717 4394 quantumquo
738 4321 824 4392 potes
846 4311 1023 4390 praelustria
1045 4313 1114 4385 rita,

361 4415 489 4478 Saevum
510 4416 671 4497 praelustri
692 4413 807 4473 fulmen
829 4413 865 4472 ab
887 4431 955 4500 arce
977 4411 1068 4475 venit.
1121 4407 1123 4418 '

318 4521 395 4582 Nam
417 4521 548 4600 quamvis
570 4519 625 4578 soli
645 4527 767 4597 possunt
788 4515 930 4595 prodesse
951 4527 1101 4596 potentes,

359 4623 427 4684 Non
449 4631 589 4702 prosunt,
621 4621 718 4700 potins
740 4619 903 4698 plurimum
925 4620 1029 4679 obesse
1050 4619 1147 4677 solent
1169 4626 1228 4676 etc.

231 4743 274 4818 Et
312 4741 474 4835 Aesopus
525 4742 614 4810 dixit
651 4738 780 4866 Solopi
817 4737 916 4808 ειιιιιί
957 4739 1002 4806 ad
1041 4734 1226 4811 Croesum.

232 4845 321 4917 Cum
338 4868 417 4934 rege
434 4845 671 4962 loquendum,
694 4869 718 4937 q
734 4836 785 4921 ως
798 4833 950 4933 ἥκιστα,
977 4833 1002 4932 ἢ
1017 4833 1068 4918 (iic
1080 4833 1226 4930 ἥδιστα,

231 4961 293 5020 aut
308 4971 413 5041 quam
431 4945 656 5039 parcissima,
681 4957 744 5014 aut
759 4965 865 5036 quam
882 4939 1097 5012 dulcissima.

332 5047 477 5117 Necesse
493 5062 634 5118 estesse
650 5046 907 5135 gubernatores
922 5054 956 5112 et
969 5041 1163 5126 ministros,
1189 5056 1224 5112 et

229 5150 326 5222 Dens
357 5143 453 5218 bunc
482 5150 631 5268 gradum
663 5147 713 5216 sic
734 5144 898 5226 ornavit,
932 5157 971 5217 ut
995 5143 1162 5214 tribuerit
1191 5169 1223 5214 ει

227 5251 427 5326 societatem
453 5251 508 5321 sui
533 5249 703 5320 nominis.
764 5243 842 5336 Ego
865 5245 939 5318 dixi
963 5245 1025 5317 Dii
1049 5247 1151 5328 estis,
1184 5247 1219 5315 id

828 186 956 268 PHlb.
982 184 1346 262 transumpta
1378 185 1680 264 uxuout'tca.

2220 189 2275 266 56

2343 210 2346 318 ι

1279 365 1391 438 officia
1422 367 1495 437 sint
1524 367 1662 452 fideles,
1699 370 1887 459 prudentes
1918 382 1953 439 et
1973 369 2136 439 modesti
2196 368 2274 438 Sed
2345 349 2346 408 3

235 471 330 562 Quia
353 470 515 541 videmus
535 493 609 539 non
623 470 711 540 falso
728 469 861 538 dictum
876 461 1227 558 esseaXenophon
1279 469 1474 538 dolendum
1498 482 1570 554 est,
1596 471 1729 563 qnod
1717 494 1756 539 m
1775 465 1841 540 boc
1858 493 1998 540 summo
2011 470 2151 560 fastrgro
2166 493 2273 562 pancr
2346 454 2347 548 l

1277 584 1370 640 recte
1391 573 1528 642 faciunt
1551 573 1723 658 officium,
1750 588 1784 644 et
1797 573 1945 666 plurimi
1962 587 2045 643 sunt
2062 573 2148 643 vel
2137 572 2274 661 ignavi,
2346 579 2347 640 l

1278 674 1335 740 vel
1361 675 1532 746 crudeles
1593 673 1646 744 Ac
1677 675 1808 744 mirum
1838 690 1907 760 εει,
1941 675 1979 744 in
2008 675 2069 744 illa
2096 677 2177 744 sede
2199 671 2273 744 Dei

1277 788 1347 842 tam
1371 771 1595 847 horribiliter
1616 779 1766 866 grassari
1788 779 1989 862 diabolum,
2015 791 2054 848 nt
2073 778 2275 846 ostendunt
2347 801 2348 868 ζ

1277 880 1433 968 exempla
1455 880 1616 949 omnium
1641 893 1806 953 aetatum.
1857 879 1904 948 Et
1919 880 2001 973 quia
2019 880 2123 949 multi
2141 893 2274 969 poten-

1277 979 1323 1048 tia
1340 983 1563 1066 abutuntur,
1595 977 1778 1052 attrahunt
1802 983 1949 1071 tragicas
1973 1003 2115 1072 poenas.
2175 979 2275 1050 Sunt
2348 1007 2349 1026 ι

1276 1081 1384 1170 igitur
1405 1084 1537 1152 multae
1559 1085 1720 1176 querelae
1737 1085 1780 1152 de
1795 1083 2034 1152 inconstantia
2049 1085 2213 1154 fortunae
2229 1081 2275 1148 in

1276 1185 1376 1270 aulis.
1431 1183 1563 1254 Versus
1580 1183 1733 1254 Senecae
1749 1182 1786 1255 hi
1804 1200 1886 1256 sunt
1905 1186 1942 1254 in
1961 1181 2243 1274 Agamemnone:
2349 1187 2350 1260 ξ

1445 1321 1513 1379 Νοιι
1536 1321 1578 1378 sic
1598 1319 1715 1396 Libycis
1738 1319 1874 1396 Syrtibus
1895 1336 2005 1397 aequor

1446 1423 1530 1480 Furit
1553 1423 1683 1481 alternos
1702 1423 1825 1482 voluere
1847 1423 1962 1496 fluctus,

1444 1524 1510 1582 Non
1534 1523 1644 1582 Euxini
1665 1532 1765 1602 turget
1788 1524 1824 1582 ab
1847 1524 1911 1582 imis

1447 1624 1599 1682 Commota
1620 1625 1701 1684 vadis
1722 1605 1817 1699 unda',
1844 1626 1935 1684 nivali

1445 1727 1550 1785 Vicina
1571 1725 1655 1806 polo,
1683 1729 1731 1786 ubi
1753 1727 1896 1786 caeruleis

1444 1829 1583 1887 Immunis
1605 1831 1688 1906 aquis
1710 1829 1806 1886 lucida
1828 1839 1926 1888 versat

1445 1929 1580 1988 Plaustra
1601 1929 1724 1986 Bootes:

1445 2029 1486 2088 Ut
1508 2032 1686 2108 praecipites
1708 2047 1809 2108 regum
1833 2049 1917 2090 casus

1413 2165 1425 2181 ι
1447 2131 1578 2190 Fortuna
1599 2141 1683 2193 rotat.

1381 2266 1595 2363 Quanquam
1627 2283 1745 2340 autent
1775 2270 1928 2338 multum
1953 2282 2004 2336 est
2026 2268 2270 2354 periculorum

1277 2391 1316 2434 ιιι
1333 2369 1440 2452 ιιιιιὶε,
1467 2386 1583 2440 tamen
1600 2372 1802 2440 communia
1819 2371 1908 2438 mala
1927 2371 2062 2438 suntin
2078 2364 2270 2439 hominum

1278 2471 1415 2540 naturis
1433 2467 1595 2541 Ambitio
1617 2489 1650 2542 et
1668 2471 1804 2542 Festus.
1856 2471 2018 2540 Ambitio
2041 2471 2174 2562 appetit
2196 2472 2272 2540 cel-

1278 2596 1330 2640 sa:
1358 2573 1447 2644 sicut
1463 2573 1595 2644 Seneca
1610 2574 1746 2665 inquit,
1772 2567 1959 2640 bominum
1975 2573 2113 2640 animos
2127 2595 2271 2642 sursum

1278 2677 1444 2758 tendere,
1470 2677 1553 2766 quia
1578 2677 1649 2744 sint
1670 2675 1774 2763 ignei.
1829 2671 1953 2744 Faetus
1977 2675 2014 2741 in
2039 2667 2095 2742 his
2115 2674 2178 2766 qni
2203 2670 2271 2742 ha-

1280 2779 1365 2847 bent
1388 2778 1599 2867 potentiam,
1633 2791 1685 2847 est
1706 2776 1804 2846 abuti
1829 2775 1924 2857 loco,
1951 2790 1985 2844 et
2006 2775 2076 2844 sibi
2099 2776 2270 2845 iniustam

1279 2880 1458 2949 licentiam
1473 2902 1627 2962 sumere,
1655 2902 1760 2970 quarn
1777 2892 1894 2967 postea
1912 2891 2109 2970 sequnntur
2123 2900 2269 2966 poenae.

1280 2980 1450 3052 Salomon
1469 2981 1577 3068 igitur
1593 2995 1632 3050 nt
1646 2981 1815 3071 reprimat
1831 2979 2062 3048 ambitionem
2078 2991 2112 3047 et
2127 2979 2271 3057 fastum,

1280 3084 1390 3152 tradit
1417 3083 1720 3177 admonitionem,
1760 3106 1828 3173 qua
1858 3081 2026 3174 praecipit
2058 3080 2269 3150 modestiam

1279 3201 1313 3255 ει
1330 3185 1692 3275 circumspectionem.
1778 3207 1780 3211 ·

1384 3319 1466 3398 Sint
1487 3334 1604 3390 nutem
1623 3333 1727 3389 notae
1746 3319 1897 3408 regulae.
1951 3317 2072 3387 Petere
2090 3318 2203 3386 olbcia
2221 3321 2270 3387 acl

1281 3447 1370 3518 qnae
1391 3423 1615 3492 mediocriter
1631 3422 1750 3491 idonci
1769 3446 1906 3503 snmus,
1933 3420 2061 3488 iustum
2081 3432 2142 3491 est.
2196 3415 2271 3490 Sed

1282 3526 1405 3618 petitio
1437 3538 1556 3594 nostra
1587 3549 1661 3594 non
1691 3523 1860 3614 impediat
1891 3523 2020 3590 iudicia
2051 3521 2271 3610 eligentium,

1281 3653 1355 3697 non
1380 3641 1511 3717 pugnet
1535 3627 1676 3697 iniustis
1699 3626 1826 3697 modis.
1893 3629 1942 3691 Αε
1965 3623 2044 3690 talis
2070 3623 2191 3712 petitio
2216 3637 2271 3692 est

1282 3731 1441 3800 indicare
1465 3753 1555 3814 sese,
1589 3742 1624 3798 et
1646 3729 1831 3797 ostendere
1854 3725 1947 3815 piam
1973 3725 2210 3807 voluntatem,
2235 3739 2272 3795 et

1281 3833 1409 3904 offerre
1431 3855 1504 3900 sese
1526 3833 1570 3900 ad
1589 3830 1790 3900 societatem
1806 3827 2083 3896 difficilimornm
2105 3826 2270 3895 laborum

1281 3950 1317 4006 ει
1339 3935 1537 4022 ingentium
1562 3932 1814 4022 periculorum.
1865 3926 1919 3998 De
1941 3929 2002 3999 tali
2026 3929 2195 4018 petitione
2211 3928 2272 3996 di-

1282 4051 1376 4108 ctum
1399 4049 1465 4105 est:
1493 4034 1566 4144 Qui
1583 4031 1903 4125 Episcopatume
1850 4032 1903 4099 ·ed
1905 4030 2052 4111 steterat,
2081 4026 2269 4099 honestum

1281 4163 1371 4227 opus
1393 4117 1581 4207 desiderat.
1643 4133 1746 4205 ltem:
1781 4133 1944 4203 Hilarem
1969 4133 2127 4200 datorem
2152 4131 2272 4218 diligit

1280 4239 1388 4311 Deus.
1441 4239 1548 4323 ltem,
1575 4235 1707 4306 Paulus
1728 4238 1772 4304 ad
1790 4233 1913 4306 Titum
1936 4234 2032 4301 iubet
2050 4234 2183 4301 discere
2202 4227 2272 4301 bo-

1280 4357 1397 4412 nestas
1427 4357 1536 4421 artes,
1568 4355 1608 4411 ut
1630 4339 1806 4431 possimus
1830 4358 1901 4404 esse
1926 4335 2006 4404 usui
2030 4337 2066 4402 in
2091 4335 2271 4424 guberna-

1280 4447 1387 4518 tione.

1383 4578 1451 4653 Sed
1476 4578 1602 4647 vitiosa
1618 4575 1765 4646 ambitio
1779 4586 1847 4656 est,
1874 4573 1921 4641 ita
1938 4586 2071 4664 petere,
2095 4587 2135 4642 ut
2149 4573 2272 4663 cupias

1278 4685 1451 4774 impedire
1474 4680 1606 4754 indicia
1631 4676 1856 4766 eligentium,
1890 4688 1923 4743 et
1947 4697 2105 4766 pugnare
2127 4673 2271 4744 iniustis

1277 4786 1411 4866 modis,
1439 4797 1498 4852 ant
1521 4794 1640 4872 postea
1663 4793 1758 4848 extra
1775 4779 2003 4847 vocationum
2021 4791 2131 4845 metas
2148 4801 2269 4844 erum-

1275 4911 1368 4981 pere.
1420 4882 1554 4954 Contra
1578 4877 1670 4950 ltanc
1693 4880 1926 4949 ambitionem
1951 4877 2098 4946 dicitur:
2133 4875 2206 4964 Qui
2231 4899 2271 4946 se

1274 4989 1403 5060 exaltat
1427 4983 1690 5058 humiliabitur.
1746 4981 1853 5051 ltem:
1880 4977 2114 5050 Abominatio
2138 4992 2189 5048 est
2206 5004 2268 5048 co-

1213 5146 1222 5161 .
1274 5115 1350 5162 ram
1366 5086 1442 5160 Deo
1461 5087 1577 5158 omnis
1593 5086 1765 5177 strperbus
1780 5083 1897 5154 corde.

1373 5233 1438 5310 Est
1458 5251 1492 5308 et
1514 5236 1640 5308 vitiosa
1662 5235 1831 5318 ambitio,
1858 5255 1948 5326 quae
1970 5231 2178 5300 nominatur
2198 5225 2268 5302 dx-

225 5371 302 5444 est,
334 5350 506 5425 habentes
535 5351 712 5424 officium.
721 5350 898 5418 divinum.
963 5343 1012 5422 Et
1036 5347 1150 5420 vocati
1176 5349 1219 5418 ad
1269 5337 1417 5437 κισμὸς,
1444 5341 1608 5426 ἱιιοειιιιι,
1635 5331 2183 5434 qnicnmsintambitiosissimi,
2210 5346 2265 5401 ta-
