4674 5822
236 131 334 244 soso
422 101 424 104 ’
825 131 955 228 enan
981 131 1098 222 anu
1123 109 1333 210 sentina
1359 129 1658 214 sasenates
2163 147 2262 224 taso

234 304 422 398 probrium
453 299 642 382 homiuum
675 318 711 378 et
738 303 889 380 abiectio
920 307 1058 404 plebis,
1089 320 1130 379 ut
1156 329 1222 400 pro
1270 307 1397 380 mortis
1425 311 1603 384 condidit:
1642 315 1740 408 qood
1764 319 1805 387 ἰιι
1836 327 1954 388 ratum
1979 338 2055 390 esse
2082 315 2265 404 sciremus,

236 421 358 478 nostro
389 421 532 498 peccato
563 409 796 494 satisfaceret,
838 433 910 504 quo
936 409 1030 502 certi
1061 432 1225 494 memus,
1270 407 1493 504 ipsepraeit,
1516 428 1550 486 et
1565 416 1902 488 suaresurrectione
1915 432 2062 490 testatus
2075 433 2140 504 cst,
2165 443 2264 492 mor-

236 533 440 604 quanquam
469 503 679 596 morientes,
714 525 834 582 tamen
864 525 1008 604 peccato
1030 535 1094 602 per
1116 505 1224 582 Chri·
1271 525 1344 581 tem
1371 514 1439 583 sihi
1462 516 1655 588 subiectam
1681 541 1775 604 esse,
1807 517 2264 596 iuxtaillud1.00riuth.

235 626 329 681 stum
360 613 500 683 sublato
534 635 600 684 nos
630 614 786 684 victuros
821 635 906 688 esse.
970 611 1106 694 Porro,
1140 613 1223 706 quia
1271 609 1371 686 XV.:
1408 612 1586 712 Absorpta
1609 632 1661 690 est
1690 640 1787 689 mors
1817 619 1856 689 in
1882 620 2080 698 victoriam.
2147 623 2267 714 Auget

116 771 123 784 .
236 705 401 783 Christus
425 728 538 785 morte
568 728 748 804 peccatum
772 715 908 800 abolet,
942 729 977 787 et
998 715 1225 786 resuscitatus
1272 735 1357 803 ergo
1385 717 1549 790 liduciam
1586 719 1727 814 piorum
1764 721 1953 804 cordium,
1999 747 2079 794 cum
2116 723 2266 816 indicat,

234 814 346 884 vitam
366 809 528 898 inchoat,
554 840 649 886 mors
663 811 796 888 Christi
812 817 917 888 elficit
932 818 971 886 in
986 811 1225 889 sanctismor-
1273 811 1417 890 Christo
1449 821 1571 892 omnia
1607 823 1646 890 in
1674 845 1800 894 manus
1831 844 1906 893 esse
1942 825 2072 896 tradita
2102 849 2123 896 a
2148 840 2267 918 patre:

234 929 325 1006 tem,
371 941 440 1010 qua
476 933 655 1009 peccatum
680 919 857 998 deleatur.
918 918 1001 990 Vita
1026 914 1164 989 Christi
1184 919 1224 988 in
1272 915 1387 990 Deum
1408 923 1449 992 in
1469 918 1612 994 Christo
1634 925 1834 994 condidisse
1863 937 2112 997 testamentum
2143 951 2267 1000 suurn:

234 1018 364 1087 sanctis
381 1019 489 1088 vitam
512 1034 690 1091 aeternam
707 1035 888 1112 operatur.
940 1021 1059 1114 Atque
1073 1015 1159 1092 haec
1174 1034 1225 1090 est
1272 1023 1368 1114 quod
1385 1024 1596 1114 promiserat
1620 1024 1806 1097 victoriam
1830 1025 1963 1118 peccati
1987 1042 2022 1101 et
2043 1027 2169 1101 mortis
2191 1053 2268 1102 nou

235 1143 317 1188 vera
342 1121 594 1212 contemplatio
623 1122 797 1213 passionis
822 1119 975 1206 Christi,
1010 1123 1119 1192 simul
1143 1146 1224 1194 cum
1272 1123 1342 1194 nisi
1359 1124 1397 1194 in
1412 1121 1556 1198 Christo
1574 1129 1812 1222 quaerendam
1826 1150 1911 1204 esse.

234 1221 311 1310 ipso
326 1222 550 1310 mortificari,
575 1224 683 1293 simul
697 1247 777 1294 cum
791 1223 869 1316 ipso
885 1223 1068 1298 vivificari.
1101 1221 1225 1318 Opor-
1373 1225 1557 1318 Secundo,
1598 1231 1758 1322 exemplo
1781 1255 1846 1301 suo
1864 1232 1985 1316 docet,
2016 1227 2111 1306 nihil
2133 1233 2269 1328 suscipi

235 1332 284 1394 tet
300 1323 396 1392 enim
414 1323 548 1396 similes
565 1325 690 1396 fiamus
706 1325 854 1417 imagini
869 1328 935 1396 filii
948 1325 1017 1395 Dei
1032 1340 1096 1400 etc.
1272 1328 1402 1400 debere
1417 1330 1449 1424 ⁸)
1471 1355 1492 1402 a
1512 1333 1637 1418 nohis,
1680 1333 1750 1403 nisi
1778 1333 2012 1404 conscientiae
2035 1349 2153 1408 certae
2183 1335 2270 1422 sint,

336 1427 430 1496 Ante
454 1427 581 1496 festum
605 1422 810 1519 paschatos,
851 1427 985 1500 scilicet
1012 1429 1080 1498 suls
1111 1428 1224 1518 ipsam
1271 1428 1349 1500 Deo
1386 1433 1525 1524 placere
1562 1434 1800 1505 ministerium
1839 1447 2015 1511 nostrum.
2080 1433 2269 1532 Quicquid

234 1548 391 1598 coenam.
444 1525 610 1599 Sentiens
631 1526 747 1613 lesus,
774 1529 888 1599 sciens
912 1531 1008 1624 quod
1030 1531 1226 1600 moriturus
1272 1532 1369 1602 euim
1393 1537 1531 1630 non,fit
1552 1559 1594 1606 ex
1616 1536 1706 1621 lide,
1746 1549 1927 1628 peccatum
1960 1548 2023 1608 est.
2087 1533 2269 1620 Invenies,

153 1647 159 1666 ’
235 1647 345 1708 esses,
367 1628 447 1697 ideo
464 1643 714 1702 testamentum
732 1631 912 1716 condidit,
944 1625 1107 1702 exhihuit
1128 1654 1225 1702 mor·
1273 1634 1335 1727 qui
1364 1638 1514 1708 verbum
1535 1635 1603 1709 Dei
1629 1639 1776 1721 docent,
1816 1636 1878 1731 qui
1906 1637 2076 1709 ordinant
2105 1638 2268 1734 aliquid:

233 1727 280 1798 tis
297 1727 507 1820 imaginem,
533 1732 711 1823 praelatus
729 1745 781 1804 est
796 1733 903 1804 morti
918 1730 962 1829 ¹).
1272 1737 1318 1805 iis
1337 1759 1412 1806 non
1434 1752 1485 1809 est
1505 1740 1607 1824 satis,
1649 1741 1745 1832 quod
1767 1762 1842 1808 non
1865 1739 1996 1810 docent
2017 1762 2144 1831 prava,
2169 1741 2269 1834 quod
2335 1787 2336 1794 ι

1272 1861 1347 1909 non
1362 1841 1530 1912 ordinant
1546 1840 1675 1932 impia,
1701 1842 1761 1910 sed
1783 1839 1891 1910 simul
1914 1834 1982 1912 hoc
2005 1854 2058 1910 est
2082 1855 2268 1931 praestan·

1273 1941 1378 2025 dum,
1401 1953 1442 2010 ut
1457 1942 1589 2021 sciant,
1620 1964 1723 2012 suum
1748 1941 1985 2011 ministerium
2008 1937 2085 2012 Deo
2109 1943 2289 2036 probari„

335 2034 417 2107 Duo
434 2053 686 2128 proponuntur
697 2034 767 2111 hoc
788 2040 886 2127 loco,
911 2063 1002 2135 quae
1024 2041 1063 2111 in
1079 2032 1228 2116 Christo,
1272 2037 1341 2111 hoc
1358 2055 1430 2128 est,
1457 2043 1547 2112 velle
1560 2039 1698 2122 Deum,
1723 2055 1765 2112 ut
1787 2065 1850 2135 per
1867 2041 1962 2134 ipsos
1981 2037 2067 2112 haec
2084 2057 2267 2132 gerantur.

234 2151 385 2208 mortem
409 2139 550 2211 adituro
568 2145 756 2233 spectanda
771 2133 885 2217 sunt(
916 2140 1097 2226 Primum,
1122 2135 1245 2209 causa
1273 2143 1333 2212 Sic
1357 2145 1453 2213 enim
1475 2139 1640 2215 Christus
1666 2144 1747 2212 ideo
1771 2157 1922 2212 mortem
1951 2144 2047 2228 obit,
2078 2145 2163 2238 quia
2188 2147 2269 2231 scit,

220 2233 303 2320 ‘est,
344 2264 437 2332 quor
473 2256 625 2314 mortem
651 2243 798 2330 adierit,
831 2242 1000 2330 charitas;
1035 2244 1085 2316 ait
1110 2241 1224 2312 euim:
1273 2266 1310 2314 se
1333 2267 1353 2313 a
1376 2259 1473 2336 patre
1506 2245 1635 2330 exisse,
1675 2244 1807 2327 idest,
1846 2243 1886 2313 in
1909 2238 1978 2315 hoc
2005 2244 2151 2321 missum
2182 2270 2270 2317 esse.

232 2338 324 2412 Cum
351 2341 529 2413 dilexisset
551 2367 655 2429 suos,
685 2345 725 2414 in
748 2346 855 2416 linem
880 2346 1005 2416 dilexit
1032 2343 1170 2426 cossi.
1193 2365 1224 2415 e.
1272 2343 1490 2418 Redduntnr
1510 2359 1627 2416 antem
1645 2335 1879 2416 conscientiae
1899 2361 2012 2419 certae
2028 2369 2093 2437 per
2107 2349 2269 2419 vocatio-

158 2493 173 2514 .
233 2444 440 2534 perduravit
458 2446 571 2516 dorsec
595 2460 789 2538 pateretur3
815 2460 850 2517 et
866 2461 980 2518 morte
995 2444 1223 2517 dilectionem
1272 2470 1364 2521 nem.
1381 2488 1433 2500 —
1459 2445 1509 2519 Ut
1524 2459 1678 2519 transeat
1695 2449 1738 2516 ad
1756 2461 1911 2536 patrem,
1936 2446 1961 2520 i.
1978 2471 2009 2518 e.
2025 2461 2065 2518 ut
2081 2451 2269 2526 moriatur.

232 2556 377 2614 testatus
401 2560 474 2628 est,
511 2547 607 2618 iuxta
632 2547 724 2618 illud
744 2546 839 2618 inira
860 2573 892 2624 c.
914 2547 1014 2622 XV.:
1046 2545 1222 2618 Maiorem
1273 2545 1388 2637 Quod
1411 2548 1534 2619 omnia
1564 2561 1665 2640 pater
1689 2548 1845 2632 dederit,
1876 2549 2007 2636 idest,
2047 2551 2144 2642 quod
2168 2565 2269 2642 pater

233 2641 442 2720 charitatem
459 2642 567 2719 habet
583 2673 701 2732 nemo,
727 2673 833 2745 quam
848 2664 888 2720 ut
906 2650 1014 2720 vitam
1033 2660 1144 2740 ponat
1158 2660 1221 2716 etc.
1273 2650 1462 2720 subiecerit
1484 2651 1517 2720 ei
1538 2664 1718 2742 peccatum
1740 2663 1774 2720 et
1796 2663 1969 2733 mortem,
2003 2652 2135 2732 sciens,
2168 2655 2269 2748 quod

232 2744 329 2818 Haec
353 2749 428 2840 ipsa
457 2753 698 2842 praesumptio
719 2751 852 2821 amoris
877 2747 1012 2821 Christi
1035 2773 1116 2840 erga
1145 2771 1223 2829 nos,
1271 2775 1337 2845 per
1352 2765 1502 2822 mortem
1525 2750 1778 2842 glorificandus
1800 2765 1904 2836 esset,
1930 2752 2010 2822 ideo
2027 2749 2157 2825 deiecit
2171 2753 2268 2848 ιε’).

232 2851 386 2922 lldcsest
408 2864 443 2920 et
461 2865 728 2942 argumentum,
760 2877 831 2946 quo
854 2853 1059 2923 consolatur
1083 2863 1223 2922 sanctos
1557 2919 1565 2939 ,
1634 2915 1637 2922 ,
1760 2919 1767 2938 ,
1803 2917 1811 2938 ,

232 2949 382 3038 Paulus,
428 2954 474 3022 ad
504 2949 612 3026 Rom·
632 2951 697 3028 V.:
743 2950 979 3025 Commendat
1017 2947 1221 3025 charitatem
1443 2917 1625 3008 D‘m'm‘a
1651 2929 1692 2992 ¹¹¹
1712 2913 1808 2992 'mh'
1830 2915 2096 3020 1⁰⁰⁰⁸P⁶d⁶⁸f⁸

232 3049 760 3140 suametc.,et1.Corinth.l.:
786 3053 921 3128 Fidelis
930 3054 1025 3128 Deus
1039 3079 1103 3148 per
1116 3078 1222 3150 qoem
1374 3050 1565 3125 Consentio
1585 3047 1721 3124 Christi
1742 3067 1777 3124 et
1800 3049 1898 3124 Petri
1921 3053 2075 3140 indicat,
2103 3054 2194 3148 quid
2216 3057 2268 3126 si-

231 3156 424 3228 vocatietc.
1071 3221 1076 3234 ,
1272 3155 1447 3248 gnificarit
1468 3157 1556 3227 lotio
1584 3156 1727 3246 pedum.
1786 3152 1878 3224 Nam
1907 3177 1985 3226 curn
2009 3151 2175 3226 Christus
2197 3155 2268 3229 ait:

652 3325 657 3336 ι
1251 3293 1252 3296 “
1272 3257 1351 3328 Nisi
1366 3259 1486 3327 lavero
1499 3272 1551 3342 te,
1577 3280 1650 3327 non
1666 3252 1815 3328 habebis
1828 3268 1962 3348 partem
1978 3279 2136 3343 mecum3
2163 3257 2268 3330 item:

438 3319 553 3422 Qumi
576 3327 703 3398 ‘’mnf‘'
726 3323 804 3400 ⁸¹3¹·
822 3335 929 3428 lumr
946 3338 1008 3402 ⁶¹⁶·
1274 3357 1348 3449 Qui
1378 3361 1472 3430 lotus
1502 3373 1656 3429 estnon
1687 3359 1823 3446 indiget
1853 3358 1924 3427 nisi
1955 3372 1995 3430 ut
2019 3361 2125 3448 pedes
2154 3359 2267 3432 lavet:

336 3457 520 3531 Hactenus
535 3461 580 3532 de
595 3465 719 3534 mortis
734 3487 856 3551 causa3
883 3488 981 3534 nnnc
996 3464 1041 3534 de
1055 3463 1224 3549 secundo,
1273 3473 1366 3531 certe
1391 3462 1434 3530 de
1455 3462 1571 3530 fructu
1592 3459 1764 3550 passionis
1784 3459 1956 3552 loqnitur.
2007 3457 2098 3529 Nam
2119 3463 2269 3553 adsper-

233 3560 329 3654 quod
356 3561 409 3632 ait
430 3557 675 3653 Evangelista,
708 3561 1101 3657 praescissecbrinnm
1124 3589 1223 3634 mor·
1273 3563 1326 3632 sio
1342 3561 1524 3654 sanguinis
1540 3556 1676 3666 Christi
1692 3576 1764 3646 est,
1792 3585 1861 3654 qua
1877 3559 2145 3636 sanctificamur.
2200 3561 2268 3636 Est

232 3676 312 3732 tem.
366 3659 414 3734 Et
430 3665 530 3736 addit
545 3679 684 3757 postea,
710 3665 814 3737 scisse
836 3667 961 3752 etiam,
987 3668 1084 3758 quod
1101 3666 1223 3736 omnia
1273 3677 1391 3734 antem
1414 3663 1453 3732 in
1478 3659 1544 3734 hac
1565 3664 1792 3735 contentione
1813 3663 2033 3754 propositum
2057 3665 2267 3736 scandalum

232 3765 371 3834 dederit
387 3764 420 3834 ei
439 3780 537 3856 pater
558 3768 598 3836 in
618 3789 762 3850 manns,
788 3782 821 3838 et
843 3771 939 3863 quod
963 3767 1074 3838 alico
1087 3767 1222 3854 exierit,
1273 3765 1406 3846 crucis,
1430 3767 1526 3859 quod
1552 3779 1655 3853 negat
1677 3764 1825 3853 Petrus,
1852 3787 1889 3834 se
1907 3765 2200 3853 commissurum,
2228 3782 2269 3840 ιιι

233 3879 263 3936 et
282 3867 379 3962 quod
395 3867 439 3936 ad
458 3865 573 3939 Deum
589 3883 679 3940 esset
696 3870 867 3942 abiturus.
1273 3892 1293 3937 a
1316 3867 1464 3936 domino
1489 3867 1637 3941 lavetur.
1702 3865 1819 3938 Sentit
1840 3889 1941 3950 caro,
1976 3866 2165 3954 indignum
2192 3892 2268 3940 esse

276 4037 280 4048 ,
333 3967 514 4054 Primum,
541 3963 629 4040 haee
644 3973 689 4040 ad
704 3985 812 4042 totam
828 3966 1014 4042 historiam
1033 3957 1153 4040 rerum
1169 3970 1221 4040 ihi
1272 3969 1408 4038 lacinus
1423 3969 1603 4039 maiestate
1620 3967 1762 4053 divina,
1788 3969 1886 4062 quod
1902 3991 1943 4038 se
1966 3967 2086 4038 deiicit
2099 3963 2268 4042 Christus

231 4083 407 4158 gestarum
423 4071 621 4163 pertinent,
655 4074 729 4143 scil.
754 4087 913 4144 coactum
936 4095 1011 4142 esse
1027 4069 1223 4168 Christum,
1274 4096 1315 4141 eo
1340 4093 1472 4165 usque,
1505 4082 1546 4139 ut
1574 4068 1785 4140 vilissimum
1815 4069 1973 4138 officium
2005 4068 2122 4141 faciat.
2181 4070 2269 4143 Nou

232 4171 315 4264 quia
333 4171 441 4264 patris
466 4174 615 4244 nuntius
629 4175 731 4267 erat,
763 4188 797 4246 et
817 4175 938 4268 omnia
952 4176 983 4244 ei
998 4199 1018 4244 a
1034 4190 1133 4268 patre
1149 4189 1222 4246 tra·
1273 4188 1386 4266 potest
1402 4173 1493 4243 ratio
1510 4171 1709 4261 imaginari,
1732 4171 1919 4242 dominnm
1934 4170 2069 4261 gloriae
2085 4195 2167 4241 eum
2181 4197 2269 4261 esse,

231 4273 306 4343 dita
337 4287 456 4356 erant,
496 4277 649 4346 condere
668 4290 918 4349 testamentum
947 4279 1159 4368 pmmissum
1182 4277 1221 4345 in
1274 4277 1337 4368 qui
1361 4297 1397 4343 se
1420 4297 1462 4343 eo
1484 4297 1597 4366 usquc
1628 4272 1814 4357 deiecerit,
1856 4287 1898 4344 ut
1919 4273 2147 4345 maledictum
2176 4277 2268 4347 sita

231 4374 428 4468 scripturis.
491 4375 558 4449 Est
579 4379 756 4452 autemid
781 4367 1029 4473 testamentum
1059 4379 1221 4449 remissio
1272 4375 1349 4448 Deo
1365 4377 1509 4451 factum.
1549 4373 1670 4446 Moses
1692 4373 1857 4446 labefecit
1876 4375 2102 4446 autoritatem
2120 4369 2268 4448 Dathan

232 4493 477 4570 peccatorum,
501 4479 560 4550 cui
572 4479 711 4570 signum
726 4480 884 4558 addidit,
909 4483 1067 4574 corporis
1089 4496 1123 4552 ct
1139 4505 1220 4550 san·
1272 4491 1306 4550 et
1321 4477 1459 4548 Abiran
1473 4502 1526 4561 eo,
1552 4480 1648 4571 quod
1663 4477 1872 4549 interituros
1886 4499 1982 4548 novo
1998 4475 2122 4546 mortis
2137 4499 2269 4564 genere

230 4579 347 4672 guinis
363 4581 419 4652 sui
433 4579 800 4655 communicationem.
851 4584 934 4654 Hoc
955 4597 1024 4665 est,
1050 4584 1146 4678 quod
1166 4583 1221 4652 di·
1272 4576 1559 4676 praedixit,'(et
1582 4573 1745 4650 Christus
1768 4592 1888 4649 tamen
1910 4579 2269 4652 contumeliosissime

232 4696 323 4753 secte
337 4685 537 4773 appositum
556 4698 623 4755 est:
657 4685 791 4769 sciens,
818 4684 1050 4778 quodomnia
1067 4686 1221 4755 dedisset
1272 4696 1386 4780 morte
1414 4681 1559 4754 affectus
1580 4682 1665 4774 est),
1707 4705 1778 4774 quo
1800 4681 1960 4773 exemplo
1989 4674 2134 4752 Dathan
2164 4682 2267 4753 verbi

231 4787 272 4856 in
300 4806 426 4854 manus
456 4798 576 4874 pater,
613 4787 650 4856 id
683 4801 752 4872 est,
791 4787 921 4871 sciens,
964 4789 1060 4881 quod
1085 4787 1221 4870 omnia,
1271 4785 1494 4856 autoritatem
1532 4785 1664 4868 elevat,
1715 4782 1822 4852 sentit
1856 4805 1938 4874 ergo
1972 4782 2083 4868 ratio,
2140 4784 2276 4858 deberi

131 4949 136 4958 .
231 4888 391 4982 adeoque
410 4898 591 4978 peccatum
613 4902 648 4959 et
668 4904 818 4962 mortem
842 4889 1046 4962 subiecisset
1061 4889 1094 4958 ei
1111 4903 1220 4981 pater.
1272 4883 1414 4960 Christo
1444 4886 1679 4957 reverentiam
1705 4898 1740 4954 et
1763 4882 1925 4975 gloriam.
1983 4879 2169 4968 Secundo,
2203 4889 2267 4956 de·

232 4987 319 5060 Ideo
340 5001 589 5062 testamentum
610 4989 777 5064 abolendi
799 4993 951 5085 peccati,
976 4991 1220 5085 abolendael)
1271 4991 1350 5062 huit
1364 4987 1490 5060 Petrus
1513 5013 1588 5058 non
1612 4987 1766 5059 aversari
1788 4981 1879 5058 hanc
1894 4981 2028 5062 Christi
2044 4979 2268 5062 humiliatio-

473 1888 570 1970 Cum
598 1896 789 1974 dilacisscl
815 1925 903 1974 suos
929 1911 992 1975 etc.

268 5251 299 5308 t)
316 5247 430 5302 verbs:
447 5250 727 5322 metalemsin,
744 5266 800 5310 ιιοιι
817 5254 949 5322 leguntur
964 5255 994 5307 lu
1013 5255 1080 5310 fult.
1308 5261 1341 5321 ³)
1358 5257 1468 5324 accipi
1485 5257 1601 5318 dedere]
1626 5257 1695 5306 ¹l'nls.
1715 5238 1863 5321 suscipere
1879 5257 1970 5309 denas.

243 5318 299 5378 Α)
317 5317 574 5383 ΒΜῐι,αῡοΜι
720 5377 724 5385 ,
1304 5335 1336 5390 t)
1358 5331 1394 5382 ut
1411 5328 1547 5380 transeat
1566 5331 1621 5378 etc.
1640 5327 1706 5380 tuh.
1725 5337 1780 5378 non
1797 5325 1888 5378 tabet
