4622 5818
65 190 126 268 on
281 183 365 260 xn.
417 175 812 258 annonanouns
843 177 911 256 nr
944 125 1226 258 eoncronns
1244 176 1311 254 an
1342 157 1529 257 avane.
1561 175 1842 261 utranam.
1994 183 2070 260 see

64 359 214 434 &doma-
264 353 353 428 ltem
371 355 409 426 in
424 355 564 428 deserto
579 351 764 444 Principes
779 354 935 430 tribuum
953 376 1030 424 sus·
1183 351 1278 445 Papa
1294 353 1486 448 aliqnando
1500 353 1599 423 misit
1609 351 1907 444 dispensationem
1920 353 1967 425 de
1980 378 2068 424 con·

64 460 152 554 pensi
177 471 262 529 sunt
291 471 436 551 propter
464 455 725 527 scortationem.
784 453 833 526 Et
854 455 1029 528 interfecti
1080 455 1177 544 iugio
1203 449 1425 527 sacerdotum¹
1448 456 1488 524 in
1509 452 1759 542 Germaniam,
1783 457 1843 528 sod
1867 455 1913 528 ita
1936 469 1976 528 ut
1999 455 2066 526 Sa-

64 575 136 632 sunt
169 555 348 644 homines,
389 557 514 647 viginti
549 569 701 651 quatuor
730 557 855 630 millia.
922 554 1028 628 ltem:
1082 559 1240 628 cerdotes
1262 557 1437 629 retineant
1456 580 1602 644 uxores,
1629 557 1688 624 sed
1712 582 1786 628 non
1808 558 1880 628 sint
1900 559 1938 628 in
1956 557 2064 626 mini-

64 665 181 735 Tribus
195 659 385 736 Beniamin
406 661 480 730 fere
504 671 577 732 tota
601 660 712 739 deleta
730 673 779 730 est
795 673 940 750 propter
953 672 1028 731 stu·
1082 660 1200 730 sterio.
1219 690 1222 700 ¹
1253 657 1332 730 Hoc
1352 673 1402 730 est
1420 683 1457 728 re
1474 657 1549 750 ipsa
1569 658 1751 729 restituere
1767 659 1999 744 coelibatum,
2024 672 2065 728 ut

62 778 181 858 protam
195 762 341 833 Levitae
357 761 553 850 coniugem.
607 758 695 831 ltem
712 761 829 831 David
846 783 953 851 regno
968 785 1026 830 ex·
1080 761 1179 850 prius
1208 760 1293 847 fuit,
1325 776 1367 832 ut
1392 762 1464 832 sint
1493 760 1532 830 in
1563 759 1760 832 ministerio
1792 775 2000 832 scortatores
2029 773 2069 832 et·

60 867 169 958 pulsus
186 877 254 949 est,
279 877 313 934 et
330 863 441 934 multa
459 862 571 932 millia
588 861 771 936 trucidata.
1078 862 1243 934 adulteri.

147 965 325 1038 Historiae
339 961 512 1042 Ethnicae
528 964 732 1034 manifestae
746 977 828 1036 sunt
844 963 1027 1055 plurimae,
1180 961 1249 1034 Sed
1264 960 1360 1057 Papa
1373 987 1509 1056 semper
1523 961 1589 1034 erit
1602 965 1766 1036 defensor
1780 963 2064 1057 turpissimarum

60 1069 157 1139 Troia
181 1068 296 1138 deleta
318 1081 370 1137 est
391 1080 539 1165 propter
562 1077 697 1157 raptam
715 1063 902 1140 Helenam.
949 1062 1027 1136 Ro-
1078 1061 1291 1150 libidinum,
1329 1091 1394 1136 nec
1421 1078 1658 1157 exspectemus
1689 1067 1834 1135 meliora
1865 1090 1885 1137 a
1914 1063 2062 1156 Papam,

58 1193 125 1240 mae
157 1169 292 1262 expulsi
322 1190 418 1258 reges
447 1179 593 1260 propter
618 1166 786 1242 violatam
814 1165 1026 1238 Lucretiam.
1078 1165 1160 1258 qaia
1185 1178 1235 1236 est
1258 1191 1405 1258 regnum
1429 1180 1649 1238 excaecatum
1673 1181 1707 1238 et
1722 1170 1939 1240 damnatum.
1991 1167 2062 1239 Sed

58 1267 99 1342 Et
116 1273 200 1342 tales
222 1265 392 1340 historiae
413 1270 525 1340 nostri
548 1269 718 1360 temporis
738 1269 870 1340 multae
886 1268 1025 1340 recitari
1077 1265 1174 1338 Deus
1203 1291 1326 1340 amans
1357 1269 1544 1353 castitatis,
1584 1268 1750 1339 defendet
1778 1263 1991 1349 Ecclesiam,
2024 1269 2062 1338 in

58 1385 203 1464 possent,
230 1397 320 1466 quae
343 1373 553 1456 ostendunt,
578 1371 749 1442 adulteria
767 1383 803 1440 et
819 1369 906 1440 alias
921 1391 1026 1458 vagas
1077 1391 1146 1462 qua
1168 1383 1220 1440 est
1240 1392 1323 1443 vera
1347 1371 1509 1444 doctrina
1532 1370 1576 1440 de
1597 1370 1677 1440 aliis
1693 1371 1869 1458 articulis,
1896 1383 1929 1442 et
1946 1369 1990 1442 de
2004 1394 2062 1440 ca-

57 1476 210 1544 libidines
230 1470 453 1544 horribiliter
474 1471 606 1563 puniri.
656 1469 701 1546 Et
721 1495 795 1542 non
810 1463 1025 1552 dubitemus,
1076 1469 1206 1544 stitate.

58 1575 287 1669 unusquisque
302 1597 384 1645 reus
400 1575 438 1642 in
455 1597 526 1644 sese
543 1563 674 1664 poenas
689 1573 896 1666 experietur.
945 1570 1025 1644 Hoc
1178 1569 1275 1643 Haec
1292 1572 1448 1665 primum
1463 1571 1561 1644 volui
1575 1597 1720 1643 monere
1734 1573 1779 1643 de
1793 1575 1970 1655 castitate,
1994 1573 2063 1643 sic-

59 1679 276 1749 certissimum
301 1691 370 1761 est,
392 1675 456 1746 'sed
479 1675 576 1746 Deus
598 1674 736 1766 mitigat
758 1697 890 1767 poenas
911 1697 1025 1772 agen·
1077 1685 1116 1744 ut
1144 1695 1246 1766 saepe
1276 1676 1445 1748 debemus
1472 1676 1517 1745 de
1544 1669 1612 1744 hac
1643 1676 1773 1748 virtute
1795 1675 1921 1747 dicere.
1972 1674 2062 1745 Pro-

58 1780 138 1850 tibus
154 1779 420 1868 poenitentiam.
1076 1773 1170 1846 xime
1185 1800 1296 1869 pauca
1312 1777 1428 1848 dicam
1443 1777 1488 1848 de
1502 1777 1670 1849 divortio.
1841 1785 1847 1788 “

144 1878 239 1952 Haec
264 1881 419 1970 primurn
442 1878 610 1961 sciamus,
636 1879 732 1971 quod
756 1877 800 1948 sit
816 1879 1024 1948 mandatum
1545 1952 1554 1970 ·
1675 1953 1683 1968 ·

59 1980 132 2068 Dei,
163 1997 202 2052 ut
231 1982 395 2052 vivamus
423 1995 532 2062 caste,
564 1979 620 2048 vel
650 1979 901 2068 inconfusio,
935 1979 1025 2048 sicut
1215 2063 1224 2080 1
1413 1949 1483 2020 ⁰⁰
1507 1947 1724 2022 mmm·

58 2081 139 2154 Deus
159 2083 359 2168 ordinavit,
392 2081 448 2151 vel
473 2096 568 2151 extra
591 2080 808 2170 coniugium.
866 2075 914 2152 Et
936 2081 1024 2151 scia·
1177 2059 1363 2134 D¹⁸⁰³¹¹¹¹¹⁸
1383 2065 1471 2157 ‘inid
1494 2065 1539 2135 ⁸3¹
1561 2066 1764 2151 minelum
1782 2067 1878 2158 q¹¹⁰d
1894 2065 2062 2136 900301‘·

57 2207 123 2256 mus
138 2182 359 2256 horribiliter
374 2181 492 2275 puniri
510 2195 646 2272 peccata
663 2196 783 2253 contra
800 2182 1005 2254 castitatem.
1075 2163 1232 2250 dinifii,
1260 2179 1294 2235 01
1319 2165 1469 2237 Vlleffllss
1490 2169 1610 2236 ⁰¹1¹¹¹l³
1635 2192 1726 2261 (1¹¹tte
1748 2191 1828 2236 cum
1855 2190 1893 2237 0³
1917 2169 2061 2238 ῡῐᾶἷῐὶθ·

8 2283 9 2292 *
144 2287 309 2360 secundo
330 2285 481 2356 ,ciamus
497 2285 602 2355 epam
610 2333 620 2365 ‚
647 2308 756 2378 qum
771 2282 865 2354 neu,
883 2298 954 2355 pam
970 2307 1024 2353 ὅθ.
1076 2264 1175 2336 tione
1191 2280 1360 2356 pugnant,
1386 2268 1469 2360 quia
1485 2283 1620 2340 certum
1635 2282 1687 2340 est
1699 2264 1921 2340 horribiliter
1935 2269 2059 2364 puniri

58 2411 126 2457 vere
153 2389 239 2459 velit
270 2386 402 2456 servari
431 2385 636 2461 castitatem.
692 2383 805 2458 Causa
838 2377 924 2454 haec
955 2399 1023 2456 est:
1074 2368 1483 2459 aDf⁰⁰¹¹¹¹¹l³lllfss⁶³l²¹
1501 2371 1790 2460 P⁰d¹¹³⁰ll³⁰¹¹¹¹¹
1808 2366 1951 2442 h³⁰⁸⁰³
1969 2372 2055 2462 ¹⁰8²·

58 2485 131 2560 Cnm
146 2488 242 2562 Deus
266 2489 313 2559 sit
327 2501 442 2558 castus
458 2485 632 2577 Spiritus,
659 2486 737 2558 vult
751 2485 902 2576 intelligi
921 2488 1025 2558 casti·
1061 2533 1063 2543 =
1178 2484 1275 2574 Quid
1300 2499 1352 2556 est
1375 2488 1603 2577 coniugium?
1655 2486 1720 2559 Est
1733 2490 1936 2560 coniunctio
1954 2491 2062 2560 unius

56 2603 147 2662 tatem
170 2593 208 2660 in
233 2614 363 2680 genere
384 2585 561 2673 humano,
587 2601 623 2660 et
647 2589 724 2660 vult
745 2611 782 2659 se
802 2588 956 2660 discerni
979 2590 1024 2661 ab
1075 2587 1183 2656 maris
1204 2591 1362 2658 etunius
1377 2591 1553 2660 foeminae
1568 2591 1724 2680 legitima
1741 2604 1774 2660 et
1791 2592 2060 2676 indissolubilis,

56 2689 233 2764 immundis
251 2692 443 2783 Spiritibus
457 2704 491 2760 et
508 2685 724 2766 hominihus.
1076 2688 1237 2760 instituta
1260 2713 1281 2761 a
1302 2689 1378 2762 Deo
1400 2692 1654 2782 procreationis
1677 2716 1798 2778 causa,
1823 2707 1857 2762 et
1882 2708 1921 2764 ut
1944 2695 2061 2762 viten-

140 2793 221 2866 Non
239 2793 336 2863 enim
353 2791 663 2884 possumusDeum
678 2786 833 2864 brachiis
848 2790 1024 2882 amplecti,
1076 2805 1135 2862 tur
1172 2815 1295 2861 omnes
1328 2793 1417 2862 aliae
1446 2793 1714 2864 commixtiones
1744 2818 1932 2884 corporum
1963 2808 2060 2864 extra

57 2897 105 2964 sed
133 2896 348 2988 cogitatione
374 2895 616 2984 agnoscendus
645 2907 714 2975 est,
747 2894 844 2985 quod
874 2893 920 2964 sit
944 2892 1024 2964 talis
1072 2887 1167 2962 vhanc
1194 2893 1394 2964 ordinatam
1421 2894 1720 2967 coniunctionem.
1777 2895 1875 2967 Haec
1898 2895 2058 2966 definitio

56 2999 206 3084 essentia,
242 2997 403 3095 sapiens,
435 3018 557 3079 verax,
591 2993 700 3080 iusta,
726 2995 897 3081 benefica,
921 3008 1025 3079 casta,
1075 2996 1278 3064 continetur
1308 2995 1346 3064 in
1379 2991 1447 3065 hoc
1473 2996 1584 3066 dicto:
1617 2993 1734 3068 Erunt
1760 2999 1832 3068 dun
1857 2997 1895 3067 in
1915 3021 2058 3068 carnem

55 3121 184 3190 quaese
209 3098 374 3192 patefecit
397 3098 503 3167 misso
523 3097 611 3170 filio.
670 3092 754 3166 ldeo
777 3096 817 3164 in
841 3096 941 3166 omni
966 3096 1023 3165 in·
1074 3118 1200 3177 unam,
1226 3094 1350 3182 idest,
1376 3095 1658 3189 inseparabiliter
1674 3099 1796 3171 iuncti.
2086 3176 2089 3187 ,

56 3203 225 3274 vocatione
244 3200 470 3290 cogitandum
489 3209 559 3283 est,
586 3198 671 3292 quid
686 3199 846 3278 invoces,
873 3209 907 3268 et
918 3221 1022 3291 quem
1175 3195 1296 3269 Prima
1315 3199 1424 3290 igitur
1438 3200 1614 3272 institutio
1631 3196 1796 3291 prohihet
1812 3201 2060 3293 polygamiam,

54 3293 154 3372 Deum
190 3305 353 3386 invoces,
398 3300 637 3389 seiungendus
674 3313 726 3370 est
760 3294 819 3369 hic
850 3295 948 3370 Deus
977 3299 1023 3369 ab
1073 3297 1109 3367 id
1127 3311 1199 3383 est,
1223 3295 1353 3371 habere
1368 3301 1497 3371 multas
1512 3303 1676 3391 coniuges
1692 3303 1819 3385 simul,
1845 3305 1929 3395 quia
1945 3315 2059 3373 textus

55 3405 204 3478 omnibus
237 3403 374 3474 naturis
402 3401 610 3473 immundis.
675 3396 821 3472 Ethnici
852 3401 1022 3471 adoravo
1074 3399 1277 3491 planissime
1296 3402 1397 3474 dicit:
1428 3401 1545 3473 Erunt
1568 3406 1653 3476 duo.
1703 3401 1750 3474 Et
1770 3400 1933 3476 Christus
1956 3429 2058 3474 revo-

55 3603 207 3680 libidines
228 3631 295 3700 pro
319 3606 387 3696 piis
403 3606 576 3694 operibus
598 3599 815 3690 habuerunt,
840 3599 906 3674 hos
922 3606 1021 3674 furo-
1072 3626 1167 3676 nem.
1218 3602 1431 3700 Quanquam
1449 3606 1543 3676 enirn
1561 3605 1656 3680 Deus
1676 3608 1834 3699 permisit
1851 3608 1955 3678 aliam
1973 3633 2060 3679 con-

53 3729 100 3778 ces
121 3711 267 3788 damnat
288 3705 384 3780 Deus
416 3701 637 3778 horribiliter
665 3719 700 3778 et
730 3707 807 3778 vult
828 3701 1021 3778 Ecclesiam
1062 3704 1296 3786 ¹suetudinem
1311 3704 1501 3779 Ethnieam
1524 3711 1629 3780 etiam
1652 3711 1813 3801 patribus
1830 3711 1866 3780 in
1886 3712 1979 3800 lege,
2005 3723 2059 3779 ta-

53 3829 139 3882 tuam
156 3834 175 3881 a
190 3811 323 3884 talibus
337 3809 521 3882 furoribus
538 3809 639 3878 valde
654 3804 856 3882 abhorrere.
1075 3830 1157 3876 men
1186 3829 1226 3877 ea
1255 3812 1474 3882 consuetudo
1498 3811 1568 3882 fuit
1596 3812 1773 3884 contraria
1796 3811 1931 3904 primae
1953 3810 2058 3882 insti·

139 3915 243 3986 Hanc
256 3934 397 3982 causam
411 3932 514 4002 saepe
526 3910 719 4000 cogitemus
734 3909 773 3980 in
788 3909 1023 3996 invocatione,
1073 3909 1217 3980 tutioni.

53 4014 258 4102 qnareDeus
277 4013 470 4084 castitatem
492 4012 663 4104 postulet,
688 4001 1021 4101 etcogitemuseum
1174 4005 1222 4080 Et
1253 4035 1427 4106 nusquam
1457 4023 1508 4083 cst
1536 4014 1729 4099 approbata
1763 4025 1946 4105 praecepto
1976 4009 2057 4096 Dei,

53 4134 115 4186 esee
141 4133 295 4189 mentem
325 4127 473 4198 hastam,
504 4115 579 4184 imo
608 4112 798 4202 cogitantes
822 4115 866 4183 de
892 4111 1022 4183 nostris
1072 4111 1132 4179 sed
1155 4122 1292 4182 tantum
1318 4114 1496 4204 permissa.
1549 4110 1652 4183 Nunc
1674 4128 1790 4184 autem
1813 4107 1978 4186 Christus
1999 4136 2058 4182 re-

54 4210 297 4300 inmunditiis,
322 4215 434 4304 magis
453 4216 677 4307 deploremus
693 4226 849 4286 nostram
864 4213 1022 4284 immun·
1073 4224 1174 4281 vocat
1188 4219 1253 4284 nos
1269 4216 1312 4283 ad
1329 4215 1477 4304 primam
1492 4213 1768 4302 institutionem,
1793 4215 1889 4311 quod
1904 4216 2057 4307 diligen·

53 4315 182 4407 ditiern,
216 4331 253 4392 et
280 4341 422 4392 orantus
444 4332 485 4388 ut
506 4340 573 4388 nos
598 4340 738 4409 quoqne
760 4317 807 4386 ad
828 4315 1020 4404 castitatem
1072 4313 1205 4385 tissime
1223 4315 1495 4393 consideremus.

51 4414 171 4504 flectat,
195 4421 280 4515 quia
295 4421 370 4511 ipse
385 4433 477 4489 amet
492 4418 701 4494 castitatem.
1174 4415 1338 4488 Secundo
1359 4415 1524 4509 prohihet
1538 4416 1700 4492 Christus
1720 4419 1883 4491 divortia.
1933 4414 1980 4490 Et
1996 4413 2056 4489 hic

141 4520 236 4594 Haec
255 4522 415 4594 doctrina
441 4521 485 4589 de
509 4520 664 4590 castitate
686 4532 720 4591 et
739 4521 783 4588 de
796 4518 920 4610 poenis
936 4517 1020 4590 libi·
1072 4516 1368 4588 considerandum
1391 4532 1460 4602 est,
1485 4537 1616 4615 quauta
1638 4523 1682 4594 sit
1705 4522 1837 4602 malitia
1856 4517 2053 4592 hominum·

54 4618 185 4704 diuum,
208 4647 311 4716 saepe
328 4637 361 4694 et
376 4621 528 4692 multum
543 4616 728 4710 cogitanda
746 4634 807 4694 est.
854 4673 859 4684 »
1013 4679 1024 4690 .
1071 4614 1209 4690 Omnes
1229 4615 1374 4691 Ethnici
1396 4636 1430 4694 et
1455 4621 1575 4693 ludaei
1598 4625 1749 4713 turpiter
1771 4623 1872 4694 abusi
1892 4638 1975 4694 sunt
1997 4622 2054 4691 di-

140 4724 208 4798 llie
230 4727 301 4796 iam
325 4725 489 4796 addenda
509 4737 561 4794 est
581 4722 722 4815 querela
745 4733 867 4792 contra
886 4721 1019 4792 doctri-
1071 4721 1208 4791 vortiis.
1258 4721 1358 4793 Sicut
1375 4748 1472 4794 nunc
1488 4723 1599 4796 Tucci
1612 4727 1757 4798 faciunt.
1809 4723 2056 4814 Quandocun·

53 4843 108 4892 nas
124 4826 419 4910 Daemoniorurn,
443 4823 617 4894 Diabolus
640 4846 777 4915 semper
801 4823 939 4893 vexavit
959 4845 1020 4913 pe·
1070 4847 1139 4916 qne
1153 4823 1266 4895 voluit
1280 4824 1426 4918 aliquis,
1448 4828 1524 4896 sive
1538 4850 1640 4897 causa
1654 4841 1761 4911 esset,
1787 4829 1861 4897 sive
1876 4850 1949 4896 non
1964 4838 2054 4896 esset

51 4944 110 4993 nus
123 4921 336 5011 humanum,
362 4921 582 4998 horribiliter
598 4925 800 5016 impellens,
826 4939 865 4994 ut
880 4924 1018 5015 pollue-
1069 4947 1191 5005 causa,
1225 4924 1325 4996 eiecit
1356 4951 1513 5001 uxorem.
1578 4925 1690 5020 Saepe
1709 4929 1815 5000 etiam
1837 4927 1980 5011 accidit,
2012 4939 2053 4998 ut

53 5036 139 5096 retur
159 5032 263 5101 variis
283 5027 506 5100 libidinibns.
555 5025 600 5100 Et
623 5027 825 5121 ubicunque
847 5026 915 5098 fuit
938 5027 1017 5096 ido·
1068 5027 1273 5116 practicaret
1295 5028 1443 5121 aliquis,
1468 5042 1508 5100 ut
1527 5030 1619 5100 alius
1633 5033 1761 5102 faceret
1775 5028 1987 5114 divortium,
2011 5043 2052 5100 ut

53 5122 274 5214 lolatria,'ibi
293 5131 435 5222 fuerunt
458 5141 566 5200 tetrae
589 5128 776 5209 libidines,
801 5140 842 5199 ut
859 5124 968 5202 Rom.
984 5131 1018 5198 1.
1069 5127 1244 5218 potiretur
1262 5130 1408 5204 alterius
1429 5130 1591 5222 coniuge.
1640 5133 1740 5205 Sicut
1754 5130 1965 5202 Hortensius
1989 5154 2051 5221 pe·

53 5225 262 5314 dealbentur.
314 5230 367 5304 lta
389 5232 428 5300 in
445 5227 581 5321 Papatu
603 5243 688 5302 sunt
709 5229 885 5302 immundi
907 5229 1016 5300 coeli·
1067 5229 1147 5300 tivit
1167 5229 1356 5314 aCatone,
1380 5245 1420 5304 ut
1441 5255 1522 5306 eum
1540 5231 1670 5308 Martia
1692 5232 2050 5324 eoniugcdivortium
2108 5317 2112 5325 Ι

52 5325 106 5398 hes
118 5329 283 5408 Canonici
296 5350 334 5408 et
346 5327 538 5420 Monachi,
552 5346 596 5405 et
610 5333 697 5406 tales
711 5355 853 5427 semper
867 5345 985 5410 erunt.
1065 5331 1206 5421 faceret,
1232 5345 1271 5405 ut
1285 5357 1361 5406 eam
1374 5334 1619 5430 ipseduceret.
1652 5333 1699 5408 Et
1712 5335 1904 5409 duxiteam
1917 5349 2052 5428 postea.
