4674 5822
222 184 320 258 ner
442 119 446 130 ’
817 170 1720 288 rnnmsmumrxnorrrcaz
1907 236 1942 246 ..
2163 185 2251 258 no

223 359 352 441 idest,
381 367 478 447 pater
498 353 732 440 ostendisse,
757 353 915 426 ostendit
936 351 1218 460 missn'eordism
1454 367 1502 444 3,·
1517 377 1710 470 pmgepsa
1732 391 1814 440 mm
1835 369 2081 444 servaverim,

223 471 263 530 ‘⁸³
283 459 478 549 9⁰¹²⁰⁸i³¹¹¹
494 481 595 528 ’Μ
611 480 692 528 ‘¹¹¹¹'
712 457 920 542 ”mmuh
945 455 1139 550 ‘mm’
1168 467 1220 537 ω’
1371 507 1501 602 Legem
1527 508 1603 580 lieri
1625 501 1722 578 nihil
1747 504 1846 577 aliud
1871 519 1945 594 est,
1983 507 2055 578 nisi
2078 506 2124 578 ad
2147 519 2252 579 extre-

225 561 288 648 qui
316 559 600 647 sanctificantur,
632 559 782 630 timeant
808 557 924 628 Βειιπι
950 571 985 628 et
1006 561 1152 628 credant
1176 557 1221 635 ei,
1613 610 1650 630 ,,
1694 609 1705 627 ,
1810 609 1820 628 ‚
2167 609 2177 628 ·
2227 611 2235 628 ⁸

227 686 291 732 nec
308 663 423 734 fidant
437 662 509 732 iam
529 661 614 734 ullis
628 655 796 732 humanis
811 673 845 732 et
861 662 968 730 rebus
991 673 1025 732 et
1044 658 1197 732 viribus.
1270 635 1369 734 ’Ῥω
1387 637 1498 707 ΜΨ
1522 606 1729 694 humhmt
1756 633 1848 702 qm
1864 607 1922 680 ¹⁶¹
1934 623 1989 682 “l
2002 609 2151 682 ”flium
2166 613 2252 680 ¹⁰⁶¹·

1270 738 1337 802 cn,
1370 741 1442 810 quo
1466 725 1667 808 arguuntur
1687 711 1809 782 omnia
1833 723 1966 786 nostra.
2016 709 2077 784 Sic
2098 707 2253 784 Christus

1271 817 1383 910 legem
1412 817 1516 904 fecit,
1556 829 1765 888 extenuatus
1784 811 1842 883 ‘ad
1874 812 2108 884 novissimum
2140 838 2254 908 usque,

1270 921 1382 991 factus
1412 920 1582 991 obediens
1609 913 1704 1010 patri
1738 937 1851 1010 usquc
1882 915 1926 986 ad
1956 929 2107 986 mortem
2139 917 2255 988 cmcis.

329 1019 439 1095 Redit
454 1033 630 1110 postremo
652 1019 1022 1095 iterumadveebum.
1075 1015 1220 1092 Efficia-
1272 1017 1391 1112 Exigit
1415 1021 1551 1118 itaque,
1576 1033 1615 1092 ut
1637 1015 1802 1088 similiter
1822 1016 1993 1088 faciamus
2008 1029 2042 1087 et
2058 1039 2124 1088 nos
2138 1017 2254 1107 legem,

227 1123 319 1192 mini
335 1121 405 1194 mei
420 1121 607 1214 discipuli,
633 1123 734 1216 quasi
757 1123 805 1192 sic
827 1121 936 1194 dicat:
971 1121 1076 1193 'l'unc
1091 1123 1221 1194 clarii·
1273 1119 1341 1196 hoc
1363 1136 1434 1208 est,
1464 1139 1695 1196 extenuemur
1716 1119 1805 1190 sieut
1825 1131 1861 1189 et
1886 1118 2190 1214 ipseextenuatus
2204 1134 2258 1202 est,

228 1240 326 1295 catus
347 1237 397 1293 est
420 1239 539 1316 pater,
568 1247 650 1293 cum
673 1223 744 1295 mei
768 1222 934 1314 discipuli
961 1223 1064 1311 estis,
1098 1225 1134 1294 id
1159 1237 1222 1304 est,
1272 1250 1378 1321 quam
1396 1225 1508 1316 legem
1533 1249 1614 1296 caro
1637 1245 1702 1292 nec
1719 1218 1906 1322 intelligit,
1933 1244 2000 1292 nec
2021 1219 2117 1294 lacit.
2167 1222 2258 1292 Cou-

229 1352 309 1396 cum
336 1349 414 1395 meo
440 1326 549 1395 verbo
570 1323 723 1399 creditis.
780 1323 873 1396 Nam
897 1321 1032 1398 Christi
1055 1325 1221 1420 discipuli
1272 1329 1407 1402 solatur
1437 1328 1557 1422 itaque
1581 1337 1742 1408 sanctos,
1773 1321 1874 1417 quasi
1897 1321 1948 1394 sic
1974 1321 2087 1398 dicat:
2127 1319 2257 1396 Sentite

229 1442 330 1512 sont,
362 1428 424 1522 qui
447 1427 524 1496 eius
546 1427 655 1498 verbo
677 1429 838 1500 eredunt.
899 1426 1025 1501 loann.
1047 1427 1144 1500 Vll.:
1183 1427 1222 1500 si
1273 1434 1370 1526 quod
1387 1430 1533 1522 diligam
1546 1453 1609 1500 vos
1632 1425 1772 1498 tametsi
1785 1438 1993 1510 extenuem,
2017 1424 2108 1498 sicut
2129 1437 2259 1496 eertum

228 1529 431 1600 manseritis
455 1518 493 1597 in
518 1551 681 1600 sermone
702 1553 803 1615 meo,
842 1554 925 1600 vere
959 1531 1028 1602 mei
1057 1532 1223 1622 discipuli
1273 1547 1342 1618 est,
1368 1557 1424 1602 me
1446 1557 1467 1603 a
1491 1545 1590 1626 patre
1610 1525 1733 1620 diligi,
1773 1551 1979 1622 quanquam
2003 1525 2190 1624 reliquisse
2212 1529 2259 1594 vi-

230 1631 324 1705 estis.
375 1626 509 1723 Estque
528 1627 615 1700 haec
639 1631 832 1702 sententia:
867 1629 973 1704 Pater
994 1632 1223 1722 glorificatur,
1274 1637 1410 1710 dentur.
1554 1621 1559 1632 ¹
1838 1641 1841 1646 '

230 1735 254 1802 i.
270 1757 301 1807 e.
324 1727 517 1803 innotescit
537 1733 647 1802 verbo
671 1757 768 1820 meo;
799 1745 934 1824 patrem
959 1735 1130 1820 noscetis,
1160 1735 1224 1805 ubi

231 1836 340 1905 verbo
362 1858 441 1903 meo
463 1832 704 1919 credideritis,
740 1833 824 1928 quia
848 1835 958 1926 patris
981 1835 1223 1907 misericordia

415 861 471 936 Et
498 857 721 964 efficiamini
745 863 818 936 mei
843 859 1030 964 discipuli.

1524 1799 1578 1876 Ut
1598 1797 1783 1898 gaudium
1805 1823 1924 1872 meum
1945 1809 2010 1872 etc.

103 2009 106 2014 ,
232 1950 308 2006 tum
331 1936 502 2020 sentitur,
532 1957 612 2005 cum
636 1935 832 2023 credimus,
865 1961 932 2007 nos
958 1960 1021 2027 per
1039 1933 1223 2032 Christum
1374 1950 1508 2028 Christi
1540 1976 1689 2044 regnum
1713 1967 1785 2038 err,
1833 1952 1873 2022 in
1906 1950 2077 2026 cordibus
2105 1974 2260 2044 regnare,

230 2037 431 2156 iustidqari,
462 2049 505 2154 et·
523 2037 592 2144 fit,
622 2050 663 2155 ut
688 2038 814 2156 timere
835 2061 876 2110 ac
898 2039 1008 2111 fidere
1034 2039 1225 2134 possimus,
1274 2081 1384 2155 qum
1410 2056 1519 2128 ,iuml
1546 2057 1678 2156 gaudet
1699 2067 1734 2127 ,q
1758 2047 1855 2146 ψ’,
1888 2048 1956 2129 hoe
1979 2068 2059 2136 Μ’,
2085 2069 2210 2144 ‘⁸8¹¹st
2231 2069 2264 2123 ,g

231 2154 337 2244 ‘tuln‘
350 2153 398 2209 ¹¹³
415 2136 706 2232 8¹⁰¹¹³l²dd¹ll¹f
720 2153 837 2234 ΡΜ,
1274 2159 1510 2254 glorificetur,
1543 2172 1580 2233 et
1601 2171 1763 2228 nostrum
1795 2152 1966 2246 gaudium
1998 2155 2198 2247 perficitur,
2228 2157 2264 2228 id

1274 2278 1346 2349 est,
1372 2286 1440 2334 nos
1454 2261 1676 2334 vivificamur
1689 2257 1991 2332 reconfirmamus
2005 2271 2071 2333 ete.

488 2335 593 2416 Sicut
620 2336 756 2414 dilexit
775 2365 831 2414 me
852 2350 971 2442 pater.
1774 2343 1779 2366 ¹

332 2493 429 2564 Haec
445 2511 494 2564 est
510 2493 600 2564 ,2110
618 2477 800 2579 mium,
825 2518 918 2588 qu„
931 2518 1036 2588 supra
1052 2498 1223 2589 prowm
1317 2447 1400 2524 Hoc
1423 2455 1476 2520 est
1493 2451 1724 2544 praeceptum
1743 2464 1881 2526 meum,
1907 2447 1948 2514 ut
1969 2435 2147 2538 diligatis
2168 2449 2231 2516 etc.

232 2611 338 2683 sunt,
363 2611 397 2667 et
412 2598 488 2678 fax,
510 2621 581 2688 qna
600 2595 799 2667 inflammet
814 2620 881 2669 nos
899 2599 942 2667 ad
958 2597 1157 2670 faciendam
1173 2602 1224 2671 le-
1375 2602 1458 2676 Duo
1480 2601 1631 2674 omnino
1655 2611 1728 2669 tota
1750 2595 1807 2667 lex
1824 2593 1956 2682 tradit,
1992 2594 2265 2693 quomodolleo

231 2723 321 2788 gem.
373 2693 460 2768 Ideo
483 2697 781 2789 promissionibus
804 2691 901 2770 hunc
922 2700 1020 2772 velut
1044 2701 1223 2792 epilogum
1274 2706 1487 2790 serviamus,
1523 2716 1558 2774 et
1581 2699 1762 2797 quomodo
1786 2718 1867 2768 eum
1886 2692 2097 2769 hominihus
2116 2723 2266 2770 conver-

231 2799 359 2872 adiecit
374 2814 408 2871 et
425 2805 529 2890 'caput
551 2799 706 2869 sermoni
722 2799 768 2869 de
782 2799 971 2892 operibus,
995 2805 1092 2896 quod
1109 2804 1143 2897 ⁴)
1168 2828 1224 2876 se·
1267 2830 1402 2884 ,remur
1454 2803 1611 2878 Proinde
1630 2798 1795 2898 Christus
1821 2793 1992 2870 hactenus
2015 2791 2167 2900 docuit,
2208 2793 2267 2896 pe-

231 2903 381 2998 quitur.·
429 2897 564 2996 Estque
603 2915 780 2994 postrema
810 2915 845 2972 et
881 2926 1019 2975 summa
1054 2909 1224 2978 adversus
1272 2929 1363 2987 trem
1385 2931 1459 2980 non
1481 2907 1668 2999 cognosci,
1700 2925 1776 2974 nun
1798 2901 1890 2983 coli,
1914 2899 1986 2974 nisi
2004 2901 2077 2974 fide
2097 2903 2140 2974 in
2161 2900 2268 2977 Chri-

231 3027 356 3074 omnes
374 2999 586 3075 tentationes
607 3003 803 3075 consolatio
824 3003 954 3095 fidere,
986 3010 1082 3104 quod
1100 3009 1224 3102 diligat
1273 3029 1378 3089 stum.
1429 3010 1614 3083 llaeciere
1629 3003 1814 3080 concionis
1829 2995 2023 3095 superioris
2043 3025 2185 3077 summa
2203 3021 2267 3078 est:

231 3119 423 3197 nospster.
473 3104 659 3200 Siquidem
674 3105 765 3176 tanti
780 3105 863 3178 lecit
883 3129 969 3190 nos,
994 3122 1035 3178 ut
1051 3110 1225 3182 infranos
1274 3117 1389 3190 Nemo
1413 3114 1513 3184 venit
1542 3112 1586 3182 ad
1609 3121 1745 3204 patrem
1769 3105 1840 3176 nisi
1865 3127 1930 3197 per
1946 3129 2019 3206 me.
2075 3103 2200 3204 Atque
2214 3111 2266 3180 ita

232 3205 418 3280 Christum
441 3207 629 3294 obiiceret,
662 3222 702 3278 ut
724 3208 839 3278 faetus
861 3207 908 3281 sit
927 3204 1093 3281 Christus
1115 3211 1224 3282 mini·
1273 3215 1436 3294 Christus
1459 3215 1614 3308 primam
1637 3223 1774 3304 partem
1792 3207 1880 3298 legit
1902 3207 2075 3301 absolvit,
2117 3214 2265 3306 quando

232 3326 331 3412 ster,⁸
358 3331 486 3400 nempe
516 3311 580 3404 qui
602 3310 694 3381 lavet
715 3310 822 3399 pedes
843 3323 1000 3410 nostros,
1058 3309 1143 3384 ldeo
1173 3314 1223 3386 tle
1273 3321 1416 3405 docuit,
1441 3318 1623 3412 quomodo
1637 3335 1755 3384 coram
1771 3305 1849 3381 Deo
1863 3309 2107 3382 iustificemur.
2140 3312 2264 3386 Altera

230 3413 299 3483 ait:
327 3409 427 3482 Sient
443 3411 566 3482 dilexit
582 3435 639 3480 me
654 3405 773 3504 pater,
800 3411 847 3482 ita
872 3426 908 3483 et
930 3435 994 3502 ego
1016 3415 1129 3507 diligo
1150 3439 1224 3491 ros.
1274 3446 1355 3518 pars
1377 3419 1464 3512 legis
1485 3421 1609 3509 docet,
1643 3414 1825 3509 quomodo
1846 3433 1927 3482 cum
1949 3407 2161 3486 hominihus
2181 3405 2266 3486 con*-

234 3508 281 3582 Ut
296 3521 427 3579 certam
453 3515 580 3581 reddat
600 3513 854 3583 conscientiam
871 3513 974 3604 diligi
993 3539 1076 3598 nos,
1102 3517 1153 3587 sic
1166 3540 1224 3587 ar·
1273 3526 1488 3596 versandum
1505 3521 1562 3596 cit,
1609 3517 1695 3588 ldeo
1710 3528 1746 3586 et
1761 3511 1829 3586 hoc
1847 3517 2132 3606 praeceptumde
2148 3513 2266 3588 chari.

231 3623 473 3698 gumentatur:
507 3611 741 3684 certissimum
762 3637 856 3698 esse,
885 3617 981 3708 quod
997 3616 1110 3688 lilium
1124 3633 1225 3712 pater
1272 3640 1343 3699 tate
1357 3623 1557 3696 subiicitur.
1608 3619 1844 3692 Mirabuntur
1857 3610 1929 3702 hic,
1953 3615 2017 3712 qui
2033 3617 2115 3690 lidei
2132 3621 2267 3692 doctri-

231 3712 376 3802 diligat,
411 3714 534 3806 utqui
557 3713 593 3782 id
618 3715 812 3786 ostenderit
839 3714 1032 3805 glorificato
1055 3742 1115 3806 eo,
1149 3723 1213 3812 pri·
1272 3753 1356 3799 nam
1369 3751 1443 3798 non
1461 3723 1687 3817 intelligunt,
1711 3743 1777 3791 cur
1798 3740 1871 3788 non
1885 3729 1920 3789 et
1933 3719 1979 3788 de
1992 3715 2070 3792 Deo
2081 3719 2266 3813 diligendo

210 3837 329 3886 =mum
346 3837 408 3903 per
423 3815 603 3901 miracula,
629 3828 708 3906 post
722 3837 786 3905 per
800 3818 1114 3907 resurrectionem
1128 3825 1222 3902 ¹ideo
1272 3827 1509 3924 praeceperim
1559 3827 1720 3899 sedeam
1745 3819 2266 3913 partemlegisdeenltultei

182 4006 190 4012 =
231 3916 464 3986 certissimum
487 3939 630 4010 quoque
652 3917 729 3988 vult
750 3919 977 3991 conscientiis
997 3923 1128 3995 nostris
1149 3949 1224 3995 esse
1272 3955 1378 4024 supra
1399 3929 1572 4021 absolvit,
1604 3948 1684 4000 eum
1707 3923 1850 4014 docuit,
1882 3922 2018 3994 cultum
2046 3925 2159 4016 patris
2183 3951 2266 4013 esse,

229 4011 434 4102 Christum,
460 4022 556 4111 quod
581 4020 657 4110 ipse
679 4042 745 4092 nos
759 4019 902 4112 diligat,
926 4025 1028 4116 quasi
1045 4026 1096 4096 sic
1113 4027 1223 4099 dieat:
1272 4033 1416 4108 credere
1437 4033 1476 4103 in
1498 4027 1695 4104 Christum.
1758 4023 1868 4116 Quod
1893 4023 2013 4097 dicits.
2033 4023 2265 4122 Praeceptum

231 4117 382 4198 Videtis·
400 4119 635 4190 certissimum
662 4143 756 4207 esse,
788 4124 884 4216 quod
909 4147 929 4193 a
953 4138 1053 4216 patre
1077 4128 1221 4219 diligar3
1272 4161 1428 4227 novum,
1456 4134 1608 4228 opponit
1633 4130 1702 4222 legi
1725 4126 1866 4222 Moysi,
1899 4128 1997 4219 quod
2018 4141 2100 4202 ante
2119 4154 2197 4202 non
2222 4132 2266 4202 sit

233 4221 282 4292 itu
304 4222 450 4304 sentite,
484 4236 619 4294 certum
645 4245 739 4308 esse,
772 4226 910 4317 quoda
933 4251 989 4294 me
1012 4229 1223 4320 diligamini,
1272 4239 1490 4310 intellectum
1527 4249 1751 4329 praeceptum
1783 4231 1827 4299 de
1856 4223 2041 4304 charitate.
2106 4229 2266 4306 Proinde

231 4323 337 4392 etiam
355 4323 385 4391 si
401 4321 589 4395 differetur
608 4323 815 4416 glorificatio
838 4327 945 4398 vestri
960 4327 1002 4418 ⁶).
1055 4332 1139 4422 Agit
1155 4335 1218 4405 ita·
1272 4366 1352 4412 cnm
1369 4364 1464 4410 novo
1481 4341 1589 4409 modo
1605 4333 1827 4422 intelligitur,
1852 4331 1890 4401 lit
1904 4345 1939 4401 et
1953 4337 2087 4404 novum
2105 4338 2266 4408 verbum,

232 4449 301 4516 que
318 4418 386 4494 hoe
400 4420 581 4513 Christus,
604 4441 644 4498 ut
666 4427 833 4499 certificet
852 4429 1096 4507 conscientias.
1147 4432 1222 4506 Eo·
1272 4439 1366 4538 Quia
1383 4465 1465 4512 caro
1480 4441 1572 4513 sicut
1589 4452 1812 4532 praereptum
1835 4433 2044 4506 decolendo
2059 4431 2136 4508 Deo
2160 4437 2265 4510 intel-

231 4531 313 4596 dem
335 4527 487 4617 pertinet
511 4542 546 4599 et
565 4529 762 4600 conclusio:
800 4527 946 4602 Manete
968 4533 1007 4602 in
1031 4536 1223 4610 dilectione
1271 4545 1349 4636 ligit
1372 4546 1418 4616 de
1441 4543 1596 4616 externis
1618 4539 1807 4633 operibns,
1846 4557 1921 4606 non
1941 4537 1987 4606 de
2006 4537 2135 4609 fiducia
2162 4553 2198 4612 et
2222 4542 2265 4614 ti-

232 4651 327 4708 mea,
354 4627 391 4697 id
409 4643 483 4715 est,
508 4631 593 4702 certi
612 4644 722 4702 estote
743 4633 839 4726 quod
857 4635 1001 4724 diligam
1020 4661 1098 4724 vos;
1125 4644 1220 4733 qood
1273 4671 1393 4738 more,
1417 4647 1467 4718 sic
1482 4659 1516 4718 et
1530 4657 1756 4739 praeceptum
1780 4640 1826 4709 de
1847 4632 2019 4711 charitate
2039 4661 2113 4710 non
2129 4641 2264 4714 intelli-

232 4728 263 4796 si
279 4749 345 4820 pro
361 4742 456 4801 certo
472 4733 671 4820 senseritis,
701 4748 735 4806 et
756 4749 940 4826 praecepta
965 4760 1041 4808 mea
1063 4743 1219 4812 servabi·
1271 4749 1322 4840 git
1345 4750 1390 4820 de
1410 4749 1538 4822 affectu
1565 4747 1695 4819 cordis.
1760 4737 1918 4834 Exponit
1954 4755 2071 4820 antem
2099 4737 2263 4818 Christus

233 4830 298 4914 tis,
324 4823 395 4948 hoq
405 4847 476 4917 est,
510 4835 586 4926 ipsa
609 4837 809 4907 observatio
833 4851 1103 4932 praeceptorum
1125 4867 1220 4916 meo·
1272 4865 1497 4945 praeceptum
1521 4852 1567 4922 de
1590 4844 1778 4920 charitate:
1807 4837 1923 4916 'Sicut
1942 4841 2052 4914 dilexi
2073 4868 2156 4932 vos,
2181 4871 2259 4918 cum

232 4955 313 5049 fflfss
344 4947 412 5004 '0²¹⁸
444 4936 705 5020 ¹⁰⁸¹lffl⁰1¹l⁰ms
746 4939 842 5033 quod
872 4942 1043 5015 maneatis
1064 4945 1102 5014 in
1131 4947 1223 5018 dile·
1272 4948 1476 5025 charitatem
1494 4954 1533 5024 in
1548 4977 1590 5022 eo
1610 4961 1738 5042 ponat,
1762 4959 1801 5018 ut
1823 4942 2054 5016 humiliemus
2068 4960 2102 5019 et
2117 4947 2262 5020 abiicia-

233 5047 443 5109 ettonemea
460 5048 544 5122 etc„
569 5054 741 5134 utsupra.
841 5115 843 5124 ,
1061 5081 1078 5104 2
1272 5080 1351 5126 mne
1365 5077 1432 5126 110³
1446 5047 1691 5137 insusurres,
1714 5066 1748 5124 et
1764 5049 1981 5138 resignemus
1993 5050 2161 5120 omnibus
2176 5075 2260 5141 rem,

1067 5165 1069 5168 ’
1273 5153 1447 5231 honorem
1465 5172 1502 5231 et
1516 5158 1637 5228 vitam.
1671 5155 1792 5249 Atque
1808 5152 1855 5224 ita
1872 5149 1990 5242 vides,
2018 5153 2171 5244 praecipi
2187 5153 2260 5244 lege

1272 5275 1462 5336 extremam
1482 5258 1766 5332 extenuationem
1790 5252 1921 5336 nostri,
1941 5267 1979 5326 et
1996 5253 2087 5326 sicut
2100 5249 2259 5327 Christus

267 5377 384 5437 irruo.
401 5378 461 5444 sos.
597 5379 629 5439 s)
647 5379 716 5432 ruo.
735 5381 845 5436 vestre.
1273 5362 1342 5437 ait:
1387 5362 1461 5454 Qui
1492 5364 1568 5434 volt
1597 5387 1652 5432 me
1682 5359 1801 5454 sequi,
1845 5358 1992 5446 abneget
2022 5357 2256 5466 semetipsum,
