4714 5826
98 332 162 390 net
187 341 271 388 vera
291 319 400 388 altera
424 318 563 408 regula,
593 321 676 414 quia
701 319 768 413 ipsi
781 341 923 412 quoqne
939 315 1087 408 plerun-

98 445 170 513 que
200 421 239 488 in
265 415 331 490 bac
355 421 427 491 vita
452 423 643 513 rapiuntur
667 425 712 492 sd
739 442 884 514 poenas,
908 420 1004 491 iuxta
1027 422 1086 490 di·

97 537 214 592 ctum:
243 522 301 591 Ad
319 545 485 610 generum
496 522 636 594 Cereris
653 525 731 594 siue
743 524 850 590 caede
866 535 898 591 et
914 524 1086 610 sanguine

95 625 204 714 pauci
230 625 449 693 descendunt
472 647 588 714 reges,
621 642 654 695 et
677 626 762 696 sicca
791 640 903 694 morte
927 626 1085 716 tyranni.

96 725 319 819 Quanquam
329 727 438 815 igitur
452 726 581 797 florent
595 725 814 821 aliquandiu,
830 741 947 796 tamen
966 741 1085 818 postea

94 829 329 898 excutiuntur
345 853 386 896 ex
404 829 575 917 imperiis.

200 928 371 1026 Secundov
389 930 453 998 scit
474 926 630 1002 Ecclesia
653 927 810 1001 iusticiae
832 925 898 998 Dei
915 953 1084 998 couvent-

92 1057 151 1109 re‚
178 1043 222 1100 ut
244 1032 376 1100 scelera
400 1055 474 1100 non
491 1045 629 1104 tantum
654 1031 896 1122 praesentibus
912 1045 945 1100 et
963 1034 1082 1100 brevi-

93 1137 160 1204 bus
177 1132 365 1222 suppliciis
378 1133 520 1224 puniat,
545 1137 606 1206 sed
626 1133 790 1205 aeternis.
830 1131 915 1203 ldeo
932 1157 1082 1225 respon-

92 1239 151 1304 det
173 1236 219 1304 ad
241 1229 309 1302 boc
337 1247 599 1322 argumentum.
661 1233 765 1303 lustis
796 1236 959 1324 congruit
994 1238 1083 1304 bene

91 1360 189 1416 esse,
218 1335 360 1404 iniustis
376 1337 478 1405 male.
529 1335 686 1407 Ecclesia
708 1350 759 1406 est
776 1337 891 1440 justa,
919 1335 1083 1429 Tyranni

91 1451 176 1508 suut
203 1436 351 1520 iniusti,
382 1433 479 1526 Ergo
499 1433 678 1506 Ecclesiae
701 1439 791 1506 bene
811 1437 876 1522 sit,
903 1437 1082 1531 Tyranurs

88 1541 196 1611 male.
258 1536 465 1630 Respondet
490 1537 646 1608 Ecclesia
677 1541 722 1608 ad
745 1539 933 1608 maiorem:
985 1537 1082 1609 Con·

88 1642 187 1730 gruit
204 1640 307 1709 iustis
327 1642 417 1709 bene
433 1663 526 1725 esse,
553 1640 694 1710 iniustis
712 1640 820 1724 male,
847 1642 941 1709 iuxta
964 1643 1081 1712 decla-

89 1745 267 1812 rationem
292 1738 498 1828 Evangelii,
539 1744 635 1835 quod
661 1743 762 1811 docet
793 1765 903 1834 quare
923 1739 1079 1813 Ecclesia

87 1845 248 1914 subiecta
263 1843 310 1911 sit
325 1844 422 1912 cruci
449 1844 486 1911 in
504 1838 571 1911 bac
588 1842 678 1927 vita,
704 1855 739 1912 et
763 1855 880 1912 tamen
896 1865 1035 1932 semper
1061 1871 1080 1914 a

86 1947 166 2018 Deo
183 1944 314 2013 servari
333 1959 471 2015 coetum
487 1944 665 2036 aliquem,
692 1958 726 2012 et
743 1959 862 2035 postea
878 1939 1079 2015 babituram

83 2071 162 2118 esse
185 2041 382 2114 Ecclesiam
407 2057 550 2118 aeterna
577 2048 690 2130 bona,
717 2045 846 2135 impios
862 2059 977 2115 autem
1002 2048 1079 2117 fure

86 2147 296 2218 inaeternis
317 2146 453 2237 poenis,
507 2145 583 2214 lmn
606 2140 691 2215 haec
716 2147 790 2237 ipsa
818 2146 974 2236 exempla
996 2163 1079 2218 sunt

86 2247 291 2323 testimonia
309 2247 450 2318 verituri
468 2245 604 2320 iudicii.
657 2246 752 2336 Quia
765 2247 857 2316 Abel
880 2273 899 2317 a
914 2247 1004 2320 Cain
1022 2251 1077 2318 in-

87 2350 281 2430 terficitur,
309 2349 447 2418 etDeus
464 2347 575 2417 iustus
589 2363 690 2417 autea
707 2349 862 2418 ostendit
878 2373 915 2418 se
930 2351 1077 2440 diligere

88 2453 191 2526 Abel.
246 2445 342 2538 Ergo
360 2463 464 2521 restat
479 2448 577 2518 aliud
594 2449 784 2534 iudicium,
812 2451 850 2518 in
867 2475 937 2542 quo
954 2466 1075 2521 osten·

88 2561 191 2628 detur
203 2550 461 2620 dissimilitudo
481 2548 571 2619 Cain
589 2565 622 2618 et
632 2550 734 2618 Abel.
788 2547 927 2620 Deinde
942 2555 984 2620 ad
1005 2555 1074 2621 mi-

87 2679 211 2729 norem
241 2655 515 2743 respondeatur:
550 2647 707 2726 Ecclesia
730 2667 781 2721 est
805 2653 915 2739 ius'ta,
951 2655 1078 2724 videli-

89 2773 143 2829 cet
163 2755 400 2845 imputatione
420 2767 454 2822 et
479 2753 699 2837 incoatione,
731 2757 891 2824 nondum
914 2780 1080 2826 consum-

8 2901 9 2904 *
87 2859 256 2930 matione.
309 2853 422 2944 igitur
443 2854 486 2922 ad
512 2868 650 2944 tempus
671 2869 870 2940 exercetur,
905 2869 945 2925 ut
967 2881 1077 2946 agno-

8 2985 9 2998 *
88 2974 160 3033 scat
177 2957 352 3026 iudicium
368 2953 433 3024 Dei
451 2957 617 3024 adversus
642 2970 839 3048 peccatum,
865 2971 904 3028 ut
920 2959 958 3025 in
973 2956 1078 3028 Esaia

88 3066 237 3135 dicitur:
260 3055 450 3144 Castigatio
468 3072 518 3127 est
534 3057 585 3127 eis
600 3057 805 3149 disciplina,
831 3074 872 3130 ut
889 3062 932 3127 ad
951 3075 983 3129 te
1003 3062 1075 3132 cla-

87 3176 196 3236 ment·
249 3157 421 3252 Sequitur
436 3181 519 3248 ergo
535 3160 735 3242 conclusio,
762 3162 904 3254 tyranni
921 3185 1022 3252 saepe
1038 3163 1075 3232 iu

88 3266 153 3338 hac
170 3263 242 3332 vita
259 3261 480 3351 puniuntur,
495 3262 553 3328 sed
571 3261 819 3330 universaliter
837 3277 952 3352 postea
972 3281 1076 3336 erunt

89 3373 125 3442 in
142 3365 268 3460 poenis
284 3361 459 3452 aeternis,
485 3357 641 3430 Ecclesia
664 3363 728 3431 etsi
746 3362 933 3454 affligitur,
959 3379 1077 3435 tamen

90 3472 172 3542 etin
188 3463 256 3536 hac
276 3464 347 3534 vita
363 3465 471 3532 sentit
486 3462 757 3553 mitigationem,
784 3481 819 3537 et
833 3480 951 3558 postea
966 3461 1076 3538 habc-

89 3575 138 3644 bit
152 3583 297 3642 aeterna
313 3567 421 3636 bona.
501 3643 503 3650 Ι

442 3733 581 3844 Caput
607 3736 706 3822 ΧΠ.

183 3885 305 3956 Multa
322 3895 403 3952 sunt
419 3883 512 3950 dicta
529 3881 566 3950 iu
585 3882 795 3952 duodecimo
820 3883 951 3974 capite,
972 3908 1074 3977 saepe

85 3990 232 4081 repetita
248 3989 294 4055 de
311 3982 532 4074 providentia
548 3981 635 4068 Dei,
662 3989 757 4077 quod
782 3985 906 4054 iniusti
922 3986 994 4057 sint
1009 3992 1073 4080 ‹la-

86 4093 153 4164 turi
177 4111 319 4182 poenas.
385 4083 470 4155 ltem
494 4088 537 4153 de
561 4085 701 4170 labore,
735 4089 779 4155 de
801 4087 943 4174 liuguae
967 4091 1072 4174 vitiis,

85 4201 125 4266 de
158 4189 368 4278 mendacio,
403 4188 446 4254 de
472 4181 681 4275 sophistica,
710 4192 755 4256 de
785 4189 990 4280 calumniis,
1026 4193 1071 4260 de

85 4294 250 4366 iactantia
273 4306 307 4361 et
330 4289 577 4360 ostentatione.
629 4286 823 4382 Praecipue
848 4315 931 4359 vero
948 4293 1072 4361 memi-

84 4399 173 4468 nerit
198 4396 311 4464 lector
333 4387 400 4461 boc
417 4391 567 4460 dictum:
594 4389 825 4461 Abominatio
842 4389 998 4463 Domino
1019 4395 1072 4465 la-

82 4503 135 4571 bia
155 4496 352 4568 mendacia.
404 4492 566 4563 Sciamus
585 4494 740 4583 praecipi
764 4518 921 4562 amorem
949 4509 981 4566 et
1008 4520 1071 4567 cu-

82 4629 151 4674 ram
166 4599 321 4669 tuendae
337 4594 511 4676 veritatis,
540 4608 574 4663 et
590 4594 627 4660 in
646 4595 807 4665 doctrina
824 4596 868 4661 de
883 4593 959 4667 Deo
981 4613 1015 4668 et
1031 4599 1070 4668 in

81 4705 236 4783 artibus,
263 4713 298 4768 et
319 4699 358 4765 in
376 4696 543 4765 onmibus
560 4690 717 4767 honestis
743 4696 852 4788 pactis
875 4711 910 4767 et
927 4715 1069 4770 contra-

80 4809 204 4884 ctibus,
225 4813 259 4870 et
275 4801 358 4893 qnia
369 4797 495 4868 veritas
511 4811 562 4866 est
578 4797 672 4868 inter
682 4799 889 4889 praecipuas
906 4816 939 4870 et
955 4801 1068 4870 maxi-

79 4935 130 4978 me
140 4902 351 4993 conspicuas
367 4903 531 4982 virtutes,
559 4899 639 4968 ideo
658 4903 770 4969 atroci
791 4901 898 4970 verbo
920 4906 1068 4973 damna-

80 5027 132 5080 tur
147 5004 370 5078 coritcarium
389 5003 537 5089 vitium,
562 5014 597 5073 et
613 4999 819 5072 nominatur
836 5005 1066 5091 abominatio,

79 5113 111 5183 id
136 5125 207 5191 est,
235 5107 305 5176 tale
327 5106 459 5174 malum
484 5105 579 5195 quod
596 5099 693 5172 Deus
716 5105 890 5194 singulari
906 5129 1064 5177 commn-

78 5216 170 5287 tionc
186 5215 400 5294 detestatur,
423 5206 516 5276 sicul
542 5219 575 5278 et
598 5205 696 5276 idola
720 5207 954 5279 nominantur
973 5203 1064 5304 βδε-

77 5313 258 5415 lippata.

537 146 584 223 X.
634 137 932 220 nxrutcurto
959 139 1374 224 Pnovttuutottttttt
1399 147 1702 232 SALOMONIS.

1989 211 1993 223 .
2080 155 2130 226 30

1488 338 1627 452 Caput
1651 337 1775 428 Xlll.

1173 511 1280 589 Inlcr
1291 517 1467 617 superbos
1483 529 1535 590 est
1553 521 1745 610 contentio,
1760 527 1792 591 et
1805 515 1912 620 apud
1916 515 2123 592 deliberari·
2195 565 2200 580 ι

1236 630 1287 692 tes
1304 631 1355 694 est
1371 622 1572 718 sapientia.

1237 767 1414 840 Graecum
1430 773 1563 843 dictum
1580 785 1648 844 est:
1677 771 1763 867 ὅρος
1777 769 1853 868 ὄρει
1868 769 1914 846 οὐ
1927 767 2118 872 μίγνυται,

1055 929 1063 948 .
1133 871 1169 940 id
1196 885 1266 951 est,
1294 898 1395 942 tnons
1418 877 1533 945 moirti
1557 899 1631 944 non
1646 876 1831 960 miscetur,
1853 901 1924 968 quo
1940 875 2118 964 significa·

1106 1001 1109 1012 ·
1132 987 1208 1043 tum
1224 988 1291 1058 est,
1317 999 1391 1044 non
1415 978 1606 1046 convenire
1631 977 1725 1047 iuter
1742 980 1831 1046 dnos
1849 979 1979 1065 pariter
1996 977 2117 1072 elatos.

1132 1074 1348 1168 Quanquam
1372 1093 1490 1148 antem
1513 1080 1631 1171 plures
1653 1094 1735 1149 sunt
1758 1080 2014 1148 discordiarum
2033 1101 2117 1146 can«

1131 1201 1208 1258 sae,
1234 1192 1352 1249 tamen
1368 1182 1506 1272 saepius
1529 1204 1632 1252 causa
1647 1194 1699 1251 est
1714 1181 1896 1272 superbia,
1917 1204 1997 1250 cum
2017 1179 2118 1280 vide-

1131 1279 1211 1349 licet
1233 1294 1402 1366 naturae,
1431 1309 1521 1376 quae
1556 1307 1630 1352 sese
1653 1283 1895 1363 admirantur,
1928 1293 1961 1351 et
1991 1282 2117 1352 volunt

1055 1439 1064 1454 .
1130 1382 1356 1468 antecellere,
1384 1400 1531 1456 sumunt
1552 1386 1792 1476 undecunque
1815 1383 2015 1453 occasiones
2039 1403 2116 1451 cer·

1129 1483 1324 1568 taminum,
1347 1507 1413 1553 nec
1427 1500 1619 1557 moventur
1632 1488 1895 1574 magnitudine,
1920 1500 1979 1555 aut
1995 1483 2115 1576 parvi-

1131 1597 1200 1653 tate
1218 1585 1357 1668 rcrum,
1383 1589 1443 1654 sed
1461 1591 1632 1660 dimicant
1656 1589 1699 1656 de
1717 1588 1993 1668 existimatione,
2022 1587 2116 1655 etde

1130 1684 1252 1777 populi
1269 1688 1459 1776 applausu,
1485 1704 1603 1783 postea
1621 1713 1709 1782 quae
1727 1691 1817 1759 mala
1835 1702 2030 1782 sequantur
2047 1709 2114 1778 pu-

1129 1788 1238 1856 blicas
1264 1788 1478 1876 discordias,
1511 1807 1636 1862 notum
1662 1804 1726 1861 est.
1785 1789 1889 1862 Unde
1917 1804 2000 1860 sunt
2028 1785 2115 1858 baec

1127 1889 1237 1958 dicia:
1265 1888 1422 1960 Patriam
1446 1905 1565 1967 tamen
1586 1894 1708 1963 obruit
1732 1892 1817 1961 olim
1843 1893 1956 1982 gloria
1984 1914 2113 1982 pauco·

1127 2015 1228 2081 rum,
1262 1990 1377 2061 laudis
1399 1996 1565 2092 titulique
1593 1995 1735 2084 cupido.
1796 1992 1882 2063 ltem
1906 1992 2112 2063 Claudiani:

1125 2089 1216 2160 Nam
1250 2109 1383 2163 caetera
1416 2122 1524 2189 regua
1550 2097 1709 2166 luxuries
1739 2094 1836 2165 vitiis
1861 2097 2025 2188 odiisque
2049 2118 2112 2164 su-

1126 2193 1248 2283 perbia
1270 2195 1387 2268 vertit.

1228 2345 1320 2414 Cum
1339 2343 1447 2434 igitur
1461 2340 1500 2414 bi
1516 2347 1586 2415 duo
1602 2347 1747 2418 allectus
1764 2349 1835 2420 sint
1850 2347 2026 2432 acerrimi,
2048 2371 2109 2416 cu-

1120 2446 1255 2537 piditas
1271 2445 1417 2536 gloriae,
1440 2461 1473 2517 et
1491 2449 1694 2535 iracundia,
1720 2474 1782 2518 seu
1797 2452 1972 2544 cupiditas
1991 2449 2112 2518 vindi-

1125 2561 1219 2630 ctae,
1245 2549 1339 2618 utin
1359 2547 1478 2618 Mario
1498 2563 1530 2618 et
1550 2550 1666 2646 Sylla,
1693 2553 1731 2620 in
1756 2551 1925 2643 Pompeio
1951 2567 1985 2623 et
2006 2551 2111 2635 lulio,

1126 2661 1159 2718 et
1178 2648 1274 2732 aliis,
1301 2651 1512 2719 nominatim
1533 2649 1646 2722 Filius
1664 2653 1730 2724 Dei
1755 2655 1968 2744 gravissimis
1993 2652 2112 2722 verbis

1124 2751 1294 2841 praecipit
1317 2765 1355 2821 ut
1382 2751 1442 2820 isti
1459 2758 1531 2822 dno
1548 2753 1693 2825 affectus
1710 2757 1909 2827 frenentur:
1937 2755 2073 2826 Discite
2090 2777 2111 2822 a

1125 2875 1198 2933 me,
1226 2853 1308 2943 quia
1324 2855 1420 2922 mitis
1435 2877 1513 2924 snm
1531 2869 1564 2926 et
1585 2853 1730 2926 humilis
1746 2860 1862 2933 corde.
1896 2855 2019 2928 Altera
2036 2856 2110 2924 vir-

1124 2967 1180 3023 tus
1202 2953 1396 3044 opponitur
1416 2955 1620 3049 superbiae,
1654 2959 1765 3030 altera
1788 2961 2022 3032 mansuetudo
2046 2981 2110 3028 cn-

1125 3055 1264 3146 piditati
1280 3057 1469 3134 vindictae.

1223 3207 1288 3282 Est
1307 3211 1423 3282 autem
1439 3211 1682 3286 Mansuetudo
1698 3215 1823 3300 virtus,
1848 3237 1937 3308 quae
1953 3214 2109 3305 primum

1123 3307 1392 3404 comprehendit
1415 3315 1609 3400 iusticiam,
1643 3343 1687 3386 ue
1710 3332 1845 3409 pugnet
1872 3317 1933 3386 ubi
1959 3327 2108 3384 nonest

1124 3437 1280 3485 necesse:
1316 3416 1445 3484 deinde
1475 3418 1512 3486 in
1545 3442 1661 3509 pugna
1689 3419 1881 3490 necessaria
1906 3419 2110 3486 ntoderatur

1123 3516 1234 3600 iram,
1261 3531 1293 3587 et
1317 3518 1495 3606 probabili
1518 3523 1656 3590 ratione
1679 3521 1766 3590 lenit
1790 3519 1926 3612 aliquid
1951 3519 1995 3588 tle
2016 3519 2107 3586 iusta

1122 3618 1192 3695 ica,
1219 3641 1280 3688 seu
1299 3621 1342 3688 de
1358 3643 1483 3709 poena.
1535 3620 1642 3710 Quod
1666 3636 1782 3692 autem
1800 3621 1995 3712 opponitur
2016 3617 2110 3688 deli·

1122 3721 1256 3790 beratio
1280 3722 1518 3806 contentioni,
1552 3723 1769 3812 significatur
1792 3725 1929 3793 animos
1956 3720 2108 3813 impedi-

1122 3836 1174 3890 tos
1198 3822 1412 3906 ambitione,
1443 3823 1495 3892 ira
1519 3825 1573 3892 vel
1604 3825 1684 3896 aliis
1711 3825 1915 3909 affectibus,
1947 3837 2106 3893 autnon

1121 3947 1264 3992 cernere
1282 3949 1424 4009 verum,
1439 3939 1498 3993 aut
1511 3951 1590 3996 cum
1607 3943 1774 4012 cernunt,
1792 3943 1908 3998 tamen
1926 3951 1999 3995 non
2012 3919 2107 3994 'velte

1121 4026 1234 4095 videri
1249 4026 1366 4112 vinci,
1391 4028 1481 4096 sicut
1499 4027 1645 4098 dicitur:

1202 4165 1313 4223 Aurum
1335 4173 1367 4222 et
1387 4182 1459 4241 opes
1482 4175 1513 4224 et
1534 4185 1603 4226 rasa
1622 4165 1765 4245 frequens
1786 4167 1904 4228 donavit
1924 4169 2044 4244 amicus,

1287 4265 1348 4334 Qui
1368 4265 1441 4326 velit
1462 4267 1579 4345 ingenio
1602 4267 1728 4340 cedere,
1750 4285 1834 4327 rarus
1854 4268 1922 4327 erit.

1221 4395 1341 4486 Quare
1368 4400 1405 4467 in
1429 4401 1684 4474 deliberatione
1700 4404 1829 4473 veritas
1849 4429 1889 4472 ex
1907 4403 1979 4470 suis
1995 4400 2109 4470 fonti-¹

1120 4499 1184 4567 bus
1201 4504 1400 4592 quaerenda
1416 4517 1486 4583 est,
1515 4527 1579 4572 nec
1597 4506 1825 4595 impedienda
1842 4519 1893 4575 est
1919 4502 2104 4596 inquisitio

1118 4601 1288 4670 fluctibus
1311 4603 1513 4673 affectuum.
1564 4604 1762 4695 Cogitanda
1783 4621 1916 4677 suntet
1934 4606 2014 4674 illa:
2040 4601 2106 4671 Ni-

1118 4703 1228 4771 mium
1248 4704 1451 4774 altercando
1475 4708 1605 4777 veritas
1628 4710 1815 4782 amittitur.
1877 4707 1983 4778 item:
2011 4705 2102 4774 Nam

1116 4805 1275 4896 quisquis
1307 4808 1458 4875 nimium
1492 4833 1565 4878 unu
1594 4811 1704 4899 sapit,
1738 4812 1799 4879 ille
1827 4810 1929 4900 sapit.
1987 4806 2100 4878 Crede

1114 4904 1203 4973 mihi
1219 4929 1340 4996 sapere
1355 4923 1405 4978 est
1422 4933 1494 4977 non
1519 4911 1668 4980 nimium
1684 4935 1817 5002 sapere.
1869 4911 2014 4980 inventa
2037 4933 2102 4977 au-

1113 5022 1183 5077 tern
1207 5010 1354 5080 veritate
1384 5017 1483 5080 men's
1507 5016 1721 5106 acquiescat,
1755 5028 1833 5103 agat
1854 5011 1929 5082 Deo
1957 5012 2099 5102 gratias,

1112 5122 1147 5178 et
1172 5111 1356 5184 veritatem
1381 5115 1427 5181 ad
1451 5137 1554 5183 nsum
1580 5116 1617 5183 in
1632 5118 1704 5186 vita
1719 5119 1895 5199 conferat,
1921 5116 2012 5184 sicut
2036 5135 2098 5180 su·

1111 5233 1174 5301 pra
1195 5213 1333 5382 pictum
1359 5231 1425 5288 est:
1461 5212 1692 5290 Abominatio
1715 5241 1833 5289 coram
1856 5218 1935 5290 Deo
1962 5217 2097 5286 labium

1110 5335 1193 5382 men
1220 5336 1272 5390 ax.
