4622 5818
231 129 306 212 ω
834 98 961 178 euru.
989 91 1106 176 libb.
1133 84 1346 206 austera
1370 89 1674 180 attinentes.
2186 97 2252 193 ειη

339 295 386 370 ll.
427 264 1109 378 evangeliumarmicomneshominec
1132 267 1230 362 quod
1382 265 1568 342 Secundus
1581 264 1936 362 gradusestdilectio
1953 266 2124 362 proximi,
2148 265 2184 340 id
2198 283 2253 354 est,

234 403 570 490 honoramenta,
595 371 1061 456 ῦθᾶῦῐῑθΰθῑῑᾶῖῦῑῐῐωῖηᾶο
1281 393 1389 471 opera
1425 375 1600 444 secundae
1632 370 1776 446 tabulae
1813 393 1894 460 erga
1930 371 2147 472 proximum,
2180 366 2255 440 haec

340 501 463 574 Primo
478 500 561 560 sunt
575 480 697 571 multi,
724 478 785 573 qui
801 473 934 547 habeut
949 472 1133 544 manifesta
1148 490 1231 559 pec·
1282 472 1403 545 omnia
1432 473 1596 544 nominat
1622 466 1683 542 bie
1705 473 1997 545 misericordiam.
2047 469 2143 544 Haec
2162 497 2255 564 opera

239 622 315 682 cato
343 613 507 675 externa,
540 598 581 656 ut
605 583 643 652 ln
669 577 736 651 hac
758 575 907 649 historia
932 571 1137 674 publicani,
1169 591 1232 646 seu
1283 574 1388 644 ctiam
1417 590 1501 652 sunt
1530 575 1744 662 neccssaria,
1777 575 1870 648 sicut
1900 599 1940 646 ex
1970 575 2121 647 emunda
2148 574 2257 646 tabula

239 727 281 784 ut
303 719 442 790 semper
463 704 546 762 sunt
568 684 673 780 multi
696 681 811 776 palam
832 689 1063 768 scortatores,
1091 687 1125 744 et
1141 670 1232 742 mala
1283 675 1452 766 Decalogi
1467 675 1692 754 manifestum
1710 688 1772 750 est.
2250 660 2253 670 ’

242 793 645 884 eonscientiaviyentes·
776 880 785 902 ⁸
937 879 947 896 ·
1314 839 1318 847 ·
1390 791 1534 870 'l‘ertius
1565 795 1695 884 gradus
1726 807 1780 864 est
1805 794 2107 877 ceremoniarum,
2145 791 2259 884 litim

346 897 512 974 seeundo
534 903 618 962 ⁸¹¹¹st
638 881 871 1000 hylt⁰⁰l¹lttg
886 904 949 982 ‘1¹¹¹
973 874 1235 995 babellfflffi
1286 891 1362 986 licie
1391 895 1566 990 peterten,
1602 895 1663 970 mit
1692 893 1830 990 Dpiiec,
1867 895 2011 989 &polim
2049 896 2177 972 diribet
2204 901 2260 970 ont

243 1033 328 1082 narn
344 997 590 1088 discipllfflmo
611 1002 650 1110 fl
665 999 792 1076 l'l'fflll
807 1006 844 1102 ,⁸²
860 995 1079 1100 ¹¹¹⁸l⁰⁸f⁸⁵⁰3
1101 990 1236 1047 ΝΜ
1287 995 1460 1092 ἧῖωῐῴοιι
1486 998 1625 1093 foeunp,
1675 996 1773 1070 Haec
1805 1020 1912 1090 opera
1940 1012 2023 1069 suut
2054 999 2157 1088 longe
2180 998 2260 1066 inira

245 1115 285 1184 in
302 1105 408 1179 corde
424 1110 508 1170 sunt
525 1094 622 1186 pltffl
636 1088 852 1170 ¹d0l⁰¹⁸lf¹⁸s
871 1083 1069 1196 81·ῑῦῃῦΰῆ
1075 1101 1163 1198 ,Μ
1180 1101 1238 1198 fe·
1289 1102 1380 1170 duos
1401 1102 1531 1190 gradus
1546 1103 1700 1193 priores,
1727 1101 1770 1172 de
1784 1095 1841 1170 his
1856 1100 1944 1172 dicit
1957 1099 2097 1191 regula:
2122 1098 2200 1170 Non
2215 1120 2261 1168 sa·

247 1228 302 1287 cte
323 1211 492 1278 invocant
509 1193 643 1269 Deum,
670 1200 754 1260 scrut
775 1189 851 1256 siue
872 1186 1000 1254 timore
1017 1183 1087 1252 Det
1107 1195 1142 1250 et
1161 1201 1239 1248 stne
1290 1201 1483 1286 efficium,
1509 1217 1574 1278 e„

163 1314 169 1328 .
248 1336 332 1384 ,m
357 1307 445 1380 fide,
472 1290 665 1408 suntplenl
680 1289 774 1358 odiis
790 1301 825 1360 et
840 1286 996 1368 invidia,
1022 1297 1087 1402 etc,
1139 1279 1241 1398 Sicut
1455 1319 1576 1412 Qum
1592 1315 1663 1392 hoc
1680 1319 1815 1394 dictum
1833 1320 1918 1393 cim
1935 1314 2121 1393 chriam?

248 1403 432 1488 Pharisaei
454 1401 492 1469 in
509 1393 575 1476 hac
592 1389 759 1475 hncorta,
786 1387 824 1459 hi
842 1402 925 1460 sunt
941 1385 1085 1477 superbe
1103 1394 1137 1452 et
1153 1382 1243 1452 altos

250 1515 431 1588 iudicant,
465 1511 499 1571 et
526 1518 601 1566 sese
632 1493 852 1573 anteferunt,
883 1502 919 1559 et
947 1487 1087 1576 fingunt
1109 1508 1147 1553 se
1171 1507 1242 1553 esse

252 1619 331 1689 aine
359 1616 517 1700 peccato,
554 1607 653 1667 etse
683 1608 823 1672 sanctos
854 1613 946 1676 esse3
977 1583 1075 1666 ,tales
1105 1607 1243 1676 semper

252 1712 359 1790 mnlti
375 1710 540 1784 luerunt,
563 1710 647 1766 sum
662 1709 696 1764 et
711 1706 833 1778 erunt,
858 1693 965 1761 etiam
983 1712 1064 1760 cum
1080 1687 1245 1764 desinent

254 1839 328 1890 esse
342 1803 484 1882 Cuculli
497 1813 531 1870 et
546 1790 740 1879 Monachi,
765 1807 884 1865 tamen
899 1785 1163 1870 Monachorum
1179 1811 1245 1856 na-

256 1935 335 1990 tura
352 1933 425 1979 non
443 1901 601 1974 cessabit.
999 1935 1006 1944 -

358 2007 407 2080 Ηί
431 2005 591 2075 iudicant
612 2000 651 2068 in
669 1993 734 2068 hac
747 1985 896 2066 historia
910 1988 1115 2077 Christum,
1140 2005 1175 2062 et
1189 2014 1247 2061 re.

257 2111 486 2213 prehendunt
506 2125 606 2185 eum,
631 2101 727 2193 quod
751 2098 903 2169 comedit
920 2098 1011 2184 apud
1026 2095 1248 2183 publicanos,

259 2208 552 2297 necintcliigunt
573 2225 609 2272 se
629 2202 725 2294 ipsos
748 2198 1007 2272 immundiores
1030 2218 1104 2270 esse
1126 2194 1249 2288 publi·

261 2339 371 2392 cents.

362 2411 540 2502 Utrosqne
577 2417 680 2478 vocat
708 2398 872 2484 Christus
907 2401 951 2472 ad
983 2396 1251 2490 poenitentiam,

261 2521 322 2592 sed
340 2510 521 2587 Pharisaei
539 2505 659 2578 minus
673 2505 824 2575 audiunt
842 2524 947 2595 quam
965 2497 1160 2592 publicanl.

366 2613 490 2694 Tettio
518 2623 602 2680 sunt
634 2618 849 2699 peccatores,
889 2603 951 2696 qni
981 2612 1251 2683 convertuntur,
1304 2567 1567 2625 metuntur·

261 2724 337 2796 sive
351 2710 736 2787 lrabuerintmauifesta
750 2719 902 2804 peccata,
926 2703 1001 2772 sive
1014 2725 1151 2778 arcana,
1201 2695 1270 2780 Hi¹
1301 2759 1303 2767 .
1403 2650 1451 2736 Ei
1472 2656 1563 2724 bene
1584 2653 1805 2772 ⁰b⁸⁰fl⁸¹¹d³
1826 2668 1862 2727 0¹
1882 2653 2052 2728 distendi
2067 2668 2117 2727 ⁹⁸1
2132 2650 2267 2724 batert·
2296 2759 2297 2764 ἵ

235 2851 243 2862 ·
264 2823 400 2898 habent
422 2813 693 2890 contritionem,
719 2809 875 2878 latentur
897 2829 933 2876 se
953 2827 1026 2875 esse
1042 2787 1252 2894 peccatores,
1302 2755 1411 2880 ψ’,
1427 2778 1518 2875 3⁰³⁶
1539 2755 1695 2875 ⁰⁸¹⁰¹¹ss¹¹²
1713 2757 1842 2876 ΜΠ*
1863 2780 2031 2876 ΟΡΕΝΠ),
2058 2767 2202 2842 ‘illiti
2221 2773 2267 2824 ⁸¹¹·
2296 2801 2297 2820 o

1303 2870 1548 2950 perstrtrouem
1565 2857 1818 2947 negligentium
1834 2880 2027 2931 necessetate
2046 2881 2162 2953 opera.

264 2942 300 2998 er
326 2943 408 2990 vere
440 2917 581 2999 dolent,
614 2925 649 2982 et
677 2909 846 2980 desinunt
873 2909 984 2976 lacere
1012 2917 1135 2974 contra
1165 2927 1252 2973 con-

166 3026 176 3078 '=
267 3022 471 3098 scientiam,
511 3029 546 3084 et
577 3013 727 3082 creduut
755 3009 997 3079 remissionem
1027 3019 1251 3098 peccatorum

267 3137 413 3224 propter
440 3113 637 3200 Christum,
705 3109 812 3180 Tales
848 3105 1011 3177 homines
1048 3129 1253 3204 quanquam

268 3221 428 3306 conversi
453 3232 554 3299 sunt,
580 3209 697 3284 adbuc
713 3226 832 3286 tamen
850 3205 984 3286 babent
1003 3220 1143 3300 peccata
1153 3259 1166 3294 ,
1193 3209 1252 3276 sed
1409 3193 1579 3289 Sequitur
1594 3193 1755 3266 doctrina
1771 3195 1815 3264 de
1830 3194 1993 3267 libertate
2007 3191 2214 3267 Christiana.

269 3353 343 3402 non
366 3336 487 3394 contra
511 3315 782 3398 conscientiam,
815 3325 849 3383 et
871 3312 956 3392 tales
983 3307 1146 3390 homines
1165 3309 1257 3386 liunt
1410 3295 1707 3389 Quandocunquc
1738 3289 1834 3366 Deus
1866 3311 2014 3369 renovat
2045 3293 2270 3386 Evangelium,

269 3429 368 3505 „m
1307 3411 1393 3469 ωηο
1413 3411 1579 3469 taxantur
1599 3397 1814 3488 falcicultus
1834 3411 1868 3468 et
1881 3397 2092 3469 traditiones
2109 3393 2270 3473 humanae,

373 3525 427 3598 De
448 3523 528 3594 aliis
547 3517 808 3620 peccatoribus,
833 3536 907 3584 non
929 3513 1115 3602 agentibus
1130 3511 1259 3604 poeni·
1308 3513 1443 3571 etcum
1462 3499 1523 3574 alii
1540 3498 1696 3570 retinent
1711 3497 1936 3588 traditiones,
1962 3499 2025 3571 alii
2040 3525 2115 3572 non
2130 3499 2269 3574 retinent,

271 3631 439 3712 tentiam,
466 3623 633 3696 omnibus
651 3620 783 3698 dictum
802 3631 853 3687 est
873 3619 906 3684 1.
923 3610 1086 3684 Corinth.
1103 3615 1156 3688 65
1184 3612 1258 3685 No.
1308 3615 1395 3672 ωηο
1410 3600 1449 3670 bt
1462 3599 1724 3684 dissimilitudo,
1749 3622 1839 3698 quae
1852 3602 2160 3690 paritcertamina.
2207 3595 2270 3668 ali-

272 3735 335 3808 iite
353 3753 490 3810 errare,
523 3734 750 3808 scortatores,
776 3715 1000 3799 idololatrae,
1025 3715 1178 3786 adulteri
1196 3729 1260 3786 etc.
1304 3702 1372 3800 qul
1394 3701 1584 3772 refluentes
1607 3700 1730 3771 dolent
1746 3700 1858 3771 laxari
1872 3701 1982 3794 leges,
2008 3717 2044 3776 ct
2058 3705 2177 3774 vident
2189 3693 2270 3790 sequi

268 3857 422 3924 xregnum
445 3827 514 3898 Dei
547 3847 622 3893 uon
646 3819 888 3920 possidebunt.
941 3813 1046 3884 ltem:
1081 3815 1154 3905 Qui
1184 3838 1260 3887 non
1282 3835 1286 3860 ·
1310 3806 1350 3874 ln
1380 3803 1459 3874 allis
1485 3802 1660 3872 licendum
1692 3803 1880 3888 malorem,
1911 3827 2016 3898 quam
2042 3827 2117 3875 esse
2138 3805 2269 3872 deberet.

146 4004 149 4012 ,
274 3935 386 4012 credit
403 3933 441 4014 ip
457 3927 614 4020 Filium,
640 3919 777 3996 ira‘Dci
795 3917 951 3990 manebit
968 3940 1177 4010 supereum,
1312 3905 1409 3975 luter
1428 3905 1536 3988 alios,
1560 3906 1712 3996 quinon
1729 3902 1900 3990 retinent,
1927 3918 2009 3976 suut
2026 3901 2270 3978 bonirectein-

1311 4007 1509 4096 telligente's
1530 4004 1746 4089 libertatern,
1771 4017 1805 4074 et
1819 4018 1910 4076 recte
1926 4030 1966 4076 ea
1984 4019 2133 4080 utentes.
2182 3998 2270 4074 Mutii

548 4098 617 4168 De
644 4092 776 4168 didio
802 4094 985 4163 Esaiae.
1312 4108 1418 4179 etiam
1439 4106 1524 4178 mali
1543 4120 1644 4186 sunt,
1671 4105 1733 4198 qui
1750 4105 1840 4176 liunt
1855 4107 1963 4198 magis
1977 4107 2044 4178 leri
2061 4123 2095 4180 et
2111 4105 2270 4198 negligunt

336 4227 644 4309 Misericordiam
685 4223 787 4306 volo,
835 4246 909 4293 non
948 4189 1188 4314 sacrificium,
1229 4230 1261 4295 el
1311 4209 1452 4280 divin&
1473 4225 1506 4280 et
1528 4201 1701 4292 humanat
1722 4208 1834 4298 leges,
1861 4209 1950 4280 sicut
1970 4205 2082 4306 (proh
2095 4209 2207 4298 dolor)
2219 4227 2270 4273 no·

376 4333 568 4410 scientiam
584 4325 746 4401 Domini
760 4323 883 4422 magis
899 4345 1011 4424 quam
1027 4315 1265 4411 holocausta,
1283 4339 1288 4416 p
1312 4326 1384 4383 stro
1405 4323 1582 4401 tempore,
1607 4307 1788 4395 videmus,
1812 4309 1915 4379 valde
1936 4312 2069 4383 multos
2084 4311 2204 4382 abusos
2216 4323 2271 4374 esse

378 4437 516 4527 Regula
533 4429 732 4512 communia
747 4441 815 4513 est,
839 4449 940 4523 saepe
956 4426 1101 4518 repetita
1116 4428 1154 4500 in
1170 4427 1261 4502 Pro.
1284 4421 1287 4442 '
1313 4427 1347 4484 ct
1361 4410 1459 4484 abuti
1476 4409 1638 4482 doctrina
1655 4411 1700 4480 dc
1715 4409 1876 4482 libertate
1891 4407 2101 4485 Christiana.
2144 4425 2149 4434 '

277 4541 413 4640 phelli,
438 4561 528 4633 ‘1⁰³0
544 4533 687 4604 Ofdissil
701 4553 817 4620 ⁰9²1&
1415 4526 1457 4598 lu
1478 4525 1544 4608 hac
1564 4523 1714 4599 historia
1730 4524 1895 4620 Apostoli
1917 4553 1990 4598 nou
2013 4533 2166 4602 retinent
2182 4518 2270 4596 tradi-

519 4635 609 4706 Tres
624 4647 706 4706 sunt
721 4632 849 4719 gradus
862 4651 1022 4720 operum.
1312 4631 1428 4703 tiones
1450 4625 1739 4713 Pharisaeorum,
1772 4643 1805 4700 et
1835 4643 1928 4700 recte
1948 4646 2102 4703 utuntur
2124 4631 2270 4699 libertate,

294 4775 297 4782 ·
380 4740 522 4813 Primus
543 4750 613 4824 est,
640 4734 766 4804 notitia
786 4727 870 4813 Dei,
896 4731 930 4798 id
957 4743 1028 4810 cst,
1055 4754 1136 4800 vera
1161 4733 1262 4820 agni·-
1313 4746 1348 4805 et
1369 4745 1580 4803 excusantur
1601 4725 1796 4814 aCbristo,
1820 4733 1879 4800 sed
1897 4728 2076 4803 Dominus
2096 4728 2195 4804 simul
2211 4746 2270 4792 rno-

278 4849 349 4932 tio',
376 4867 459 4914 vera
480 4839 586 4921 fides,
609 4858 714 4906 verus
738 4827 949 4909 timorDei,
974 4853 1081 4921 opera
1103 4833 1210 4924 primi
1228 4847 1262 4904 et
1311 4849 1391 4918 net,
1418 4835 1551 4927 ¹quales
1588 4855 1661 4902 esse
1698 4832 1868 4913 debeant,
1887 4890 1890 4896 .
1907 4835 1971 4928 qui
2010 4835 2170 4905 libertate
2197 4833 2270 4895 recte

278 4940 426 5022 secundi
459 4939 634 5034 praecepti
663 4935 868 5012 immediate
897 4953 977 5002 cum
1001 4933 1081 5004 Deo
1110 4937 1260 5026 agentia.
1311 4948 1472 5008 utuntur.
1701 5015 1706 5027 .

278 5048 376 5124 Haec
408 5044 530 5116 omnia
558 5039 720 5110 nominat
744 5031 804 5106 bic
828 5031 1095 5106 notitiamDei.
1164 5033 1261 5109 Haec
1414 5035 1566 5108 Discatis
1591 5035 1702 5128 igitur
1729 5033 1814 5128 quid
1849 5035 1895 5107 sit
1918 5037 2061 5109 libertas
2084 5029 2271 5105 chaniano.

277 5164 361 5230 runi
379 5168 522 5240 prorsus
537 5157 570 5214 el
585 5139 791 5232 simplititer
805 5133 1014 5222 necessario,
1037 5134 1130 5209 sicut
1144 5140 1261 5212 maui-
1312 5141 1357 5208 de
1385 5161 1454 5232 qua
1486 5135 1573 5207 dicit
1594 5134 1787 5207 Dominus:
1820 5133 1860 5211 si
1886 5163 1950 5210 vos
1968 5139 2062 5211 lilius
2081 5125 2271 5206 liberaverit,

278 5253 408 5324 festum
425 5261 477 5320 est
491 5269 531 5318 ex
546 5245 663 5338 primo
680 5250 866 5334 praecepto
884 5248 918 5306 et
932 5237 1099 5316 secundo.
1311 5263 1394 5310 vere
1412 5238 1515 5309 liberi
1535 5237 1643 5330 eritis.

1374 1433 1490 1528 ‘Quia
1517 1434 1746 1536 reprehendit
1767 1463 1910 1512 omnem
1935 1439 2213 1532 superstitionem
2231 1439 2262 1506 in

1292 1553 1368 1612 toto
1389 1563 1517 1630 genere
1540 1537 1715 1628 humano,
1740 1544 1995 1634 praeferentem
2015 1554 2175 1612 externos
2189 1539 2261 1610 ritus

1294 1642 1470 1714 mandatis
1497 1642 1645 1714 summis
1672 1643 1778 1736 primi
1801 1643 1977 1734 praecepti
1999 1655 2033 1712 et
2055 1641 2210 1725 secundi,
2236 1653 2262 1709 et

1295 1746 1470 1816 secundae
1499 1744 1652 1816 tabulae.
1710 1740 1817 1832 Apud
1838 1742 2000 1836 Papistas
2023 1743 2140 1814 maius
2161 1763 2262 1833 pecca-

1296 1861 1373 1931 tum
1400 1858 1453 1917 est
1474 1847 1659 1918 comedere
1680 1867 1804 1918 carnes
1817 1845 1885 1916 ⁴die
1908 1857 2022 1932 sexta,
2054 1868 2159 1940 quam
2178 1841 2263 1912 adol·

1298 1947 1439 2020 terium.

1335 2113 1345 2128 ,
1400 2046 1453 2119 lta
1475 2060 1562 2118 tunc
1581 2041 1705 2119 ludaei
1727 2041 2162 2125 damnabant-Christum,
2184 2044 2265 2136 quod
2296 2071 2297 2084 η

1298 2173 1373 2220 ηηη
1388 2148 1550 2219 servabat
1564 2150 1811 2234 traditionem,
1835 2171 1928 2240 quae
1941 2143 2154 2240 prohibebat
2166 2167 2265 2214 coute-
2296 2147 2297 2150 ’

1299 2256 1383 2324 dere
1412 2251 1508 2342 epud
1534 2252 1754 2342 publicanos.
1811 2244 1975 2322 Christus
1994 2264 2118 2320 contra
2137 2245 2266 2337 opponit

1300 2365 1525 2443 praeceptum
1554 2351 1598 2422 de
1627 2352 1837 2438 dilectione,
1870 2353 1921 2422 ait
1947 2375 1985 2422 se
2007 2349 2266 2448 miscricordiam

1301 2475 1382 2542 erga
1405 2474 1465 2522 eos
1485 2475 1664 2538 exercere,
1697 2453 1782 2548 quia
1804 2453 1886 2523 ideo
1908 2454 1953 2523 ad
1976 2475 2037 2524 eos
2061 2453 2210 2534 accedat,
2236 2459 2267 2516 ut

1452 3047 1576 3136 poam
1593 3003 1774 3137 discipedi
1789 3047 1849 3116 tui
1864 3066 1938 3118 eon
1954 3041 2155 3146 monent?
