4622 5818
53 151 177 250 oss'
276 167 358 243 xu.
393 163 808 246 ,aerumnosas
835 165 905 247 ar
931 163 1214 272 conclusas
1246 165 1298 242 tn
1332 163 1519 286 avano.
1546 167 1829 248 narraret.
1992 174 2073 270 ost

52 343 152 416 nimis
165 365 313 433 magnus
330 355 510 435 peccator,
541 342 651 414 nimis
673 343 785 414 multa
808 361 944 433 peccata
968 337 1033 414 ba·
1086 339 1170 421 bos,
1202 353 1237 412 et
1252 341 1407 438 voluisse
1421 341 1555 412 similes
1578 342 1659 418 lieri
1674 345 1874 439 principum
1894 363 1927 422 et
1942 375 2074 442 regum.

51 446 130 530 beo,
162 469 220 516 sue
243 467 317 518 uon
341 444 596 526 volt-salvare,
632 446 705 517 imo
729 445 863 538 iuquit:
897 441 1032 516 Omnia
1086 439 1170 513 ldeo
1187 443 1343 514 minatus
1359 439 1523 516 Christus
1538 446 1672 517 talibus
1687 447 1907 520 eiectionem.
1957 451 2004 526 Et
2026 456 2073 526 its

49 547 339 636 compossibilia,
363 547 513 632 scilicet,
539 547 604 618 illo
627 550 752 632 modo,
778 547 871 618 sicut
893 548 1030 638 promi·
1084 545 1135 626 lit,
1156 545 1246 616 sicut
1261 547 1429 636 scriptum
1445 561 1513 616 est:
1539 545 1747 621 Provocabo
1764 574 1828 622 vos
1846 575 1865 624 a
1882 577 1955 624 non
1973 571 2075 645 gente

50 651 105 722 site
131 647 171 722 si
187 648 356 720 credisin
372 649 778 722 liliumetcouserteris.
812 648 920 720 Hanc
943 673 1032 722 con·
1084 647 1122 718 iu
1141 661 1244 738 gente
1261 649 1379 722 stulto.
1918 673 1923 680 ·
2149 647 2156 660 ’

51 751 255 824 solationem
272 752 361 824 bene
378 763 605 827 mementote.

48 967 218 1054 Essenos
236 966 454 1068 reliquimus
479 967 627 1050 omnio,
653 977 685 1040 et
707 969 823 1042 secuti
841 995 971 1044 sumus
986 981 1031 1066 te,
1134 1003 1135 1007 ¹
1174 1051 1181 1069 ι
1227 1050 1235 1068 .
1440 883 1595 998 caput·
1620 887 1721 975 XX'
1839 1055 1847 1074 .
1881 1055 1888 1074 ι

148 1059 151 1073 ’
368 1067 462 1170 quid
480 1069 547 1142 erle
562 1068 698 1144 nohis?
1134 1048 1267 1124 Semele
1287 1059 1338 1123 est
1360 1075 1514 1148 regnum
1537 1049 1718 1124 coelorum
1741 1047 1884 1126 lomene
1904 1061 2073 1162 patriso.

1184 1150 1339 1273 milies,
1352 1153 1508 1255 quierit
1521 1153 1643 1253 primo
1656 1179 1766 1228 mone
1783 1153 1976 1233 conducere
1990 1187 2071 1261 ope-

139 1219 231 1296 Cum
247 1218 600 1308 audivissetPetrus,
626 1246 701 1294 noo
718 1223 860 1296 laudari
868 1222 1030 1316 divitias,
1186 1253 1309 1328 ,argos
1322 1281 1363 1326 m
1378 1256 1522 1330 vincam
1536 1281 1678 1348 ΝΜ,
1704 1267 1767 1330 m·

50 1338 208 1396 ettamen
227 1337 384 1415 speraret
399 1322 543 1394 divitias
558 1339 755 1418 propterea,
781 1326 865 1421 quia
882 1324 953 1394 iam
974 1350 1030 1396 re-

49 1427 199 1520 liquisset
229 1449 314 1510 sua,
346 1426 386 1495 lit
417 1425 596 1510 solicitus,
627 1439 661 1496 et
685 1427 896 1520 interrogat:
930 1422 1029 1517 Quid
1064 1431 1069 1438 '
1185 1407 1402 1503 Quanqffim
1435 1411 1567 1482 '⁰⁰¹²st
1591 1427 1626 1483 ²²
1645 1435 1794 1503 “¹³8⁰st
1817 1415 2072 1508 diilmiiliones

50 1523 198 1598 babituri
214 1528 288 1598 sint
303 1527 389 1618 ipsi,
414 1527 546 1598 relictis
560 1530 726 1622 propriis,
750 1530 806 1626 vel
823 1553 912 1628 quae
928 1553 1031 1624 prae·
1085 1513 1131 1580 de
1149 1505 1217 1582 hic
1231 1512 1467 1582 *lfflffiffldissfl
1492 1525 1608 1584 m⁰¹³0
1630 1527 1734 1600 Sunt,
1757 1528 1876 1586 imm
1897 1543 2070 1594 wolmero

53 1630 115 1698 mia
128 1625 289 1700 habituri
305 1629 400 1698 sim?
758 1697 760 1702 Ι
1082 1614 1276 1685 sententiae
1292 1614 1481 1704 diligenter
1502 1615 1783 1702 consideremus,
1808 1631 1843 1690 et
1867 1643 1934 1691 nos
1957 1625 2001 1694 ad
2026 1627 2076 1696 ti-

137 1729 367 1824 Rggpomstt,
408 1744 442 1800 el
474 1729 895 1822 promittit.ampfigsima
927 1756 1029 1826 prae.
1080 1739 1216 1785 morsm
1241 1713 1310 1784 Dei
1335 1729 1369 1786 Oi
1390 1717 1434 1785 ad
1457 1715 1561 1788 fidem
1584 1719 1851 1806 BBUSCiiemUS,
1884 1739 1918 1796 ei
1934 1749 2008 1796 110ss
2024 1731 2077 1798 ild·

50 1831 128 1920 mia,
152 1833 360 1928 temporalia
383 1844 419 1903 et
440 1845 602 1918 aeterna,
625 1834 717 1904 sicut
738 1833 777 1902 in
794 1831 918 1908 Marco
942 1836 1029 1908 sori·
1081 1818 1227 1888 inum&
1248 1817 1516 1924 diel’umlwffi·
1720 1823 1723 1830 Δ

50 1947 137 2024 ptum
163 1949 215 2004 est
248 1958 324 2026 cap.
352 1935 431 2007 10.:
457 1931 600 2005 Centies
622 1935 835 2027 intempore
855 1931 924 2006 hoc
948 1960 1027 2007 cum
1184 1934 1332 2007 Summa
1347 1935 1595 2006 similitudinis
1612 1929 1700 2005 baec
1721 1951 1788 2010 est:
1816 1943 2005 2036 praecipit,
2032 1962 2071 2018 ut

51 2035 301 2125 persecutione,
334 2048 368 2107 et
391 2036 502 2107 vitam
527 2049 717 2108 aeternam.
778 2035 923 2110 Auditis
947 2045 1029 2108 am·
1081 2036 1191 2106 simus
1212 2049 1475 2129 perseverantes
1495 2036 1535 2108 io
1556 2035 1770 2126 Evangelio,
1796 2055 1830 2112 et
1852 2067 1925 2116 non
1947 2047 2071 2120 fiamus

51 2138 212 2228 plissimas
242 2137 512 2229 promissiones,
545 2162 632 2234 quas
655 2151 789 2210 certum
813 2154 865 2210 est
885 2140 1029 2211 verissi-
1079 2140 1225 2230 superbi
1256 2151 1289 2209 et
1319 2137 1562 2230 negligentes,
1615 2150 1650 2208 et
1691 2141 1908 2214 confidentes
1948 2165 2069 2224 nostra

53 2264 116 2310 nas
131 2263 222 2327 esse,
257 2242 316 2311 sed
341 2241 587 2328 intelligantur
609 2265 690 2312 cum
717 2235 784 2310 hac
807 2243 1027 2313 conditione:
1080 2243 1274 2313 sanctitate.
1299 2237 1347 2311 Et
1362 2241 1549 2310 minitatur
1565 2239 1726 2331 superbis
1741 2237 1944 2338 hypocritis,
1971 2256 2066 2342 quod

52 2365 120 2412 com
146 2341 392 2420 tribulatione.
443 2340 542 2412 Deus
556 2343 617 2413 dat
632 2340 745 2412 Paulo
760 2342 913 2430 victum,
939 2345 1029 2415 ami·
1054 2297 1057 2417 i
1080 2339 1177 2412 Deus
1197 2343 1243 2414 sit
1259 2365 1317 2412 eos
1338 2343 1532 2422 docturus,
1564 2355 1599 2412 et
1618 2341 1707 2413 alios
1728 2347 1954 2437 recepturos,
1987 2353 2069 2424 ideo

53 2467 118 2528 cos,
148 2445 373 2526 defensores,
408 2457 443 2514 et
472 2459 590 2515 tamen
614 2444 721 2514 simul
747 2456 799 2514 est
821 2447 1029 2537 persecutio.
1054 2425 1056 2501 l
1079 2445 1165 2515 dicit
1180 2446 1218 2512 in
1234 2446 1320 2514 tine:
1355 2443 1466 2516 Multi
1481 2455 1565 2516 sunt
1583 2445 1718 2530 vocati,
1745 2449 1805 2516 sed
1831 2453 1931 2540 pauci
1957 2455 2070 2542 electi,

52 2541 180 2634 Quare?
206 2546 303 2636 Quia
317 2543 423 2616 Deus
436 2545 513 2616 vult
527 2541 721 2616 Ecclesiam
742 2546 933 2622 subiectam
955 2571 1028 2620 esse
1079 2546 1200 2631 idest,
1225 2543 1440 2640 tebtldpoffeo
1464 2567 1506 2620 ott
1520 2543 1702 2639 hrodpelet),
1727 2562 1763 2619 et
1784 2553 1941 2645 exempla
1963 2558 2070 2632 nobis

52 2649 134 2716 croci
148 2664 296 2742 propter
309 2649 437 2719 multas
454 2670 585 2722 causas.
633 2647 682 2720 Et
697 2647 804 2722 simul
820 2650 896 2723 vult
910 2651 949 2721 in
963 2651 1024 2722 illa
1080 2671 1331 2742 proponamus.
1366 2646 1490 2720 ludaei
1506 2663 1607 2718 erant
1621 2649 1773 2739 populns
1787 2647 1876 2746 Dei,
1906 2658 1965 2728 sed
1984 2661 2067 2756 quia

52 2771 140 2820 cruce
159 2749 341 2822 Ecclesiae
363 2766 397 2821 et
418 2750 570 2820 miseriis
595 2753 781 2822 ostendere
806 2773 905 2824 suam
926 2777 1029 2852 prae-
1053 2773 1056 2804 ¹
1079 2751 1211 2820 fiebant
1238 2751 1382 2844 superbi
1405 2763 1549 2842 propter
1577 2748 1741 2832 titulum,
1783 2765 1818 2822 et
1841 2757 2065 2850 negligebant

56 2852 211 2937 sentiam,
240 2854 337 2947 quod
360 2853 435 2944 ipse
460 2864 649 2936 sustentet,
682 2866 718 2922 et
737 2868 852 2930 servet
873 2878 969 2939 eam,
994 2869 1029 2930 et
1079 2854 1301 2933 doctrinam,
1334 2864 1369 2923 et
1390 2867 1492 2924 erant
1518 2850 1596 2922 sine
1618 2874 1700 2920 vera
1727 2853 1814 2940 lide,
1848 2855 1925 2927 sinc
1943 2863 2068 2949 poeni.

54 2955 135 3042 quod
149 2979 223 3024 nou
243 2969 380 3026 tantum
396 2953 552 3024 consiliis
567 2947 735 3024 humanis
749 2972 890 3044 regatur
905 2970 939 3027 et
954 2980 1027 3030 ser·
1080 2955 1210 3040 tentia,
1237 2955 1312 3030 sios
1329 2978 1410 3047 vere
1430 2953 1674 3038 invocatione,
1699 2953 1877 3030 ideosont
1893 2960 2007 3047 eiecti,
2033 2977 2067 3036 et

54 3068 151 3142 vetur,
176 3059 271 3128 sicut
281 3053 407 3130 Esaiae
421 3052 498 3126 46.:
524 3051 601 3148 Ego
617 3079 680 3126 vos
693 3056 780 3143 leci,
805 3079 869 3150 ego
885 3059 1027 3150 gestabo
1078 3051 1300 3130 horribiliter
1312 3055 1449 3148 puniti,
1474 3071 1511 3134 et
1525 3055 1671 3130 collecte
1686 3069 1737 3130 est
1752 3053 1908 3153 Ecclesia¹
1925 3085 1966 3136 ex
1982 3087 2066 3154 gen-

55 3177 107 3225 vos
123 3160 227 3228 etiam
246 3159 283 3228 in
299 3171 455 3244 senecta,
480 3171 545 3232 etc.
1079 3161 1185 3234 tibus.

139 3259 221 3332 Non
240 3283 449 3354 quaeramus
461 3259 570 3350 igitur
593 3259 680 3334 alias
702 3258 902 3354 peregrinas
919 3281 1029 3352 expo·

54 3354 193 3436 sitiones.
247 3359 345 3434 Haec
362 3362 450 3432 fiunt
467 3362 535 3448 ita,
568 3361 669 3432 Deus
690 3362 901 3434 mirabiliter
918 3376 1029 3447 curat,

52 3470 85 3526 ut
103 3455 292 3536 babeamus
318 3464 471 3544 victum,
513 3464 774 3551 defensionem,
815 3463 944 3550 etalio
965 3489 1029 3534 ne·
1181 3458 1351 3555 Episcopi
1370 3476 1404 3535 et
1426 3456 1601 3534 Monachi
1621 3462 1709 3533 olim
1731 3463 1876 3534 luerunt
1898 3469 2010 3538 sancti
2033 3483 2068 3542 et

58 3567 209 3652 cessaria,
238 3566 373 3636 etiamsi
389 3566 465 3636 vult
481 3587 546 3634 nos
560 3566 736 3636 subiectos
751 3589 824 3636 esse
839 3567 951 3637 cruci.
1083 3565 1238 3656 populus
1254 3563 1340 3650 Dei,
1364 3579 1404 3636 ut
1418 3565 1522 3634 multi
1537 3562 1731 3660 Martyres,
1758 3564 1862 3636 item:
1889 3564 2069 3644 Antonius

143 3665 291 3738 Habetis
306 3668 494 3758 imaginem
512 3669 551 3736 in
573 3680 646 3738 tota
669 3661 817 3740 historia
838 3669 962 3760 populi
979 3663 1028 3738 ls-
1081 3680 1116 3737 et
1129 3666 1241 3759 aliqui
1264 3666 1409 3738 similes.
1462 3665 1588 3738 Postea
1609 3681 1801 3758 coeperunt
1823 3690 1898 3738 esse
1914 3675 2068 3762 superbi,

56 3764 119 3833 catil
133 3768 167 3836 in
184 3773 333 3840 deserto.
375 3765 425 3839 Et
440 3793 641 3864 quanquam
660 3784 1030 3860 mutanturtempora,
1080 3783 1114 3838 et
1136 3769 1218 3838 lacti
1240 3783 1322 3840 sunt
1346 3768 1582 3859 negligentes,
1608 3783 1643 3839 et
1667 3771 1882 3842 confidentes
1905 3771 2009 3843 titolo
2032 3787 2066 3844 et

56 3863 131 3936 alias
153 3867 312 3944 Ecclesia
343 3884 395 3944 est
422 3871 461 3940 in
483 3873 641 3957 deserto,
677 3885 718 3941 ut
739 3887 895 3966 tempore
920 3869 1028 3956 Mosi,
1080 3872 1207 3940 ordine
1224 3894 1307 3956 suo,
1331 3871 1413 3942 ideo
1426 3868 1524 3941 Dens
1545 3869 1615 3940 iam
1632 3871 1754 3942 deiicit
1773 3890 1831 3940 eos
1851 3873 1896 3940 de
1911 3875 2010 3958 sede,
2033 3888 2069 3946 et

55 3963 130 4036 alias
142 3970 179 4040 in
196 3971 377 4068 Aegypto,
401 3986 442 4042 ut
455 3987 613 4066 tempore
630 3969 776 4066 loseph,
801 3975 887 4044 alias
903 3974 942 4042 iu
957 3973 1030 4043 exi·
1079 3974 1181 4056 lacit,
1211 3986 1251 4043 ut
1278 3974 1560 4060 confundantur,
1593 3986 1628 4044 et
1648 3971 1759 4062 magis
1781 3971 1961 4064 magisque
1982 4001 2068 4046 con-

55 4063 116 4154 lio‚
140 4087 179 4143 ut
191 4089 350 4167 tempore
367 4074 544 4160 Danielis,
574 4076 661 4146 alias
685 4077 752 4147 sub
781 4076 862 4146 aliis
884 4076 1031 4166 regibus
1080 4075 1287 4150 fundentur.

57 4181 85 4236 tt
103 4175 337 4272 principibus:
373 4189 490 4246 tamen
519 4177 593 4248 sere
617 4202 755 4270 semper
774 4173 881 4248 hahet
900 4177 1030 4248 similia
1182 4191 1278 4264 Hm
1297 4191 1453 4283 exempta
1469 4212 1535 4261 „02
1549 4168 1979 4284 quoqueconsfder'emmg
2003 4221 2068 4267 „03

56 4275 219 4364 Pffifflb't,
245 4293 279 4351 el
300 4278 480 4361 miseria&
511 4293 546 4350 tl
570 4293 686 4350 lamen
712 4279 816 4350 mulli
839 4277 947 4350 ³D⁰0
962 4278 1031 4351 ml·
1081 4317 1203 4366 sumus
1232 4296 1303 4364 iarn
1333 4317 1453 4364 revera
1475 4294 1629 4387 populus
1648 4290 1727 4364 Dei.
1785 4291 1856 4366 Sed
1884 4295 1913 4364 si
1938 4297 2071 4368 erimus

58 4371 204 4486 rabiliter
217 4396 424 4465 servantur,
450 4380 540 4449 sicut
562 4377 690 4470 loseph
709 4382 748 4448 in
776 4405 931 4465 carcere,
956 4376 1030 4449 Da·
1081 4397 1244 4489 superbi,
1269 4395 1501 4476 contentiosi,
1534 4409 1570 4468 22
1597 4397 1814 4486 negligent„
1847 4397 1884 4465 5„
1913 4399 2004 4482 viga,
2035 4415 2070 4472 εἰ

57 4475 119 4544 ”¹⁸¹
155 4481 247 4553 iuter
290 4482 422 4560 ¹0⁰⁰&
496 4477 594 4552 Hm
630 4506 737 4584 (ΨΜ
765 4481 833 4558 Dei
867 4482 1030 4554 ‘mide’
1081 4512 1199 4571 tamen
1224 4497 1439 4570 confidentes
1464 4497 1590 4584 titulo,
1614 4501 1709 4591 quud
1732 4495 2071 4591 simusEvaogelici,

59 4579 155 4649 tanda
178 4600 271 4658 811ῐῑῑ·
1084 4601 1276 4694 puniemur
1296 4623 1363 4669 uos
1385 4623 1548 4693 quoque,
1573 4601 1662 4671 sicut
1678 4601 1748 4669 iarn
1766 4601 1867 4670 lateri
1883 4627 1949 4674 nos
1962 4626 2070 4693 opor-

237 4689 244 4696 *
988 4741 992 4748 ·
1082 4717 1151 4784 tet,
1179 4703 1274 4796 quod
1289 4713 1372 4772 ante
1388 4701 1523 4772 bellurn
1538 4701 1710 4772 fuerimus
1723 4703 1951 4792 negligentes.
1988 4703 2070 4774 ldeo
2121 4709 2126 4720 '

60 4767 168 4850 Mlml·
178 4795 298 4856 aldem
312 4785 429 4884 primi
444 4795 549 4906 min!
565 4785 767 4907 'lOViSSl'mlg
794 4797 826 4857 ll
842 4783 1036 4857 11001ιὲ8ὶὶΗί
1083 4827 1180 4878 nune
1200 4827 1344 4894 agam
1364 4803 1639 4898 poenssffiffim,
1673 4828 1717 4874 sse
1736 4807 1915 4898 effigium
1939 4829 2073 4898 poenae

196 4905 205 4914 ”
471 4914 518 4985 1)Γ
520 4913 596 4965 ”nb
1082 4920 1288 5001 sequantur.
1654 4913 1659 4919 '
1700 4917 1703 4922 '

1403 3338 1508 3397 Allsd
1532 3341 1737 3405 exemplum·

148 5021 394 5116 Amplissimae
424 5028 651 5115 promissioni
668 5051 790 5098 rursus
812 5028 912 5098 addit
936 5053 1033 5097 corn·
1187 5023 1284 5104 Haec
1299 5039 1350 5096 est
1369 5023 1573 5119 principalis
1589 5024 1754 5094 'doctrina
1779 5017 1886 5092 burins
1906 5023 2074 5096 similitu-

64 5116 288 5201 miuationem.
338 5126 386 5204 Et
405 5130 598 5220 significat,
616 5133 749 5206 multos
762 5131 839 5200 fieri
851 5131 1034 5222 superbos,
1086 5128 1191 5198 dinis.
1231 5127 1366 5222 Siquis
1384 5121 1736 5199 autemvultbabere
1754 5125 1952 5222 longiorem
1970 5149 2072 5198 enar-

63 5215 130 5288 lieri
145 5231 372 5319 negligentes,
399 5245 586 5326 postquam
600 5234 720 5324 adepti
741 5247 825 5305 suut
846 5235 940 5303 dona
954 5229 1035 5318 Dei,
1056 5209 1060 5336 Ξ
1084 5232 1280 5315 rationem,
1314 5244 1407 5300 recte
1428 5241 1543 5322 potest
1567 5223 1634 5296 hoc
1654 5227 1785 5296 dicere:
1826 5229 1924 5320 quod
1949 5253 2070 5300 verum

65 5315 141 5396 sicus
154 5330 309 5404 videmus
322 5327 519 5426 Episcopus
532 5335 652 5408 stetim
670 5336 774 5408 initio
787 5331 898 5408 fac‘tos
912 5358 1034 5429 super·
1056 5337 1059 5414 l
1080 5334 1148 5422 sit,
1162 5335 1272 5429 1quod
1286 5330 1543 5504 Pater5lprpilias
1558 5329 1730 5424 significat
1745 5327 1862 5402 Deum
1887 5345 2070 5405 vocantem
