4714 5826
178 145 351 248 as

851 135 978 214 PlllL.
1006 137 1123 224 ΜΕΒ.
1146 137 1359 228 SCRIPTA
1383 149 1683 235 munuca

263 325 385 390 monet
407 309 599 396 Salomon,
625 320 668 380 nt
698 303 809 376 simus
832 307 947 395 cauti,
978 324 1015 386 et
1044 313 1132 388 tales
1154 315 1254 388 aulas
1306 341 1450 420 petant,
1473 353 1540 400 nec
1554 331 1736 404 cumulent
1750 333 1881 414 celera,
1906 345 1946 406 nt
1961 279 2060 406 Dens
2082 331 2217 408 adimat
2239 359 2303 408 sa·

264 415 458 508 fugiamus,
483 405 724 504 sicutUlysses
740 406 884 480 iubetur
899 413 1090 503 praeterire
1098 415 1255 513 Scyllam
1307 431 1437 502 lutam
1453 433 1718 521 gubernatores,

266 533 302 590 et
318 512 552 610 Charybdim·

316 701 413 782 Cum
430 708 560 778 cessat
589 697 802 800 prophetia,
838 700 1046 804 dissipatur
1076 708 1256 810 populus:

371 805 426 880 Et
445 799 649 880 custodiens
665 802 799 899 legem,
826 807 893 878 erit
911 808 1052 887 heolus.

371 967 587 1067 Prophetis,
614 969 730 1056 idest,
754 965 1007 1064 Propheticum
1024 995 1192 1066 regnum,
1219 974 1256 1042 in

270 1103 341 1177 quo
362 1077 459 1148 Deus
491 1097 554 1166 per
576 1070 730 1165 aliquem
761 1072 951 1146 salutarem
983 1081 1258 1168 gubernatorem

227 1185 233 1192 ’
271 1189 332 1256 dat
346 1177 463 1252 felicia
486 1175 654 1259 consilia,
680 1187 714 1245 et
730 1176 844 1244 bonos
863 1190 1020 1251 eventus.
1072 1177 1169 1247 Dicit
1193 1201 1257 1248 au-

271 1299 360 1368 tem,
384 1279 559 1370 tantisper
578 1277 704 1346 llorere
725 1276 892 1366 imperia,
918 1282 1031 1350 donec
1046 1292 1130 1349 siant
1145 1279 1258 1374 aliqui

273 1387 361 1460 tales
379 1383 642 1472 gubernatores.
697 1375 746 1449 Ut
758 1375 943 1450 Helisaeus
965 1381 1103 1451 circiter
1119 1377 1169 1449 70
1194 1404 1258 1450 an·

273 1511 341 1557 nos
364 1495 443 1578 post
461 1478 580 1551 Eliam
605 1478 696 1549 rexit
716 1477 864 1549 consilia
888 1505 1010 1572 regum
1037 1484 1076 1552 in
1099 1481 1261 1550 maximis

274 1584 543 1662 calamitatibus.
609 1579 767 1652 Samaria
800 1583 986 1655 obsidione
1018 1584 1167 1656 liberata
1197 1599 1263 1668 est,

275 1714 355 1762 cum
374 1689 484 1756 fames
509 1697 606 1755 tanta
630 1695 739 1768 esset,
762 1694 802 1751 ut
823 1702 928 1774 caput
951 1686 1044 1758 asini
1061 1687 1111 1758 80
1133 1707 1259 1774 argen-

216 1857 228 1882 ,
275 1793 361 1874 teis,
389 1790 425 1856 id
453 1800 524 1870 est,
550 1779 768 1854 didrachmis
784 1782 834 1853 80
851 1803 1035 1860 emeretur.
1086 1783 1134 1856 Et
1150 1805 1261 1858 sexta·

275 1895 352 1963 rius
368 1888 533 1960 stercoris
541 1887 785 1956 columbarum
794 1887 952 1980 quinque
965 1889 1149 1980 argenteis.
1175 1886 1262 1958 Post

277 1992 436 2066 Helisaei
451 2001 598 2059 mortem
619 2010 691 2056 non
707 1986 910 2079 multoplus
922 2006 1063 2061 centum
1079 1989 1182 2059 aunis
1194 1992 1263 2060 du-

278 2095 371 2168 ravit
389 2115 556 2179 regnum,
579 2089 747 2179 agitatum
763 2092 916 2161 assiduis
932 2091 1179 2164 seditionibus.

259 2257 268 2266 .
379 2193 438 2266 Sic
452 2191 578 2261 Esaiae
593 2191 801 2281 gubernatio
821 2195 951 2264 multas
974 2193 1189 2264 calamitates
1212 2193 1263 2262 le-

278 2298 346 2370 niit
363 2296 500 2366 circiter
520 2292 568 2360 80
583 2313 705 2362 anuos.
759 2289 882 2361 Postea
899 2310 1087 2389 sequutum
1102 2307 1152 2363 est
1170 2294 1263 2363 exci-

278 2401 400 2480 dium,
432 2397 471 2464 in
493 2417 565 2486 quo
586 2407 705 2462 tamen
731 2390 896 2464 leremiae
921 2397 1078 2467 consiliis
1097 2417 1178 2488 pars
1199 2418 1264 2486 po-

279 2501 357 2593 puli
373 2510 508 2569 servata
523 2506 587 2566 est.

278 2607 281 2612 ’
378 2599 432 2671 Ex
458 2596 588 2668 talibus
622 2595 791 2686 exemplis
813 2593 964 2683 intelligi
994 2607 1125 2685 potest,
1155 2619 1264 2690 quare

279 2702 389 2774 dicat:
415 2695 579 2770 Cessante
597 2693 784 2789 prophetia
798 2695 960 2786 dissipari
980 2698 1167 2790 populum,
1184 2699 1265 2792 quia

279 2802 442 2876 extinctis
455 2798 669 2871 salutaribus
685 2797 981 2888 gubernatoribus
1004 2813 1203 2892 sequuntur
1225 2801 1263 2869 iu

279 2905 438 2996 imperiis
454 2903 645 2973 certamina
662 2900 921 2984 ambitionum,
936 2900 1149 2987 seditiones,
1164 2900 1266 2972 dein-

281 3010 326 3078 de
343 3004 526 3086 interitus,
550 3015 591 3072 ut
606 3005 646 3072 in
661 3025 766 3070 versu
782 3001 934 3073 dicitur:

533 3117 609 3176 Nam
630 3126 747 3177 caetera
768 3134 859 3196 regua

405 3225 550 3285 Luxurias
572 3224 664 3314 vitiis,
685 3224 819 3302 odiisque
841 3222 977 3302 superbia
998 3224 1097 3285 restit.

382 3342 493 3414 Addit
510 3356 626 3414 autem
643 3340 837 3428 Salomon,
862 3341 978 3435 qualis
1000 3343 1046 3412 sit
1063 3337 1266 3433 prophetica

155 3483 157 3486 ·
208 3533 213 3540 ⁴
279 3446 594 3539 gubernatio,·cum
613 3444 746 3536 inquit:
775 3442 905 3514 Beatus
928 3444 990 3538 qui
1016 3443 1129 3534 legem
1149 3457 1266 3514 eusto-

281 3550 358 3634 dit,
383 3546 483 3641 qssasi
502 3547 610 3615 dicat:
639 3543 738 3614 Talis
752 3557 802 3615 est
823 3546 1033 3632 gubernatio
1052 3539 1266 3638 prophetica,

145 3677 148 3684 ’
278 3649 408 3721 retinet
432 3659 549 3716 teram
573 3646 773 3716 doctrinam
796 3660 955 3715 etveros
979 3647 1113 3724 cultus,
1146 3661 1181 3716 et
1205 3650 1267 3718 dat

278 3750 425 3824 consilia
441 3746 669 3837 congruentia
695 3748 802 3814 verbo
817 3745 908 3830 Dei,
930 3748 1068 3840 quaerit
1092 3748 1264 3838 praesidia

278 3865 402 3924 contra
424 3851 572 3918 verbum
598 3845 683 3930 Dei,
709 3847 799 3917 sicut
816 3843 934 3917 Achas
964 3852 1266 3919 contramandate

277 3951 404 4028 Esaiae
438 3949 578 4045 quaerit
604 3949 874 4041 peregrinorum
906 3972 1027 4038 regum
1060 3950 1201 4020 foedera
1233 3965 1264 4020 et

277 4058 405 4129 cultus.
465 4049 513 4124 Et
535 4052 739 4122 foederibus
761 4050 924 4122 Tsrrcicis
947 4049 1123 4122 Graecum
1153 4053 1266 4145 impe·

278 4158 373 4229 rium
391 4167 424 4224 et
440 4177 588 4244 regnum
601 4151 807 4241 Hungariae
822 4153 1046 4224 interierunt.

379 4255 505 4326 Mouet
533 4249 600 4326 hoe
617 4279 758 4348 quoque
782 4257 934 4326 secunda
958 4275 1039 4343 pars
1055 4256 1265 4326 sententiae:

1644 645 1783 761 Caput
1808 649 1953 738 XXX.

1411 822 1616 919 Plerunque
1639 827 1679 898 in
1701 827 1958 918 gnomologicis
1986 822 2127 918 scriptis
2159 825 2304 900 etiarnsi

1309 949 1403 997 nnus
1418 926 1548 1020 aliquis
1563 940 1669 1000 autor
1682 943 1734 1000 est
1748 952 1895 1020 magnae
1912 929 2042 1021 partis,
2067 941 2186 998 tamen
2201 928 2304 1000 inse-

1310 1041 1441 1098 runtur
1464 1042 1498 1098 et
1522 1029 1675 1100 aliorum
1700 1032 1877 1101 concinna
1894 1031 2010 1114 dicta,
2035 1045 2074 1099 ut
2090 1024 2303 1124 Phocylidis

1310 1129 1461 1200 carmini
1473 1129 1578 1202 aiunt
1594 1129 1792 1227 Sibyllinos
1809 1154 1929 1202 versus
1947 1133 2097 1201 insertos
2113 1155 2199 1203 esse.
2236 1131 2303 1204 Sic

1310 1229 1482 1302 credibile
1499 1245 1549 1302 est
1565 1230 1769 1305 Salomonis
1785 1233 1910 1302 libello
1927 1232 2079 1302 aliorum
2101 1234 2302 1304 sententias

1311 1333 1452 1402 additas
1466 1355 1558 1417 esse,
1585 1334 1665 1402 ideo
1682 1357 1795 1406 novus
1819 1333 1944 1406 titulus
1959 1346 2013 1403 est
2035 1333 2073 1401 in
2095 1333 2157 1407 80.
2174 1335 2304 1424 capite,

1312 1431 1432 1503 Verba
1466 1434 1732 1525 congregantis,
1776 1434 1813 1504 id
1847 1449 1916 1515 est,
1955 1433 2117 1504 collectio
2144 1434 2301 1504 aliarum

1312 1535 1570 1607 sententiarum
1592 1537 1657 1607 lilii
1682 1533 1812 1622 lachit,
1837 1537 1974 1608 tametsi
2005 1551 2039 1606 et
2061 1531 2130 1605 hoc
2153 1559 2304 1626 nomen,

1313 1650 1347 1707 et
1368 1637 1436 1706 alia
1453 1659 1543 1728 quae
1565 1652 1781 1731 sequuntur,
1814 1638 2026 1732 appellative
2049 1639 2093 1706 de
2111 1636 2196 1706 viris
2211 1661 2304 1730 prn-

1316 1733 1465 1834 pheticis
1484 1738 1636 1829 intelligi
1654 1752 1813 1832 possunt.

1417 1838 1535 1909 Prima
1556 1855 1673 1911 autem
1697 1840 1891 1924 sententia,
1911 1839 1950 1908 in
1974 1861 2043 1933 qua
2067 1837 2170 1908 dicit:
2197 1837 2304 1910 Stul-

1315 1939 1472 2011 tissimus
1501 1962 1578 2012 sum
1605 1938 1812 2025 hominum,
1846 1941 2020 2010 coissessio
2047 1957 2096 2010 cst
2123 1937 2304 2009 humanae

1316 2042 1554 2132 ignorantiae,
1582 2057 1616 2113 et
1631 2042 1829 2135 deploratio
1845 2041 2006 2132 caliginis
2029 2042 2066 2108 in
2084 2037 2149 2111 hac
2173 2043 2306 2110 misera

1316 2158 1443 2212 natura
1468 2139 1666 2218 hominum.
1718 2145 1793 2213 Nec
1816 2142 1932 2214 solum
1952 2145 2110 2234 exempla
2126 2137 2304 2213 Ethnico-

1316 2269 1396 2316 rum
1420 2247 1634 2336 ostendunt,
1662 2240 1857 2316 horrendas
1882 2267 1956 2314 esse
1979 2247 2141 2314 tenebras
2159 2248 2202 2313 de
2218 2241 2301 2313 Deo

1317 2346 1355 2413 in
1371 2346 1550 2444 mentibus
1565 2341 1774 2428 hominum,
1802 2348 1863 2416 sed
1885 2345 2015 2435 singuli
2038 2341 2200 2415 homines
2217 2368 2305 2414 sen-

1318 2447 1432 2536 tiunt,
1458 2469 1495 2515 se
1511 2447 1618 2518 variis
1632 2447 1896 2517 dubitationum
1914 2447 2079 2517 fluctibus
2097 2447 2247 2517 turbari.

1421 2545 1623 2619 Simonides
1642 2551 1898 2638 interrogatus,
1921 2549 2008 2641 quid
2032 2547 2209 2634 sitDeus,
2237 2571 2305 2640 pe-

1317 2647 1399 2719 tivit
1420 2649 1580 2718 triduum
1604 2651 1649 2720 ad
1673 2651 1918 2734 liberandum,
1950 2651 2092 2720 tandun
2114 2650 2307 2740 respondit

1317 2747 1488 2835 Hieroni,
1513 2773 1567 2836 se,
1591 2777 1662 2845 quo
1677 2750 1812 2821 diutius
1829 2753 1973 2840 cogitet,
2001 2773 2043 2819 eo
2061 2749 2180 2820 minus
2195 2751 2304 2820 inve-

1317 2853 1395 2921 nire
1419 2854 1515 2944 qssod
1539 2854 1698 2925 affirmet.
1749 2851 1831 2922 Non
1852 2868 1945 2924 recte
1957 2849 2174 2924 Simonides.
2224 2850 2307 2923 Lu·

1318 2967 1373 3024 eet
1397 2955 1492 3021 enim
1514 2952 1553 3022 in
1575 2955 1755 3025 mentibus
1768 2967 1949 3047 utcunque
1965 2953 2088 3042 legalis
2103 2951 2235 3024 noticia
2253 2955 2305 3022 de

1319 3055 1417 3138 Deo,
1459 3079 1550 3148 quae
1577 3055 1747 3126 discernit
1770 3053 1885 3125 Deum
1910 3056 2054 3124 amalis
2077 3057 2195 3124 rebus.
2251 3049 2307 3125 Et

1320 3157 1403 3226 inde
1420 3157 1611 3248 descriptio
1620 3155 1779 3227 Platonis
1793 3169 1906 3227 sumta
1921 3168 1990 3227 est:
2017 3155 2117 3226 Deus
2132 3168 2186 3226 est
2197 3179 2305 3224 mens

1319 3271 1480 3341 aeterna,
1505 3281 1608 3328 causa
1631 3259 1718 3328 boni
1741 3259 1780 3326 in
1804 3269 1942 3328 natura.
1994 3255 2208 3350 Quanquam
2233 3281 2307 3326 au-

1319 3373 1389 3430 tem
1416 3372 1467 3429 est
1490 3354 1575 3429 haec
1592 3359 1744 3430 scintilla
1761 3357 1800 3428 in
1814 3353 2004 3428 Marinum
2020 3357 2219 3436 mentibus,
2245 3370 2306 3427 ta-

1319 3483 1400 3529 men
1422 3461 1577 3530 assensio
1597 3459 1766 3552 languida
1790 3473 1841 3530 est
1847 3475 1923 3544 „et
1936 3474 2048 3531 ruunt
2072 3454 2237 3528 homines
2260 3459 2306 3529 in

1318 3561 1579 3647 dubitationes,
1612 3577 1797 3655 propterea
1820 3561 1904 3655 quia
1934 3561 2044 3631 multa
2076 3559 2152 3629 lieri
2175 3573 2305 3630 contra

1318 3663 1481 3734 ordinem
1506 3663 1645 3748 vident,
1669 3663 1851 3747 videlicet,
1884 3686 1985 3755 saepe
2006 3664 2120 3732 bonos
2149 3685 2169 3730 a
2196 3662 2306 3732 malis

1318 3761 1484 3856 opprimi.
1536 3761 1626 3834 Eius
1647 3765 1699 3834 rei
1722 3785 1862 3835 causam
1886 3789 1965 3834 cum
1985 3787 2058 3834 non
2074 3763 2205 3848 sciant,
2231 3765 2305 3832 du-

1318 3867 1432 3936 bitant
1450 3867 1493 3935 de
1511 3865 1744 3956 providentia.

1419 3965 1579 4036 Primum
1595 3967 1704 4056 igitur
1717 3961 1775 4036 hic
1791 3967 1998 4058 deploratur
2014 3959 2170 4036 humana
2196 3965 2306 4055 igno-

1317 4068 1452 4149 rantia,
1478 4093 1584 4162 quam
1601 4069 1732 4159 singuli
1751 4063 1915 4138 homines
1932 4081 1965 4137 et
1982 4091 2170 4158 agnoscere
2188 4081 2221 4136 et
2238 4091 2304 4156 ge-

1317 4183 1453 4241 mentes
1469 4169 1655 4261 deplorare
1672 4172 1820 4255 debent,
1846 4171 1938 4240 sicut
1953 4164 2152 4260 Prophetae
2175 4170 2305 4262 deplo-

1306 4279 1415 4343 rant:
1468 4267 1601 4342 Omnis
1634 4267 1743 4341 homo
1775 4274 1938 4343 mendax.
2006 4267 2106 4340 item:
2149 4268 2305 4339 Perver-

281 4355 412 4427 Bedlllss
434 4357 496 4450 qul
519 4357 671 4426 cttslotlil
696 4357 826 4444 legem,
859 4357 897 4425 in
924 4357 1095 4448 llllSlpSlS
1114 4356 1264 4447 dissipa·
1318 4397 1396 4443 gum
1415 4386 1466 4447 egl
1483 4397 1545 4442 cor
1566 4369 1743 4458 hominis,
1771 4386 1805 4443 et
1830 4393 2092 4443 aerumnosum,
2131 4369 2239 4458 'Sunt
2265 4385 2306 4442 et

278 4459 439 4531 ll0sslb¹¹⁵
462 4459 542 4528 illm
563 4457 732 4551 “llqfllii
748 4459 861 4546 Sillii
876 4459 973 4538 f0⁸⁰s
999 4483 1088 4552 quae
1111 4459 1265 4530 r‘llssessl
1317 4477 1411 4567 apud
1429 4469 1601 4546 Ethnicos
1627 4474 1847 4546 tristissimae
1867 4473 2131 4566 deplorationes
2152 4473 2306 4542 univer-

277 4560 532 4654 pOSSCSSlollem
547 4559 731 4635 (lotlrlllile
749 4559 911 4643 (livinae,
928 4554 1265 4631 sicttlinAmotcli-
1317 4598 1376 4647 gae
1399 4570 1577 4646 humanae
1599 4575 1832 4658 infirmitatis,
1867 4599 1957 4669 quae
1981 4575 2062 4644 ideo
2095 4575 2307 4660 recitantur,

278 4664 385 4734 titur:
429 4657 521 4731 Ecce
549 4660 777 4772 ira15Domini
796 4684 911 4753 5⁰9²!
935 4683 1083 4750 “dnum
1105 4684 1265 4752 Pictam,
1317 4691 1357 4749 ut
1373 4673 1536 4748 homines
1552 4690 1719 4748 revocent
1733 4678 1779 4747 ad
1793 4677 2012 4747 modestiam.
2065 4673 2241 4746 Pindarus
2260 4677 2305 4744 in

228 4779 236 4789 .
275 4766 312 4834 id
328 4777 390 4848 est,
414 4785 562 4854 regnum
576 4756 696 4875 capim,
721 4765 818 4856 quod
839 4763 908 4833 iam
930 4765 1134 4836 ordinatum
1151 4778 1203 4836 est
1220 4763 1264 4834 ad
1317 4775 1398 4850 oda
1409 4781 1444 4852 8,
1460 4776 1565 4872 Itym,
1580 4779 1715 4872 inquiag
1741 4773 1778 4850 τὶ
1792 4771 1838 4850 δέ
1850 4801 1922 4865 1133
1942 4773 1980 4850 τὶ
1994 4771 2036 4851 δὲ
2053 4770 2170 4868 odrae
2196 4781 2306 4860 σκιᾶς

276 4889 438 4959 imum·
503 4864 721 4954 sedlldmffl
752 4885 933 4958 “tiliam
965 4865 1151 4958 felllulffla
1191 4888 1266 4937 *θῖ-
1317 4877 1638 4977 ὅναρᾶνθρωποι.
1690 4879 1789 4953 Haec
1804 4881 1898 4953 dicta
1914 4901 2017 4972 saepe
2034 4881 2188 4969 cogitare
2211 4879 2307 4948 utile
2343 4931 2349 4940 .

277 4968 369 5038 vebo
384 4991 493 5057 grana
510 4980 544 5036 et
562 4965 737 5039 cribrabo.
1317 4996 1379 5054 η’,
2119 5011 2131 5046 ,

381 5081 550 5173 Cogitant
565 5097 681 5174 autem
697 5095 730 5151 et
747 5083 925 5176 principes
950 5095 984 5152 et
1000 5085 1152 5176 populus
1168 5107 1266 5154 com·
1418 5083 1537 5156 Nescit
1570 5099 1687 5156 autem
1715 5084 1889 5176 sapientia
1920 5078 2107 5153 hominum
2141 5082 2307 5154 remedia

279 5186 469 5257 monelacti
494 5181 560 5257 hac
582 5185 756 5258 sententia
779 5199 814 5256 et
837 5185 1036 5274 similibus,
1069 5209 1151 5256 vere
1176 5209 1267 5277 opus
1289 5259 1293 5267 ,
1318 5200 1445 5256 contra·
1460 5186 1696 5275 ignorantiam
1711 5200 1745 5259 et
1762 5185 2015 5261 infirmitatem.
2069 5183 2138 5256 Sed
2167 5184 2205 5254 in
2229 5179 2305 5254 Ec-

279 5287 352 5362 Dei
376 5309 448 5358 esse
464 5287 988 5379 salutaremgubernationem,
1009 5303 1043 5360 et
1059 5311 1136 5358 eam
1155 5288 1264 5360 allen
1287 5285 1293 5378 i
1320 5288 1425 5360 clesia
1444 5287 1573 5358 scimus
1596 5289 1845 5380 patefactiones
1869 5287 2029 5373 divinas,
2053 5287 2092 5356 in
2115 5286 2305 5380 quibust
