4714 5826
75 211 126 282 37
491 190 538 262 X.
588 173 894 262 EXPLICATlO
920 157 1336 248 PROVERBlORUM
1361 149 1669 230 sauontottts.
2047 155 2097 228 db
2185 183 2187 186 ·

171 375 269 448 Hm
284 367 407 443 omnig
422 365 559 438 mm
573 373 678 444 mm,
704 370 740 430 eg
756 356 847 426 fiunt
869 347 982 422 ,Deo
1005 345 1052 416 li.
1105 349 1109 356 ·
1156 323 1430 405 Misericordia
1457 333 1490 396 ct
1518 321 1668 396 varitate
1696 323 1871 419 expiatur
1901 321 2095 424 iniquitas,

68 481 239 559 ικπίωε,
265 470 460 566 etquidem
475 466 520 536 sd
533 461 630 536 hune
645 461 771 540 finem,
796 471 837 529 us
861 454 934 524 sins
955 447 1054 522 sessi-
1207 441 1240 504 n
1255 431 1384 504 timore
1399 424 1565 500 Domini
1576 422 1755 498 receditur
1768 451 1794 496 a
1812 423 1923 502 vualo.

69 583 210 664 monia,
235 575 334 696 ΨΜ
352 567 529 690 θῖῑῦἥῦὓν
553 578 589 637 0¹
603 565 703 658 ‘llffld
718 557 918 681 “ludim
938 565 972 624 ‘²
987 552 1054 620 ¹³⁰·
1204 584 1369 678 Repetite
1397 594 1450 652 est
1477 577 1676 652 admonitio
1709 579 1754 650 de
1780 579 1988 652 discrimine
2017 582 2099 651 cul-

68 707 137 756 uus
152 681 319 799 εοῐιάιιοε
340 686 376 746 ει
393 673 589 745 ordinator.
641 663 728 737 ldeo
743 672 877 758 suqust:
904 655 1056 746 Propter
1106 701 1233 774 tuum,
1257 700 1299 759 u,
1314 709 1420 779 ,upra
1442 684 1482 752 in
1496 682 1607 752 diem:
1635 678 1790 753 victima
1812 682 2008 774 impiorum
2031 685 2096 753 ab,

68 811 142 859 sese
160 775 443 854 eondsdstDeus.
961 797 965 814 '
1108 788 1291 864 ominatio.
1341 786 1391 860 Et
1415 780 1597 857 Oseae9.:
1624 781 1817 855 Scientiam
1835 779 1984 854 Domini
2000 787 2095 866 volo,

173 915 245 990 seo
278 911 452 984 obiiciunt
483 901 656 998 Epicurei
688 899 802 970 multa
835 892 1057 966 inordinata:
1109 917 1185 964 non
1226 887 1432 962 holocausta
1471 901 1507 960 et
1539 886 1837 972 misericordiam,
1878 911 1953 956 non
1987 888 2097 957 satri.

68 1019 164 1095 Cum
188 1017 287 1090 Deus
308 1013 395 1084 velit
415 1009 598 1091 ordinem,
623 1004 720 1075 unde
742 1010 827 1072 sunt
848 995 959 1081 mala,
984 1015 1059 1063 sce·
1108 996 1238 1068 ficium.
1289 983 1709 1073 Dodemmodohicait,
1736 1011 1907 1058 nonense
1931 982 2095 1060 homines

70 1127 143 1196 lera
163 1135 198 1194 et
214 1113 455 1191 calamitates?
503 1105 705 1200 Respondit
722 1101 894 1176 Salomon
907 1099 951 1168 de
974 1117 1058 1188 poe-
1109 1097 1220 1168 iustos
1246 1107 1392 1194 propter
1412 1090 1602 1175 sacrificia,
1628 1090 1691 1161 sed
1711 1089 1742 1158 si
1756 1084 1911 1160 habeant
1927 1089 2092 1162 timorem

70 1229 144 1298 nis:
175 1222 252 1293 lmo
275 1235 310 1291 et
330 1236 464 1322 poenae
484 1207 688 1284 testimonia
712 1193 1060 1293 suutdeprov'ideu·
1109 1197 1197 1284 Dei,
1222 1194 1500 1268 misericordiam
1523 1205 1559 1262 ει
1571 1191 1765 1262 veritatem.
1820 1188 1870 1262 Et
1890 1205 1942 1262 est
1965 1194 2093 1266 usitata

30 1337 38 1354 ⁶
72 1330 134 1410 tia,
155 1338 199 1397 ut
212 1318 412 1394 universale
427 1328 497 1398 est,
522 1309 667 1384 Atrocia
683 1307 811 1378 delicta
827 1302 948 1396 puniri
964 1314 1059 1372 atro·
1111 1325 1247 1372 summa
1273 1298 1473 1369 doctrinae:
1501 1293 1620 1365 Milite
1643 1294 1774 1363 bonam
1797 1294 1982 1376 militiam,
2008 1296 2095 1367 reti-

72 1432 174 1500 cibus
196 1425 344 1519 poenis,
373 1418 478 1490 etiam
507 1415 547 1484 iu
571 1409 639 1484 hae
665 1410 758 1494 vita,
786 1407 883 1478 iuxta
907 1405 1059 1474 dictum:
1110 1425 1200 1473 nens
1219 1403 1326 1471 fidem
1343 1400 1522 1480 estonam
1537 1395 1801 1474 conscientiam.

75 1530 151 1621 Qui
171 1529 332 1619 gladium
355 1518 546 1613 acceperit,
576 1513 695 1606 gladio
716 1509 858 1602 peribit.
910 1500 958 1577 Dt
977 1501 1061 1572 uui·
1211 1501 1340 1574 Timor
1361 1500 1511 1572 Domini
1539 1497 1712 1588 siguificat
1743 1519 1863 1568 veram
1893 1498 2095 1568 conversio·

73 1633 270 1716 venaliter,
297 1624 400 1697 Mors
414 1633 449 1694 ει
462 1639 587 1692 omnes
599 1613 813 1688 calamitates
827 1619 911 1682 sunt
925 1625 1061 1700 poenae
1111 1629 1195 1680 nero
1220 1606 1264 1676 ad
1287 1601 1423 1689 Deum,
1455 1603 1494 1670 in
1520 1623 1590 1694 qua
1613 1613 1664 1670 est
1685 1599 1793 1671 timor
1817 1613 1851 1671 ει
1873 1601 1978 1687 fides,
2004 1597 2095 1672 sieut

75 1735 210 1832 peceati
232 1726 416 1821 originalis
452 1736 488 1796 et
510 1721 665 1792 aliorum
690 1726 935 1808 peccatorum,
965 1708 1061 1778 iuxta
1112 1708 1201 1782 alibi
1216 1729 1318 1799 saepe
1339 1726 1498 1796 expresse
1511 1702 1644 1774 dicitur
1658 1703 1702 1771 de
1715 1697 1798 1772 fide.

76 1842 212 1912 dietum
231 1831 355 1906 Pauli:
386 1825 457 1898 Per
483 1833 666 1916 peecatum
700 1839 797 1886 mors
825 1811 971 1884 intravit
995 1821 1063 1878 etc.
1216 1805 1361 1881 Phrasis
1386 1807 1514 1879 usitata
1537 1801 1687 1876 Ebraeis
1716 1816 1786 1889 est,
1824 1804 1869 1873 de
1895 1804 2030 1875 sincera
2061 1817 2095 1875 et

76 1941 218 2014 interea
235 1931 304 2006 hoe
327 1937 540 2010 veruinast,
565 1918 681 1993 Deum
695 1940 761 1987 nee
775 1917 884 2008 velle,
906 1936 972 1982 nec
987 1908 1063 1981 elfi-
1114 1937 1189 1984 non
1210 1913 1331 1984 sucosa
1352 1908 1541 1980 dilectione
1565 1929 1646 1996 erga
1669 1901 1850 1990 homiues,
1871 1921 1911 1978 ut
1928 1901 2096 1977 Ionathas

78 2069 178 2124 cere,
193 2062 257 2108 uec
272 2032 467 2127 approbare
484 2039 686 2120 peceatum,
700 2021 760 2091 sed
778 2031 964 2112 postquam
980 2035 1065 2104 pro-
1114 2017 1199 2087 tacit
1216 2011 1494 2084 misericordiam
1515 2021 1550 2079 et
1561 2007 1755 2078 ‘veritatem
1779 2032 1858 2077 curn
1873 2007 2032 2094 Davide,
2058 2009 2095 2079 id

77 2146 156 2239 pria
170 2144 335 2212 libertate
353 2131 517 2206 homines
534 2125 638 2198 abusi
653 2134 754 2205 suut,
778 2117 994 2210 conspicitur
1006 2114 1078 2183 iu··
1115 2132 1184 2204 est,
1206 2115 1380 2187 benefacit
1408 2113 1460 2197 ei,
1493 2123 1527 2180 ει
1549 2108 1717 2192 fideliter,
1748 2108 1826 2177 sine
1859 2111 2087 2181 simulatione

80 2247 177 2319 stiria
200 2241 272 2314 Dei
301 2240 342 2308 iu
372 2231 441 2306 hoc
469 2229 613 2313 ordine,
646 2223 744 2320 quod
768 2245 833 2314 per
853 2241 1002 2312 poenam
1024 2211 1066 2286 fit
1115 2235 1151 2292 et
1173 2228 1376 2290 constanter
1395 2208 1584 2304 hortauit.
1636 2209 1697 2280 Sic
1718 2207 1811 2278 inira
1828 2211 1959 2281 dicitur
1981 2167 2098 2312 capiti

81 2341 333 2440 compensatio,
1115 2321 1192 2396 20.:
1220 2315 1467 2388 Misericordia
1484 2326 1518 2384 et
1533 2312 1661 2381 veritas
1677 2312 1881 2383 custodiunt
1902 2337 2037 2404 regem,
2065 2331 2099 2388 et

180 2492 236 2568 Ac
251 2488 418 2587 Syutaxis
442 2485 482 2555 in
498 2483 607 2554 verbo
622 2463 734 2550 Facit
756 2472 977 2545 observanda
1004 2481 1065 2540 est.
1116 2421 1262 2494 fulcitur
1276 2417 1461 2490 clemen&
1476 2415 1604 2487 ⁸⁰¹i¹¹¹¹¹
1629 2414 1724 2498 ‘³¹¹³’
1748 2413 1783 2482 id
1803 2427 1872 2499 ²⁵¹,
1899 2416 2098 2486 beneficen·
2221 2411 2224 2426 '

83 2601 162 2673 Non
179 2597 278 2668 enim
290 2590 396 2662 dicit:
424 2585 525 2660 Facit
538 2587 588 2655 im
616 2582 689 2651 ‘um
726 2565 949 2647 sedadditur
988 2595 1066 2641 rae·
1118 2526 1167 2596 ὼ
1190 2538 1225 2594 ‘t
1247 2521 1400 2592 siddim
1424 2514 1843 2613 διῙηῑῃεΝἰεῑὶῐιῬῶ·
1895 2515 1963 2588 Sed
1991 2519 2019 2588 δῖ
2041 2513 2100 2588 hic
2167 2543 2174 2572 ⁴

590 2607 627 2676 pl
701 2635 711 2664 ’
964 2598 986 2666 Ρ
1055 2673 1065 2690 ·
1118 2624 1329 2716 intelligitur
1350 2622 1478 2691 veritas
1505 2641 1585 2710 erga
1615 2615 1748 2703 Deum,
1782 2616 1955 2708 significat
1982 2644 2100 2690 veram

83 2705 259 2774 dicatum:
286 2693 388 2766 Facit
409 2689 454 2762 ad
468 2689 562 2758 diem
580 2684 732 2766 malum,
757 2679 880 2762 idest,
906 2700 986 2745 eum
1004 2698 1067 2768 qur
1188 2727 1227 2746 ..
1414 2723 1423 2740 .

83 2804 219 2897 impius
239 2812 307 2880 est,
340 2814 487 2887 peccans
512 2813 588 2859 uon
615 2785 756 2856 volente
778 2779 875 2865 Deo,
906 2774 1001 2869 rapit
1022 2775 1066 2844 ad
1118 2741 1341 2851 ³3⁰¹⁰⁰¹¹²m0
1354 2725 1444 2809 Μ’
1468 2745 1558 2817 ‘1¹¹³‘
1581 2718 1744 2794 ‘afim‘

84 2927 249 3000 poenam·
307 2895 350 2968 m
381 2915 523 2991 suosve
551 2888 797 2981 nr⁰v¹d⁰¹¹¹¹³⁰
825 2894 1068 2950 ¹⁶⁸¹¹¹¹¹⁰¹¹¹¹¹¹¹¹
1171 2917 1373 2994 ostracus
1390 2917 1430 2988 a
1447 2913 1694 3011 tasstmgn,
1719 2911 1759 2984 a
1783 2908 1922 2983 succan
1946 2915 2020 2984 „aa
2042 2893 2106 2983 ue

85 3018 301 3093 eet,uteum
314 2986 713 3084 di⁰⁰s⁸²³¹¹¹³¹i¹¹⁵s³⁰it
730 2979 1069 3068 ‘xmarmm‘figu'
1224 3022 1364 3121 linquet
1381 3017 1528 3092 ossius.
1581 3010 1733 3087 Pondus
1753 3025 1784 3086 ct
1808 3023 1949 3086 statera
1966 3011 2106 3086 iudicia

84 3133 162 3182 ram
180 3100 389 3177 Alexandri.
441 3094 512 3166 Hic
534 3089 724 3164 statuarius
750 3109 825 3174 nou
849 3083 961 3175 gignit
974 3104 1068 3150 mar-

86 3234 187 3301 mor,
213 3207 275 3278 sed
292 3204 425 3294 figurae
445 3196 638 3268 fabricator
659 3203 730 3274 est,
752 3187 800 3258 ita
817 3184 914 3256 Deus
935 3205 1071 3278 nequa-

87 3334 196 3414 quam
217 3320 269 3378 est
293 3327 396 3376 causa
419 3297 629 3393 impietatis,
663 3293 725 3364 sed
754 3289 882 3360 ordine
912 3284 1071 3356 iustitiae

87 3413 195 3508 punit
208 3434 249 3480 ac
263 3405 414 3478 destruit
427 3401 589 3494 impium.

1225 3121 1387 3299 Potniai
1415 3128 1521 3214 sunl,
1560 3143 1651 3219 opus
1681 3118 1758 3188 cius
1787 3115 1913 3188 omnia
1941 3115 2106 3217 pondera

1244 3249 1360 3300 oncis.

1200 3379 1398 3451 Haecdicta
1414 3375 1606 3464 affirmant,
1622 3387 1736 3445 totum
1746 3372 1928 3463 politicum
1938 3373 2111 3458 ordinem,
2176 3375 2181 3394 ‘

1125 3484 1372 3575 Magistratus,
1406 3479 1518 3567 leges,
1553 3476 1818 3548 distinctionem
1854 3475 2112 3559 dominiorum,

1128 3597 1347 3663 contractus,
1373 3579 1525 3659 iudicia,
1551 3600 1699 3670 poenas,
1726 3599 1799 3646 esse
1819 3600 1926 3666 opera
1949 3577 2112 3647 ordinata

1127 3691 1196 3766 Dei
1217 3683 1388 3776 sapientia
1410 3682 1450 3751 iu
1474 3702 1602 3770 genere
1624 3675 1793 3750 humano.
1846 3675 1894 3748 Et
1910 3703 2113 3772 quanquam

1130 3788 1264 3865 diaboli
1286 3800 1321 3857 ει
1343 3780 1508 3854 homines
1531 3781 1653 3852 multis
1682 3775 1914 3852 horribilibus
1934 3781 2115 3851 furoribus

1130 3884 1389 3968 suthamtune
1406 3883 1587 3968 ordinem,
1613 3897 1730 3952 tamen
1754 3905 1799 3952 ne
1821 3881 1981 3953 funditus
2002 3881 2117 3950 estin·

1133 4008 1261 4088 gustus
1282 4011 1394 4080 genus
1416 3982 1633 4068 humanum,
1658 3983 1793 4078 aliquid
1819 3982 1955 4074 politici
1979 3983 2118 4054 ordinis

1133 4097 1311 4188 reliquum
1334 4101 1466 4160 manet.
1525 4086 1566 4158 Id
1596 4085 1746 4157 sciamus
1774 4084 1960 4154 efficaciter
1989 4109 2009 4154 a
2039 4077 2137 4158 Deo'
2234 4135 2238 4142 .

144 4257 388 4342 Abomgmpp„
401 4251 569 4327 Domm
592 4236 981 4339 351.5m„;5wperbm
1006 4229 1091 4308 mg
1135 4195 1355 4313 conseruari,
1382 4191 1471 4261 sieut
1490 4203 1523 4259 et
1540 4183 1667 4307 Daniel
1682 4185 1816 4300 iuquit:
1841 4185 1936 4256 Deus
1952 4188 2118 4257 transfert

199 4363 261 4450 dc,
289 4385 354 4434 Μ
365 4355 433 4430 mg
452 4349 676 4451 pmpunpm,
701 4343 851 4420 ,tiamsi
864 4343 933 4414 mg
947 4361 1083 4412 mam
1137 4317 1170 4372 et
1185 4295 1321 4370 stabslst
1337 4315 1456 4384 regna.
1505 4287 1647 4362 Deinde
1664 4311 1744 4358 cum
1760 4287 2005 4378 cognoscimus
2020 4289 2119 4359 ordi·

200 4463 258 4542 ad
269 4486 435 4538 manum·
1032 4485 1041 4494 ,
1137 4426 1218 4474 nem
1242 4397 1427 4491 politicum
1448 4389 1518 4464 Dei
1546 4413 1635 4483 opus
1659 4413 1750 4470 esse,
1776 4414 1934 4459 amemus
1957 4414 2059 4473 eum,
2086 4405 2120 4462 et

1138 4503 1230 4579 tueri
1254 4496 1385 4569 nostris
1405 4495 1530 4566 officiis
1552 4495 1773 4574 studeamus,
1799 4505 1833 4562 et
1857 4493 2012 4562 modeste
2036 4517 2120 4586 pro.

197 4635 341 4709 Citatur
354 4641 390 4701 el
403 4625 520 4699 Lucae
539 4619 597 4693 16·
611 4607 682 4689 hoc
694 4616 848 4686 dictum:
874 4610 982 4700 Qu'od
1001 4608 1086 4682 sub·
1138 4621 1217 4708 pter
1230 4602 1347 4676 Deum
1362 4598 1395 4668 ei
1408 4597 1634 4680 obediamus,
1661 4593 1777 4664 etDeo
1792 4595 2031 4666 conservatori
2044 4618 2124 4684 gra.
2173 4653 2175 4660 Α

96 4745 181 4814 lime
196 4753 250 4810 est
265 4738 362 4805 iuter
375 4726 559 4810 homiues,
572 4717 791 4792 abominatio
806 4729 858 4788 est
873 4735 992 4784 eoram
1000 4707 1087 4781 Deo.
1140 4711 1207 4782 tias
1220 4724 1383 4794 agamus,
1407 4715 1441 4771 et
1454 4699 1603 4772 sciamus
1615 4697 1752 4767 furores
1767 4696 1992 4768 diabolorum
2008 4710 2042 4767 ει
2057 4686 2125 4766 ho·

1 4937 2 4944 ¹
95 4843 144 4917 Et
167 4839 350 4916 Siracides
372 4828 507 4923 iuquit:
542 4821 674 4896 Omnis
704 4818 839 4920 peccati
863 4814 1007 4885 initium
1038 4822 1090 4881 est
1141 4809 1298 4888 minum,
1325 4803 1387 4898 qui
1409 4803 1555 4874 turbant
1579 4797 1763 4892 politicum
1787 4801 1968 4882 ordinem,
2001 4799 2127 4890 displi-

1 4987 2 5022 ι
97 4942 297 5038 superbia.
330 4933 401 5008 Hic
416 4928 642 5003 definitiones
664 4923 864 5012 cogitentur
885 4931 992 5008 supra
1016 4926 1090 4984 tra·
1142 4933 1221 4984 cere
1232 4907 1331 4986 Deo,
1356 4905 1447 4975 sient
1461 4916 1534 4974 tota
1551 4895 1639 4972 baec
1655 4898 1816 4970 doctrine
1834 4901 1939 4989 longa
1956 4900 2127 4970 concione

1 5061 2 5078 ²
97 5050 212 5134 ditae,
249 5053 286 5112 et
309 5035 583 5110 considerentur
602 5025 760 5116 exempla
782 5017 959 5093 contraria
981 5014 1092 5087 lona·
1144 5016 1190 5088 ad
1203 5009 1390 5086 Romanos
1409 5005 1467 5079 to.
1483 5003 1661 5076 recitatur.

98 5149 182 5225 thoe
204 5159 242 5220 et
264 5138 417 5214 Antonii
438 5129 653 5206 Triumviri.
710 5122 919 5214 Essemper
944 5118 983 5188 io
1007 5139 1094 5189 cou-
1246 5109 1315 5184 sed
1340 5131 1449 5203 quare
1471 5105 1575 5178 dicit:
1602 5098 1804 5174 Divinatio
1827 5095 1999 5171 indubiis
2024 5097 2130 5194 regis,

1 5259 2 5314 l
102 5265 225 5355 spectu
240 5248 392 5320 dictum:
418 5239 515 5312 Deos
539 5229 703 5334 superbis
724 5225 874 5312 resistit,
896 5216 1094 5294 humilibus
1147 5217 1189 5288 in
1210 5207 1345 5288 iudicio
1362 5235 1435 5281 non
1451 5215 1550 5280 errat
1572 5229 1612 5276 os
1635 5203 1737 5276 cius?
1775 5204 2032 5299 Coniungeoda
2050 5217 2132 5272 sunt
2156 5217 2158 5222 ·

101 5343 481 5462 ausemdngmsism
1148 5315 1234 5392 haec
1248 5316 1420 5390 membra.
1459 5310 1604 5484 {diplom
1619 5309 1779 5406 loquitur
1795 5309 1838 5378 de
1852 5305 1949 5408 Rege
1967 5321 2000 5376 ει
2015 5307 2058 5374 du
2075 5302 2133 5386 lu.

190 3559 283 3632 Tota
299 3555 410 3647 igitur
420 3548 507 3623 haec
523 3545 697 3620 sententia
711 3538 1006 3614 commoneiaetio
1023 3547 1076 3604 est

90 3670 134 3739 de
149 3657 400 3759 Providentia,
425 3666 461 3726 et
483 3663 605 3722 mouet
627 3661 669 3720 ut
689 3663 936 3736 agnoscamus,
959 3635 1075 3707 Deum

89 3771 202 3840 libere
219 3759 385 3834 laeere'et
398 3775 607 3828 conservare
621 3772 677 3819 res
696 3749 818 3829 bonas,
844 3755 879 3812 et
895 3739 1077 3810 liberrime

91 3870 240 3961 punire,
262 3865 359 3936 iuxta
381 3859 477 3930 dicta
498 3853 592 3927 Psal.
615 3851 694 3925 δὶα
708 3920 712 3926 ,
727 3847 780 3918 De
804 3844 902 3914 coelo
927 3840 1080 3933 respexit

1 4029 2 4033 η
90 3969 290 4051 Dominus,
314 3962 405 4034 vidit
419 3979 545 4032 omues
561 3953 654 4024 filios
672 3947 860 4022 hominum
873 3956 940 4017 etc.
987 3940 1080 4013 Paul.

90 4075 171 4146 ut:
197 4069 258 4140 Tu
277 4065 397 4138 reddis
411 4058 605 4152 unicuique
622 4054 720 4124 iuxta
736 4070 844 4142 opera
862 4069 937 4122 sua.
