4714 5826
212 111 261 184 ιι
810 97 1641 190 mmamnamnramuuunca.
2196 109 2248 181 aa

215 297 289 348 non
310 282 361 348 etl
383 271 540 346 homlnlt
559 273 617 342 vit
640 269 735 353 ⁶5⁰⁸·
761 270 801 340 ld
819 283 888 360 0¹¹,
920 271 1070 345 vocatio.
1118 271 1202 344 Non
1254 276 1328 352 Noc
1345 293 1459 372 potest
1474 279 1649 354 illustrior
1662 279 1780 369 imago
1799 279 1845 349 de
1867 276 2009 352 stolidis
2031 275 2246 370 implacabi-

172 457 173 460 Ἴ
217 379 312 448 enim
329 376 434 457 dicit,
461 371 562 446 Nihil
578 395 680 463 agere
696 367 877 458 homiues,
901 376 961 444 sed
978 375 1055 446 sine
1069 374 1204 446 auxilio
1254 380 1353 453 libus
1368 382 1478 474 pingi,
1492 407 1598 477 quam
1617 380 1855 472 inEvaugelio
1866 381 2045 473 proposita
2060 392 2113 452 est
2124 379 2244 468 imago

216 478 303 561 Dei,
329 501 446 572 neque
461 474 608 548 consilia
624 497 741 568 neque
755 474 911 546 actiones
924 475 1043 548 felices
1059 499 1146 548 esse.
1255 484 1349 554 servi
1363 485 1533 568 crudelis,
1557 485 1620 578 qui
1637 485 1787 555 debebat
1803 481 1983 572 sexaginta
2004 495 2130 552 tonnas
2151 480 2247 556 auri.

320 583 467 686 3²⁰¹le
482 593 589 684 lilim·
602 587 695 662 ¹¹³⁰ss
709 593 865 682 “illim
882 593 1106 678 inlufflmurs
1131 594 1205 666 Ne-
1358 599 1574 696 Quanquam
1588 615 1706 673 autem
1722 595 1808 671 haec
1822 599 1997 672 sententia
2009 598 2048 669 in
2065 591 2133 670 boe
2148 598 2246 668 libro

211 697 368 768 ,cessans
397 712 431 768 et
464 689 663 788 praesentia
685 707 779 764 recte
801 694 961 764 facienda
987 717 1079 782 esse,
1114 721 1203 791 quae
1256 697 1460 774 Salomonis
1473 716 1612 776 tantum
1628 703 1785 772 narratio
1812 715 1865 773 est
1879 703 1924 771 de
1936 697 2101 786 Eventu,
2125 713 2249 770 tamen

213 801 375 892 ,postulat
388 798 495 868 oflicii
512 795 615 880 ratio,
631 807 665 864 et
679 792 785 865 aDeo
800 798 994 886 petendum
1011 820 1084 868 esse
1103 799 1204 868 auxi·
1257 804 1368 874 multa
1391 817 1528 874 monet:
1555 802 1659 877 lubet
1683 803 1908 874 considerare
1932 797 2125 874 humanam
2143 800 2249 870 infir-

221 902 329 984 lium,
349 923 395 968 ne
412 897 532 969 conlisi
548 895 679 966 nostris
695 895 832 965 viribus
847 910 910 968 aut
923 899 1029 969 stulta
1049 923 1110 991 spe
1127 925 1206 968 mo·
1257 905 1435 987 mitatem,
1459 919 1495 976 et
1516 906 1718 976 meminisse
1738 905 1915 996 praecepti
1930 905 1975 973 de
1998 897 2184 996 ἐπιεικείᾳ,
2211 915 2251 972 et

132 1001 134 1006 ’
220 1023 363 1072 veamus
386 1023 459 1069 uon
481 997 809 1081 neeessaria,sicut
822 994 969 1068 Periclis
993 1001 1106 1070 movit
1124 1001 1207 1070 bel·
1257 1006 1437 1076 moderari
1453 1008 1691 1094 iracundiam:
1719 1003 1848 1077 Monet
1862 1005 2067 1077 itemvitare
2081 1006 2249 1084 stolidos,

218 1104 295 1174 lum
323 1124 399 1171 nou
421 1098 656 1170 necessarium
679 1097 856 1170 levissima
878 1123 998 1185 causa,
1029 1125 1120 1194 quae
1142 1126 1207 1172 ne-
1258 1109 1322 1200 qui
1356 1131 1477 1202 neque
1507 1131 1718 1198 cognoscere
1751 1130 1866 1204 neque
1894 1106 2076 1198 ignoscere
2100 1119 2253 1176 norunt.

178 1202 181 1212 '
213 1203 304 1304 ⁸gligi
337 1202 473 1295 potuit,
505 1213 547 1272 ut
568 1212 655 1276 lunc
682 1223 824 1293 quoque
854 1202 958 1272 multi
987 1203 1206 1274 iudicabant.
1258 1206 1340 1279 Huc
1355 1211 1465 1281 multa
1482 1211 1575 1281 dicta
1591 1209 1787 1304 pertinent:
1827 1196 1831 1208 Α

218 1304 424 1376 Alcibiades
451 1300 587 1374 traiecit
614 1299 652 1368 iu
683 1299 842 1370 Siciliam
875 1303 953 1372 siue
991 1305 1207 1388 necessitate.
1341 1291 1408 1396 buo
1433 1327 1557 1406 quisque
1579 1337 1625 1387 est
1644 1327 1752 1403 maior,
1773 1326 1865 1403 magis
1887 1333 1933 1384 aar
1956 1313 2205 1402 placabitis'irae,

221 1405 406 1480 Hannibal
422 1401 598 1476 Romanis
611 1400 735 1471 intulit
750 1402 882 1472 bellum
900 1405 977 1473 sine
993 1405 1205 1476 necessitate.
1428 1427 1468 1486 Et
1489 1425 1592 1486 faciles
1613 1437 1710 1486 mm,
1730 1443 1813 1484 men.
1834 1441 1978 1502 generosa
1998 1424 2087 1502 capit.

221 1507 415 1597 Pompeius
437 1516 575 1596 poterat
599 1501 753 1574 retinere
768 1525 889 1592 pacem
905 1500 1065 1576 honestis
1081 1509 1206 1576 condi·
1361 1523 1410 1600 Et
1434 1526 1568 1602 senec,
1589 1529 1724 1623 inquit:
1758 1523 1859 1598 Nihil
1876 1547 2044 1616 magnum
2061 1527 2253 1620 quodum,

221 1608 394 1679 ll⁰¹¹lb¹¹⁸·
453 1603 551 1675 Hm
573 1603 666 1674 bella
687 1605 807 1674 ‘’mni‘'
832 1606 1034 1678 clllfflllbu‘
1057 1606 1206 1678 bimum
1260 1640 1313 1699 est
1329 1630 1521 1720 placidum.
1572 1629 1619 1704 Et
1636 1629 1832 1702 dulcissimi
1856 1642 1940 1700 suut
1961 1649 2084 1698 versus
2098 1623 2254 1696 Homeri

223 1707 377 1780 exitialia
398 1707 555 1778 luerunt.
606 1701 754 1775 Carolus
767 1702 985 1796 Burgundus
1009 1708 1085 1777 sine
1104 1733 1208 1778 causa
1261 1731 1298 1802 7,
1315 1725 1465 1824 odys„
2162 1753 2165 1756 -

221 1809 347 1879 intulit
361 1808 495 1878 bellurn
507 1798 728 1895 Lotharingo
743 1819 778 1875 et
791 1805 983 1890 Helvetiis,
1009 1810 1048 1876 in
1065 1834 1136 1902 quo
1150 1813 1209 1878 iu-

220 1908 371 1980 feliciter
385 1908 558 1978 dimicans
570 1909 608 1974 in
623 1907 697 1976 acie
711 1906 916 1978 interfectus
932 1923 994 1980 est·
1022 1973 1026 1982 .
1045 1908 1209 2004 Denique

222 2009 432 2102 regulariter
458 2008 582 2078 infelix
616 2020 670 2077 est
690 2003 1052 2106 πολυπραγμοσύνη,
1087 2013 1211 2097 idest,

106 2096 114 2111 ⁸
219 2113 336 2182 lacere
367 2134 443 2179 non
475 2107 670 2178 necessaria
698 2109 804 2178 stulta
831 2133 912 2201 spe,
944 2113 1037 2182 sicut
1062 2114 1210 2184 dicitur:
1304 2141 1378 2220 ξεῖν’
1401 2141 1439 2211 og
1460 2151 1520 2230 μοὶ
1541 2151 1691 2213 τοιοῦτον
1711 2146 1759 2212 iat
1780 2144 1934 2225 ervom„
1956 2150 2053 2229 9520,
2071 2149 2130 2229 κῆρ

223 2203 376 2304 μάταιοι
392 2202 535 2302 μάταια
551 2201 763 2304 ιιιγιζιιιιιιιι
776 2203 822 2280 dt'
841 2207 1056 2305 lntdvptt'ac.
1303 2249 1469 2330 μαψιδίως
1488 2251 1705 2331 κεχολῶσθαι.
1746 2251 1880 2330 Apatna
1901 2241 1934 2312 d'
1956 2243 2072 2330 αἴσιμα
2093 2231 2207 2311 naiaco.

300 2341 376 2412 Has
389 2339 653 2414 admonitiones
666 2339 785 2408 invita
800 2341 1025 2411 considerare
1040 2343 1130 2411 utile
1150 2356 1213 2427 est,
1363 2347 1411 2421 Et
1434 2350 1573 2422 Plinius
1597 2353 1730 2446 inquit:
1758 2351 1833 2442 Qui
1857 2351 1942 2421 vitia
1964 2353 2060 2437 odit,
2085 2347 2253 2422 homines

224 2447 269 2516 od
288 2467 376 2538 quas
397 2443 503 2512 ellam
526 2433 829 2532 Perllnelchrltll
848 2441 1003 2513 dictum:
1027 2439 1213 2514 (3111ίὶ11111
1264 2450 1351 2522 odit.
1402 2449 1474 2522 Sed
1490 2466 1608 2522 tamen
1625 2454 1661 2522 id
1676 2453 1809 2522 dictum
1833 2453 2027 2543 prudenter
2046 2452 2254 2544 intelligen-

133 2543 139 2550 “
223 2547 302 2616 dies
324 2567 391 2636 pro
413 2563 489 2614 deae
508 2540 759 2616 solicituserit.
810 2541 950 2614 Sufficit
975 2543 1047 2612 (llel
1067 2544 1213 2614 afflictio
1264 2553 1350 2621 dum
1367 2565 1429 2623 est,
1481 2551 1563 2622 Non
1581 2553 1678 2622 enim
1694 2554 1853 2646 loquitur
1868 2549 2008 2624 Plinius
2023 2555 2069 2622 de
2091 2555 2253 2623 enormi.

226 2669 307 2731 sua,
331 2645 370 2715 id
384 2657 454 2730 est,
478 2644 585 2714 facito
606 2642 802 2713 necessaria
826 2643 1095 2742 inpraesentia,
1121 2668 1212 2738 quae
1264 2653 1463 2745 bus'vitiis,
1489 2677 1555 2722 nec
1577 2655 1622 2723 de
1638 2654 1913 2746 approbatione,
1941 2657 2001 2724 sed
2023 2656 2068 2724 de
2093 2653 2253 2726 toleran-

195 2777 198 2782 ·
221 2771 291 2840 per
305 2767 379 2817 sese
396 2745 480 2816 satis
496 2739 630 2816 babent
652 2743 921 2826 difficultatum,
947 2759 983 2817 et
998 2769 1072 2815 non
1089 2770 1215 2817 cumu-
1264 2755 1321 2823 dis
1336 2754 1520 2824 affectibus
1529 2754 1752 2848 aliquantum
1761 2755 2008 2826 aberrantibus
2023 2756 2100 2826 sine
2109 2757 2253 2831 scelere.

124 2897 128 2904 ‚
225 2851 277 2919 les
291 2848 516 2918 difficultates
531 2845 633 2916 inani
648 2845 923 2918 ratiocinatione
938 2858 974 2917 et
988 2847 1214 2918 solicitudine
1265 2853 1448 2928 caeterum
1463 2880 1536 2925 non
1560 2858 1632 2929 sint
1654 2869 1838 2949 praecepta
1861 2855 2034 2928 divinitus
2054 2857 2182 2928 tradita
2206 2860 2253 2928 de

1344 1845 1459 1923 Hospes
1479 1845 1540 1905 tale
1560 1845 1631 1904 mihi
1651 1855 1754 1926 pectus
1776 1865 1815 1906 ne
1836 1845 1957 1906 dureris
1977 1861 2058 1921 esse,

1336 1947 1430 2016 *Quod
1452 1958 1566 2007 temere
1587 1949 1779 2009 eutolmium
1800 1949 1936 2028 flagranti
1956 1956 2111 2008 exaestuet
2130 1945 2184 2004 irs.

1344 2047 1541 2108 Omnibus-in
1561 2050 1650 2109 rebus
1670 2049 1772 2109 modus
1793 2059 1839 2110 est
1859 2048 2036 2128 pulcerrima
2056 2049 2158 2107 virtus.

226 2951 271 3020 de
284 2950 391 3020 rebus
406 2949 545 3020 futuris.
1264 2958 1482 3028 moderanda
1498 2959 1571 3045 ira,
1594 2973 1635 3030 ut
1653 2953 1783 3030 Mattla
1800 2952 1837 3033 5.
1852 2969 1887 3029 et
1904 2957 1941 3030 8.
1972 2957 2180 3066 Ιιαωιὶἰοαι.
2192 2959 2254 3035 12.

277 3143 478 3220 Graecast
504 3166 661 3224 saxum,
689 3150 720 3213 ιι
751 3135 958 3237 ponderosa
991 3167 1126 3216 arena:
1149 3141 1218 3218 sed
1265 3058 1412 3132 ‘tamn'

332 3247 391 3318 ira
412 3242 524 3318 stalli
536 3241 693 3339 gravior
710 3252 761 3316 est
777 3253 934 3342 utroque
950 3269 997 3316 re.
1167 3265 1169 3270 ’
1315 3235 1419 3412 δὶιὲιι
1437 3241 1518 3313 avis
1540 3238 1703 3415 {astreas
1724 3235 1854 3312 nidum
1876 3265 2004 3312 suum:
2031 3239 2086 3314 sio
2107 3251 2158 3314 ast
2184 3243 2253 3328 vir,

1396 3367 1534 3414 :serem
1567 3367 1668 3415 ocum
1682 3369 1803 3418 snum.

329 3393 441 3486 Saepe
465 3393 651 3484 cogitanda
680 3406 762 3463 sunt
794 3391 1000 3462 discrimina
1023 3393 1215 3462 sententia·

227 3521 318 3570 rum.
380 3493 483 3566 Aliae
513 3517 672 3588 expresse
711 3493 933 3585 praecipiunt
959 3495 1116 3588 aliquid,
1154 3505 1214 3566 aut
1368 3493 1517 3565 Nullum
1537 3495 1631 3564 vitae
1653 3515 1784 3584 genus,
1818 3492 1918 3562 nulla
1938 3490 2075 3562 innuio
2095 3506 2148 3564 est
2170 3494 2253 3566 siue

204 3597 208 3604 “
227 3593 439 3691 prohibent,
465 3597 554 3666 aliae
566 3608 650 3688 sunt
664 3593 916 3688 promissiones
937 3609 999 3664 aut
1017 3594 1214 3666 comuaina÷
1265 3595 1391 3666 multis
1405 3594 1577 3666 molestiis
1595 3609 1629 3666 et
1644 3595 1825 3686 periculis,
1850 3593 1932 3662 ideo
1950 3592 2020 3663 cito
2036 3593 2075 3661 in
2090 3594 2255 3688 quolibet

227 3699 343 3772 tiones
366 3698 528 3777 divinae,
553 3697 644 3765 aliae
666 3707 823 3790 narrant¹
838 3691 1009 3766 Eventus.
1062 3693 1140 3764 Hae
1166 3697 1214 3765 si·
1266 3696 1358 3767 vitae
1372 3719 1499 3788 genere
1515 3699 1690 3787 obrepunt
1704 3695 1866 3776 fastidia,
1893 3694 1989 3764 iuxta
2005 3695 2113 3765 illud:
2138 3691 2254 3786 Optat

228 3801 306 3872 mul
321 3813 410 3871 tecte
430 3811 593 3881 monent,
625 3797 804 3890 quomodo
835 3797 1003 3866 adversus
1027 3819 1087 3866 cos
1108 3820 1216 3865 even·
1265 3792 1512 3890 ephippiabos
1528 3799 1644 3889 piger,
1670 3809 1770 3888 optat
1782 3819 1882 3866 arare
1903 3794 2073 3867 caballus.
2124 3795 2253 3870 Monet

230 3915 287 3972 tus
302 3900 487 3972 muniendi
501 3899 573 3969 sint
589 3899 712 3969 animi.
761 3895 816 3968 lta
833 3891 919 3965 haec
938 3897 1113 3968 sententia
1131 3922 1214 3967 nar·
1265 3898 1392 3988 igitur,
1416 3923 1462 3968 ne
1483 3899 1585 3970 lracti
1606 3898 1757 3968 fastidiis
1780 3910 1913 3968 temere
1935 3898 2137 3968 deseramus
2158 3899 2254 3970 vitae

229 4002 320 4074 ratio
335 4016 387 4072 est
400 4004 444 4073 de
463 4014 612 4084 eventu,
639 3997 802 4068 videlicet
821 3998 866 4066 de
886 4001 1067 4070 communi
1088 4001 1215 4070 morbo
1265 4023 1397 4092 genus,
1413 3999 1465 4070 'ad
1491 4001 1587 4093 quod
1610 4014 1704 4071 recte
1721 4001 1835 4070 vocati
1854 4021 1989 4072 sumus.
2039 3997 2172 4070 Paulus
2192 4001 2255 4071 in·

230 4105 447 4187 multorum,
470 4101 533 4196 qui
555 4116 638 4190 snut
654 4099 915 4180 iracundiores,
941 4112 976 4170 et
998 4101 1117 4169 minus
1138 4102 1215 4192 pla·
1266 4103 1362 4197 quit:
1390 4101 1642 4195 Unusquisque
1657 4101 1697 4170 in
1710 4101 1913 4186 vocatione,
1936 4123 2006 4194 qua
2019 4114 2164 4171 vocatus
2187 4117 2254 4189 est,

230 4205 370 4275 cabiles.
420 4202 527 4273 Tales
542 4203 626 4274 irati
641 4197 838 4295 plerunque
860 4213 943 4270 sunt
958 4201 1021 4292 qui
1041 4216 1125 4272 suut
1141 4217 1216 4274 sto-
1266 4219 1407 4274 mancat
1419 4207 1513 4295 apud
1532 4194 1661 4274 Deum.
1811 4269 1813 4274 ,

230 4306 377 4376 lidiores
395 4319 432 4375 et
455 4304 710 4396 imperitiores,
734 4305 890 4395 quinon
912 4300 1137 4373 considerant
1158 4304 1215 4373 in·
1366 4303 1447 4376 Huc
1464 4304 1641 4396 pertinent
1653 4305 1764 4374 multa
1781 4315 1963 4394 praecepta
1984 4303 2114 4374 tradita
2128 4293 2251 4378 contra

108 4495 112 4502 ι
229 4401 429 4478 firmitatem
447 4400 702 4489 hominum,et
718 4427 793 4472 non
805 4404 1107 4492 cogitant,multa
1123 4405 1214 4475 alio·
1265 4406 1559 4490 inconstantiam,
1581 4405 1696 4500 qualis
1710 4418 1763 4474 est
1779 4406 1818 4474 in
1834 4408 1906 4474 vita
1922 4405 2135 4492 desultoria,
2160 4431 2252 4499 qnae

230 4533 313 4578 mam
326 4521 439 4578 errata
450 4506 585 4597 placide
602 4506 783 4588 toleranda
798 4517 832 4578 et
846 4507 1004 4575 sananda
1021 4529 1105 4576 esse.
1130 4503 1214 4576 ldeo
1265 4507 1417 4578 subinde
1443 4518 1555 4579 mutat
1582 4508 1764 4578 instituta:
1800 4505 1848 4578 Ut
1872 4505 1963 4597 lapis
1983 4529 2087 4597 saepe
2110 4509 2253 4578 voluta-
2321 4501 2323 4506 ’

231 4611 448 4682 dictumest:
467 4603 1215 4700 imperitonuuquamquicquamiuiustius
1265 4624 1322 4680 tus
1350 4631 1423 4677 non
1455 4609 1648 4680 obducitur
1676 4631 1817 4692 musco,
1851 4599 1960 4688 λίθος
1982 4602 2137 4680 κυλινδό
2172 4633 2252 4691 νος

194 4717 198 4726 “
231 4726 293 4784 cst.
332 4707 403 4780 Sed
422 4722 463 4778 ut
478 4708 516 4777 in
529 4708 605 4780 Deo
623 4709 756 4778 eminet
770 4707 929 4788 bonitas,
948 4720 983 4777 et
1000 4709 1126 4778 tolerat
1141 4710 1215 4800 ipse
1263 4705 1307 4781 τὸ
1322 4707 1500 4805 φῦκοςού
1517 4712 1625 4784 ποῖιι.
1651 4708 1758 4781 Item:
1774 4708 1899 4778 Planta
1911 4733 2002 4802 quse
2017 4733 2119 4802 saepe
2133 4723 2252 4780 trans-

231 4813 270 4880 in
294 4811 524 4905 suisquoque
542 4809 675 4881 multos
689 4811 850 4890 morbos,
877 4821 911 4878 et
928 4810 1114 4901 praecipit:
1141 4809 1215 4880 Re·
1264 4813 1396 4897 fertur,
1419 4836 1493 4882 non
1516 4814 1690 4885 coalescit.
1742 4810 1848 4881 ltem:
1882 4808 2099 4896 Sisasinus,
2124 4835 2252 4904 quem-

230 4914 360 4983 mittite
382 4927 415 4984 et
435 4912 634 4982 remittetur
653 4911 768 4982 vobis.
824 4907 875 4980 lta
906 4911 1081 5000 sapientes
1103 4911 1214 5002 magis
1264 4937 1404 5007 cunque
1429 4914 1570 4984 asinum
1594 4938 1669 4986 sors
1698 4935 1820 5003 aspera
1857 4912 1960 4996 fecit,
2007 4909 2082 5000 Qui
2111 4914 2252 5003 placide

226 5015 377 5086 flectunt
390 5013 527 5082 animos
543 5015 587 5083 ad
602 5013 816 5097 bonitatem,
840 5023 874 5081 et
888 5013 1043 5102 cogitant
1057 5015 1101 5083 de
1116 5038 1214 5082 com·-
1263 5015 1394 5084 sortem
1413 5015 1505 5086 ferre
1525 5017 1608 5102 scit,
1633 5017 1695 5086 ille
1715 5015 1819 5106 sapit.
1870 5014 1978 5083 Item:
2013 5011 2083 5081 Pro
2099 5014 2252 5104 eleganti

229 5116 332 5184 muni
354 5115 558 5187 infirmitate
576 5138 640 5186 sua
664 5114 849 5197 etalieua,
875 5125 1015 5185 etsunt
1039 5138 1213 5184 memores
1263 5113 1406 5188 Medico
1429 5116 1685 5191 malusPodta:
1719 5111 1805 5190 ἀντὶ
1822 5108 2017 5212 χαρίεντος
2036 5114 2169 5212 ἰατροῦ
2180 5142 2252 5192 κα·
2298 5187 2306 5196 ,

228 5215 342 5296 divini
372 5215 563 5307 praecepti:
601 5214 788 5289 Remittite
817 5227 853 5285 et
881 5214 1081 5288 remittetur
1101 5216 1211 5286 vobis.
1261 5211 1326 5297 ade
1345 5210 1506 5312 ποιητής.
