4620 5814
101 109 174 186 517
663 111 744 186 ΧΗ.
794 105 1187 186 ANNOTATIONES
1218 109 1269 180 IN
1302 105 1604 183 EVANGELlA.
2067 127 2142 202 518

201 281 258 358 De
281 285 413 357 talibus
434 284 591 357 cultibus
610 285 842 357 concionatur
859 281 1025 356 Ieremias
1042 279 1091 353 2:
1117 281 1121 355 l
1145 305 1220 352 non
1244 282 1412 372 intelligit
1433 276 1525 349 hanc
1540 283 1823 368 damnationem,
1850 289 1923 362 imo
1938 297 2020 389 quia
2037 295 2134 372 Pon-

98 386 198 458 llaec
229 401 281 458 cst
309 409 394 478 gens
423 411 513 481 quae
538 412 614 458 non
636 387 774 464 audivit
798 411 921 457 vocem
941 383 1092 456 Domini
1117 368 1120 401 ¹
1145 384 1272 464 tifices,
1306 383 1493 474 Episcopi,
1527 381 1750 468 Sacerdotes,
1785 387 1974 483 Monachi,
2007 398 2138 489 Reges,-

97 488 169 560 Dei
193 489 270 574 sui,
301 512 418 582 neque
440 491 573 580 recepit
597 489 974 579 disciplinam‚'periit
998 489 1094 572 fides,
1144 482 1329 576 Principes
1358 486 1523 556 tribuunt
1548 485 1617 555 sihi
1640 485 1783 559 titulum
1806 488 2000 571 Ecclesiae:
2035 503 2133 589 item,

98 605 135 662 et
158 592 278 662 ablata
298 604 350 660 est
374 591 418 660 de
441 614 503 661 ore
525 615 666 676 eorum,
692 590 945 662 dedicaverunt
959 589 1091 660 excelsa
1147 587 1228 680 quia
1247 588 1447 677 gloriantur
1461 583 1628 677 Episcopi
1644 590 1687 658 de
1704 593 1884 666 ordinaria
1901 607 2130 692 successione,

96 688 257 784 Tophet.
315 691 413 763 Dicit
433 693 558 762 sacella
584 692 712 782 passim
736 693 956 776 condidisse,
988 693 1091 762 insti·
1144 684 1209 758 hos
1233 704 1438 769 veneratur,
1465 702 1567 779 putat
1590 712 1663 760 esse
1678 716 1796 763 veram
1813 696 2022 790 Ecclesiam,
2048 733 2128 780 cum

95 795 211 866 tuisse
236 793 351 864 cultus
371 794 449 864 sine
470 797 638 865 mandato
655 793 743 877 Dei,
769 794 859 864 sicut
881 809 965 864 tunc
985 793 1091 864 etiam
1143 789 1188 861 sit
1208 791 1422 880 persecutrix
1440 786 1573 862 Christi
1591 805 1625 862 et
1641 793 1876 870 idololatrica.
1929 801 2025 893 Quid
2043 835 2129 880 con-

1 927 2 936 *
93 897 235 968 liberos
257 895 492 968 immolabant
513 911 547 967 et
565 895 832 968 interficiebant.
882 891 930 968 Ει
947 895 1037 965 sicut
1051 895 1091 963 in
1142 905 1196 962 tra
1211 887 1298 962 haec
1314 895 1502 963 dicendum
1519 893 1595 964 est?
1633 892 1794 966 Primum
1810 905 2024 980 conscientia
2043 935 2128 982 con-

1 991 2 1018 *
93 1000 237 1068 mundo
259 1011 406 1070 manent
427 997 495 1068 alia
517 1012 657 1090 peccata
681 995 802 1068 con'tra
825 999 1015 1068 secundam
1038 1009 1090 1065 ta·
1142 994 1313 1065 firmanda
1345 1009 1413 1079 est,
1455 1018 1501 1062 ne
1529 1017 1734 1068 moveamur
1765 1001 1888 1089 titulo,
1929 1015 2128 1101 autoritate,

1 1099 2 1112 ¹
94 1099 241 1184 hulam,
267 1099 316 1169 ita
337 1100 450 1170 multo
475 1100 585 1188 magis
607 1112 753 1169 manent
775 1100 942 1169 omnibus
964 1098 1089 1169 aetati·
1142 1097 1391 1186 multitudine,
1424 1109 1464 1166 ut
1493 1096 1575 1165 illos
1608 1112 1725 1168 coetus
1745 1099 2001 1198 Episcoporum
2025 1133 2127 1206 pute-

94 1203 187 1285 hus,
212 1201 379 1272 omnihus
404 1203 783 1293 temporibuspeccata
800 1216 921 1272 contra
938 1199 1089 1293 primam
1142 1220 1220 1267 mus
1250 1221 1323 1268 esse
1344 1195 1557 1278 Ecclesiam,
1593 1213 1654 1270 aut
1677 1217 1821 1294 propter
1844 1231 1902 1279 eos
1926 1215 2126 1290 deficiamus

93 1303 270 1396 tabulam.
329 1301 419 1372 Nam
440 1304 603 1374 diabolus
626 1305 776 1372 manime
800 1316 948 1372 conatur
973 1296 1089 1370 homi·
1142 1301 1299 1368 averho
1323 1297 1407 1388 Dei,
1444 1302 1504 1370 sed
1536 1301 1686 1371 sciamus
1708 1304 1813 1374 aliam
1837 1333 1910 1380 εεεε
1930 1311 2125 1392 Ecclesiam

1 1471 2 1474 ,
97 1427 164 1475 nes
180 1417 337 1475 avertere
352 1403 466 1489 aDeo,
490 1404 587 1474 salsis
605 1403 836 1496 opinionibus
853 1419 885 1476 et
903 1405 1068 1474 cultibus.
1113 1424 1259 1496 ‚veram
1282 1415 1502 1486 sanctorum,
1529 1401 1679 1494 scilicet,
1706 1407 1769 1499 qui
1793 1412 1940 1482 verbum
1959 1415 2026 1487 Dei
2049 1447 2125 1491 am.

203 1505 388 1599 synagoga
411 1520 568 1598 tempore
593 1503 725 1576 Christi
748 1530 822 1575 non
845 1501 996 1576 habebat
1019 1519 1089 1576 sta·
1140 1502 1363 1592 plectuntur,
1388 1515 1422 1572 et
1444 1516 1535 1574 recte
1558 1507 1696 1580 docent.
1746 1505 1864 1582 Huius
1887 1539 1988 1589 verae
2002 1517 2126 1594 Eccle-

96 1621 198 1692 tuss,
238 1621 410 1678 ettamen
434 1620 510 1678 erat
531 1607 770 1686 idololatrica,
806 1609 957 1697 negabat
981 1602 1089 1679 Chri·
1141 1604 1212 1672 siae
1234 1627 1298 1674 nos
1316 1606 1471 1675 membra
1487 1629 1560 1676 esse
1576 1607 1745 1689 sciamus,
1772 1612 1910 1685 etiamsi
1926 1641 2047 1693 sumus
2064 1629 2126 1696 ab·

97 1723 193 1780 stum
213 1732 286 1780 esse
300 1708 432 1780 Filium
450 1707 537 1791 Dei,
563 1723 596 1779 et
612 1709 698 1777 falsa
715 1709 841 1781 fidncia
857 1711 1017 1778 servabat
1034 1733 1088 1778 ce·
1141 1705 1222 1775 iecti
1244 1720 1338 1776 extra
1360 1707 1439 1775 illas
1456 1709 1741 1797 congregationes
1758 1711 1970 1790 Pontificum
1988 1740 2019 1796 et
2039 1723 2125 1820 Epi-

97 1812 299 1894 remonias,
332 1812 459 1899 partim
482 1810 629 1881 traditas
652 1811 689 1879 in
711 1811 804 1900 lege,
828 1811 958 1902 partim
986 1835 1089 1881 exco-
1112 1796 1115 1818 ⁵
1139 1830 1346 1899 scoporum,
1386 1809 1477 1879 sicut
1505 1804 1669 1880 Christus
1701 1813 1837 1908 inquit:
1878 1817 2032 1898 Eiicient
2064 1856 2127 1901 vos

98 1912 225 2000 gitatas
255 1913 301 1982 ab
330 1905 550 1983 hominibus.
610 1909 659 1981 Hi
691 1913 806 1980 cultus
837 1937 960 1982 eorum
990 1925 1090 1982 erant
1141 1923 1236 1979 extra
1259 1933 1464 2003 synagogas.
1515 1908 1670 1982 Difficile
1694 1929 1746 1986 est
1770 1921 1944 1993 sustinere
1965 1923 2125 2002 huncti-

101 2013 215 2093 idola,
239 2013 371 2108 quibus
386 2015 610 2084 confidebant
624 2014 828 2103 ignorantes
842 2011 1089 2102 Evangelium,
1139 2012 1274 2092 tulum,
1310 2016 1403 2103 quod
1430 2036 1503 2082 non
1525 2013 1635 2082 simus
1661 2020 1817 2088 membra
1840 2018 2038 2116 Ecclesiae,
2065 2039 2123 2104 sed

99 2109 285 2186 Christum
306 2129 341 2187 ct
355 2139 473 2186 veram
491 2116 772 2193 invocationem,
800 2140 889 2208 quae
906 2118 942 2184 fit
960 2115 1087 2185 fiducia
1139 2134 1360 2203 opponamus
1390 2109 1452 2182 has
1481 2115 1751 2187 consolationes.
1810 2119 1879 2194 Hic
1908 2128 1993 2201 dicit
2018 2132 2124 2205 Chri-

97 2216 362 2288 misericordiae
380 2219 570 2308 promissae
588 2233 733 2309 propter
748 2212 942 2290 Christum.
1139 2228 1232 2292 stus,
1260 2229 1497 2306 persecutores
1519 2239 1594 2284 non
1616 2240 1690 2288 esse
1711 2217 1915 2301 Ecclesiam.
1967 2228 2014 2302 Et
2030 2234 2126 2306 Pau.
2166 2313 2170 2321 ¹

202 2316 276 2389 lam
292 2315 360 2388 hoc
376 2334 534 2410 tempore
549 2322 663 2389 multo
680 2318 792 2388 maior
807 2333 858 2389 εει
875 2318 1088 2398 idololatria,
1138 2315 1194 2384 lus
1218 2316 1350 2408 inquit:
1378 2315 1416 2385 Si
1441 2317 1585 2405 angelus
1601 2320 1645 2386 de
1662 2322 1759 2391 coelo
1777 2324 1874 2398 aliud
1889 2325 2123 2424 Evangelinm

96 2417 262 2510 Papistae
275 2433 537 2513 persequuntur
549 2417 783 2510 Evangelium
802 2435 836 2492 et
850 2445 969 2490 vocem
984 2415 1088 2491 Chri·
1140 2420 1333 2509 praedicet,
1359 2412 1546 2487 anathema
1569 2421 1625 2490 sit
1678 2421 1745 2495 Hic
1761 2422 1892 2498 Paulus
1909 2439 2043 2526 egregie
2060 2465 2125 2512 nos

95 2523 151 2608 sti,
174 2519 494 2614 negantChristum
510 2546 583 2592 esse
598 2525 839 2609 mediatorem,
865 2524 1089 2592 ctfinxerunt
1138 2521 1358 2599 consolatur,
1384 2533 1418 2588 et
1442 2535 1580 2590 enarrat
1606 2517 1698 2593 hanc
1723 2541 1840 2598 vocem
1865 2529 2015 2612 Psalmi:
2042 2539 2124 2612 Non
2169 2537 2175 2544 '
2232 2613 2234 2620 Α

96 2625 165 2695 sihi
182 2647 265 2696 suos
279 2624 394 2696 cultus
410 2625 535 2714 falsos,
560 2622 727 2710 Missam,
754 2620 1006 2704 Monachatus,
1032 2647 1086 2693 sa·
1138 2644 1198 2690 ero
1221 2645 1357 2691 memor
1373 2646 1506 2690 eorum.
1558 2621 1648 2692 Cum
1666 2627 1759 2694 enim
1777 2648 1876 2703 vocat
1892 2636 2126 2730 anathemata,

96 2728 356 2811 tisiactioncm,
410 2727 673 2800 invocationem
715 2740 928 2800 sanctorum.
991 2724 1086 2796 llaec
1137 2721 1310 2811 significat
1332 2737 1570 2812 persecutores
1584 2719 1735 2811 Christi,
1763 2733 1909 2804 reiectos
1926 2752 1959 2811 et
1976 2745 2124 2815 damna-

97 2829 220 2898 omnia
242 2829 445 2918 praedicant
461 2851 535 2896 esse
549 2828 742 2912 iusticiam,
768 2829 891 2898 merita
909 2828 1084 2898 remissio·
1138 2840 1191 2895 tos
1207 2849 1280 2894 esse
1296 2846 1315 2893 a
1330 2823 1417 2894 Deo.
1468 2821 1564 2914 Ergo
1581 2850 1654 2896 non
1673 2843 1755 2900 sont
1770 2828 1938 2909 Ecclesia.

97 2928 154 3000 nis
187 2942 433 3018 peccatorum,
464 2942 500 2998 ει
529 2929 709 3020 applicant
736 2930 827 3004 aliis.
879 2928 979 2999 Haec
1004 2942 1088 2999 sunt
1239 2926 1404 2996 Secundo
1428 2928 1557 3004 discas,
1585 2954 1707 2999 omncs
1730 2957 1850 3004 eorum
1873 2942 2007 3031 cultus,
2034 2944 2125 3018 Mis-

97 3031 342 3112 idololatrica,
367 3032 449 3123 quia
467 3045 549 3100 sunt
564 3031 818 3101 contumeliosa
837 3032 875 3101 in
893 3027 1087 3116 Christum,
1138 3051 1210 3107 sas,
1245 3023 1501 3112 Monachatus,
1537 3024 1806 3126 satisfactiones,
1841 3043 1956 3114 cultus
1983 3065 2124 3122 sancto-

98 3135 205 3216 itcm,
229 3147 312 3202 sunt
337 3134 570 3223 receptasine
594 3128 794 3203 verboDei.
847 3132 933 3202 ltem
956 3131 1086 3203 fiducia
1138 3155 1235 3208 carm,
1261 3154 1334 3200 esse
1350 3133 1534 3200 damnatos
1551 3133 1683 3219 cultus,
1710 3151 1743 3206 ει
1758 3139 1956 3232 fugiendos.
2009 3158 2012 3167 '

98 3259 189 3328 quae
212 3233 290 3303 Deo
323 3235 489 3312 debetur,
520 3234 714 3303 collocatur
743 3234 778 3302 in
802 3229 865 3302 has
886 3258 950 3303 res.
1004 3233 1086 3303 ideo
1506 3313 1513 3331 .
1715 3319 1724 3335 ·
1774 3321 1782 3338 .
1994 3249 1999 3254 '

97 3334 185 3407 hacc
213 3358 295 3404 vere
316 3349 400 3406 sunt
421 3335 534 3419 idola,
564 3342 608 3404 de
631 3337 761 3429 quibus
786 3331 843 3406 hic
867 3338 967 3405 dicit:
1004 3336 1087 3406 Post
1348 3313 1428 3380 ΝΜ
1448 3311 1616 3402 'ilmim
1637 3337 1689 3382 ’Μ
1709 3341 1747 3384 ”¹
1768 3317 1914 3408 'nselm-

97 3435 185 3509 haec
210 3437 395 3521 festinant,
422 3437 622 3528 significans
644 3461 807 3526 magnam
831 3463 903 3508 esse
923 3438 1085 3508 multitu-
1124 3447 1126 3450 ’
1240 3435 1361 3506 Tertia
1391 3458 1471 3524 pars
1492 3434 1623 3505 Psalmi
1654 3453 1703 3510 est
1726 3451 1902 3521 enarratio
1928 3457 1972 3525 de
1995 3458 2126 3531 libera.

97 3543 241 3624 dinem,
280 3561 426 3628 magnos
456 3563 664 3621 concursus,
702 3563 868 3628 magnum
900 3554 933 3610 et
960 3543 1087 3608 ardens
1138 3540 1234 3609 tione
1273 3562 1313 3608 ex
1344 3549 1477 3622 morte,
1518 3552 1551 3607 et
1582 3545 1847 3623 resurrectione.
1916 3553 1997 3628 Non
2028 3563 2126 3637 dahis

98 3643 258 3713 studium
281 3641 473 3731 impiorum
499 3655 533 3710 et
553 3643 855 3712 idololatricorum
871 3644 1030 3712 cultuum
1048 3643 1086 3708 in
1138 3655 1296 3710 sanctum
1326 3651 1428 3708 tuum
1458 3640 1579 3710 videre
1605 3648 1886 3738 corruptionem,
1921 3659 1955 3728 id
1978 3679 2046 3752 εει,
2081 3693 2127 3738 ne

98 3749 256 3824 mundo,
293 3757 332 3812 ut
355 3766 450 3811 nunc
474 3743 578 3812 etiarn
605 3745 776 3812 videmus.
829 3741 1011 3832 Quantum
1036 3756 1087 3812 est
1138 3743 1280 3836 quidem
1310 3764 1392 3812 caro
1425 3766 1500 3812 mea
1534 3744 1726 3831 delebitur,
1760 3757 1820 3822 sed
1848 3767 2004 3833 ostendis
2035 3767 2123 3839 mihi

1 3911 2 3914 ,
99 3846 311 3928 Musarum,
347 3857 518 3937 quantum
542 3840 842 3930 Monachatuum‚
869 3870 971 3940 quam
1000 3845 1087 3912 varii
1139 3845 1213 3916 vias
1235 3845 1343 3929 vitae,
1370 3844 1493 3929 idest,
1522 3847 1695 3940 vivificas,
1723 3861 2125 3939 etresnscitasexmor-

98 3950 214 4017 cultus
239 3944 476 4017 Sanctorum?
516 3959 645 4036 quanta
677 3960 728 4015 est
756 3949 936 4017 veneratio
962 3947 1086 4022 tedium
1138 3961 1190 4031 te,
1217 3947 1323 4017 etiam
1346 3969 1483 4035 corpus.
1536 3947 1605 4017 Sed
1630 3944 1688 4018 hic
1708 3955 1752 4022 de
1771 3953 1912 4031 Christo
1939 3970 2126 4055 peculiari.

96 4074 236 4134 rerum,
278 4047 421 4140 quantis
443 4048 619 4117 sumtibus
637 4046 785 4132 Missae,
820 4050 1029 4120 monasteria
1054 4062 1087 4118 ct
1139 4063 1192 4118 ter
1207 4049 1337 4116 dicitur
1353 4048 1462 4116 illud:
1485 4045 1567 4116 Non
1584 4050 1712 4121 videbo
1727 4063 2002 4148 corruptionem.
2037 4071 2125 4146 Nam

95 4152 228 4241 templa
260 4164 430 4222 constant.
500 4150 542 4218 In
574 4172 730 4232 summa,
773 4149 934 4241 Papistae
967 4145 1089 4220 colunt
1139 4150 1358 4242 reliquorum
1381 4155 1581 4219 sanctorum
1604 4174 1769 4244 corpora,
1796 4164 2027 4242 etiamsinon
2053 4202 2127 4247 ma-

96 4253 213 4322 Deum
239 4274 341 4321 suum
361 4249 516 4319 Maozim
542 4275 629 4320 anro
652 4266 685 4323 et
709 4267 872 4342 argento,
902 4254 992 4322 sicut
1015 4250 1087 4321 Da·
1139 4266 1226 4321 nent
1247 4252 1285 4322 in
1311 4264 1476 4342 perpetua
1504 4253 1750 4343 corruptione,
1777 4267 1836 4331 sed
1857 4287 2003 4360 propter
2020 4273 2125 4350 Chri-

1 4383 2 4413 r
96 4353 319 4447 nielinquit.
372 4349 662 4445 Sequituraltera
681 4377 760 4442 pars
777 4357 820 4423 de
839 4379 962 4446 poena.
1025 4421 1028 4430 ,
1139 4367 1231 4424 ειιιιιι
1254 4354 1577 4436 resuscitabuntur,
1604 4369 1722 4428 tamen
1745 4365 1841 4452 prius
1856 4370 2074 4466 dissipantur
2090 4388 2127 4458 in

1139 4471 1267 4535 aerem,
1292 4454 1382 4524 sicut
1397 4453 1543 4523 dicitur:
1570 4451 1706 4528 Omnes
1724 4463 2003 4553 immutabimur.
2058 4483 2128 4558 Sed

1 4629 2 4642 χ
98 4555 172 4618 Nec
201 4547 363 4633 recipiam
391 4545 567 4614 libationes
596 4567 708 4614 eorum
738 4547 778 4612 dc
798 4551 973 4636 scopatae.
1016 4551 1090 4618 Nec
1140 4554 1275 4628 Christi
1289 4581 1389 4641 caro,
1416 4556 1553 4626 etiamsi
1566 4560 1604 4628 in
1619 4566 1780 4652 sepulcro
1795 4573 1985 4666 quieverit,
2010 4598 2127 4659 tamen

211 4653 337 4698 memor
359 4652 415 4698 ero
436 4631 606 4698 nominum
630 4654 742 4735 corum
764 4631 864 4700 loliis
885 4636 977 4702 meis.
1139 4683 1213 4730 „on
1238 4660 1352 4751 potuit
1374 4661 1574 4750 eorrumpi,
1607 4665 1689 4754 qula
1716 4691 1760 4737 ne
1784 4671 1821 4740 iu
1847 4695 1961 4752 morte
1985 4689 2127 4778 quidem

202 4757 301 4828 Haec
331 4771 383 4826 est
410 4753 596 4826 horribilis
621 4759 765 4829 reiectio
788 4759 948 4828 omnium
971 4761 1088 4828 idolo·
1139 4763 1259 4832 divina
1276 4775 1401 4831 natura
1416 4784 1436 4829 a
1452 4785 1599 4851 corpore
1613 4765 1688 4833 eius
1703 4768 1872 4860 discessit,
1899 4808 2008 4874 quare
2022 4813 2129 4878 opor.

1 4921 2 4926 ,
97 4867 271 4935 latrorum
310 4859 597 4952 persequentium
634 4855 835 4944 Christum,
884 4862 1089 4955 quicunque
1139 4865 1208 4935 tuit
1224 4862 1339 4932 statim
1358 4864 1622 4955 incorruptum,
1647 4889 1706 4936 seu
1721 4869 1897 4965 integrum
1915 4893 2127 4984 resuscitari,

98 4980 200 5048 rum,
229 4961 349 5044 ludaei
369 4974 429 5030 arrt
445 4959 617 5050 Papistae.
670 4963 802 5051 Aperte
821 4977 924 5052 negat
942 4986 1002 5031 eos
1016 4987 1090 5033 esse
1138 4981 1180 5036 ut
1203 4965 1428 5035 revivisceret
1452 4979 1563 5050 totus,
1598 4969 2127 5088 etiam·cumcorporc,q110d

98 5065 294 5138 Ecclesiam
311 5063 399 5144 Dei,
424 5077 529 5150 negat
549 5087 608 5132 eos
623 5060 754 5134 habere
770 5065 960 5148 sacrificia,
986 5079 1089 5154 negat
1139 5080 1257 5137 tamen
1279 5067 1452 5136 transfodi
1476 5069 1513 5136 in
1531 5092 1652 5149 cruce,
1680 5087 1715 5143 ct
1732 5081 1907 5172 expirare,
1935 5113 1973 5157 ac
1990 5105 2132 5184 sepeliri

96 5166 262 5244 Christus
285 5187 322 5234 se
344 5151 434 5234 velle
452 5189 517 5255 pro
534 5164 606 5233 illis
623 5190 742 5249 orare,
767 5167 883 5237 reiicit
899 5170 1089 5238 eldamnat
1139 5169 1316 5258 oportuit,
1342 5183 1382 5239 ut
1405 5169 1553 5240 sciretur
1577 5192 1658 5240 vere
1679 5193 1872 5256 mortuum.
1925 5189 1984 5264 Sic
2005 5197 2132 5277 Petrus
2239 5258 2242 5267 ι

95 5287 211 5343 rorum
245 5267 334 5338 illud
365 5289 489 5357 agmen
522 5265 805 5354 idololatricum,
841 5273 900 5340 scd
933 5271 1088 5386 mundus
1110 5312 1113 5338 ι
1139 5267 1521 5441 hoecverbaenarssrgt:
1548 5269 1663 5361 Quem
1676 5273 1979 5381 Deussuscitavit,
2006 5306 2133 5381 solun,
