4616 5818
43 209 104 286 206
566 200 649 278 Xll.
688 194 1084 276 ANNOTATlONES
1113 195 1163 270 ΙΝ
1187 191 1487 271 EVANGELIA.

151 394 328 448 troandus
351 393 469 457 loona,
500 372 547 436 do
574 369 877 437 consolatione.

1861 177 1865 198 '
1977 189 2056 264 eoo

1162 367 1347 438 Discamus
1362 367 1469 456 igitur
1479 366 1516 434 in
1529 363 1754 433 invocatione
1765 374 1958 456 utrunque,
1976 385 2052 432 non

125 499 211 570 cum
227 499 451 570 difficulate,
465 496 623 584 coniugii
638 495 711 566 ,pm
725 517 860 585 poen„
876 493 1009 585 peccati
1062 469 1266 559 defatigari,
1292 468 1428 540 scilicet
1449 492 1529 538 cum
1548 467 1712 539 differtur
1727 465 1916 548 auxilinm,
1942 480 1976 534 et
1992 488 2052 533 ex-

44 604 185 694 originis‚
210 616 243 670 et
268 601 308 670 in
333 595 388 668 bis
414 598 580 668 diabolus
601 609 754 668 exerceat
779 596 1008 666 suamsaevi-
1062 588 1199 662 [ΜΗηε
1230 596 1269 641 ³⁰
1299 584 1417 662 i)ciere
1444 569 1635 654 auxilium,
1671 567 1753 659 ‘1⁸5³
1779 563 1873 636 ΒΘΗ*
1903 565 2052 659 “¹1⁰5‘st

44 707 128 789 fiam,
157 703 305 774 sciamus
328 715 446 772 tamen
467 698 584 769 Deum
607 724 682 768 „on
705 699 908 790 permittere
930 697 1007 768 dp„
1060 687 1259 791 utrunque,
1293 673 1531 744 obedientiam
1563 671 1601 738 in
1630 669 1903 749 afflictionibus,
1937 683 1970 738 et
1992 668 2050 736 in-

42 807 127 891 bolo,
160 819 197 876 ut
227 804 488 874 ordinationem
520 801 679 871 divinam
708 823 853 891 prorsus
882 800 1007 883 deleat,
1061 791 1294 853 V⁰⁰³¹¹⁰¹¹⁸¹¹b

43 910 116 978 sicut
143 921 297 979 meatur.
362 905 475 974 Adest
495 903 605 990 igitur
625 902 738 987 Dens,
769 915 804 971 et
823 915 1007 972 conservat

43 1009 241 1098 coniugium,
266 1019 301 1078 et
322 1020 362 1077 ut
384 1019 539 1078 caeterae
561 1006 769 1076 afflictiones
786 1005 825 1072 in
841 1005 931 1084 vita,
958 1003 1005 1072 ita

43 1112 171 1181 maxime
188 1109 390 1200 coniugium
410 1109 448 1179 lit
466 1109 533 1199 piis
548 1105 668 1178 schola
686 1107 899 1182 exercendae
916 1105 1007 1189 fidei,

43 1318 87 1383 nis
98 1337 170 1400 erga
186 1327 341 1384 caeteros
357 1308 532 1390 homines,
551 1325 584 1382 et
598 1335 677 1402 erga
695 1308 875 1401 Rempub.
913 1307 1005 1398 Quia

44 1416 223 1504 coniugium
252 1415 412 1506 implicat
443 1409 608 1484 homines
637 1413 811 1502 negociis,
843 1425 1007 1501 parentes

44 1519 170 1608 cupiunt
198 1520 338 1586 tradere
367 1517 515 1609 posteris
545 1513 737 1584 Ecclesiam
768 1530 802 1585 et
826 1512 1004 1603 Rempnb.

45 1618 112 1688 ldeo
131 1620 239 1688 multo
262 1620 374 1708 magis
395 1618 599 1688 afficiuntur
615 1641 698 1688 cura
714 1613 870 1709 Reipub.
886 1633 920 1686 et
936 1613 1007 1686 Ec-

46 1721 146 1790 clesiae
170 1745 275 1814 quam
298 1721 443 1802 caeteri,
477 1719 540 1813 qui
563 1743 627 1790 nec
649 1721 797 1803 liberos,
831 1743 896 1788 nec
920 1741 1006 1786 con-

46 1822 124 1910 iuges
143 1817 293 1907 babent,
318 1823 389 1893 nisi
411 1823 484 1892 sint
505 1821 635 1891 summi
660 1822 748 1904 viri,
773 1835 813 1892 ut
833 1817 1008 1900 Christus,

47 1921 139 2008 Elias,
168 1922 313 1994 Paulus.
373 1921 420 1993 Et
450 1936 502 1994 est
527 1924 638 2014 pietas
661 1923 877 2014 intelligere,
911 1923 1005 2013 quod

47 2020 124 2093 Deus
143 2027 187 2095 ita
212 2025 413 2120 devinxerit
434 2024 584 2094 interae
607 2021 787 2111 bomines,
814 2040 854 2094 nt
877 2020 1007 2093 babea-

49 2147 110 2194 mus
122 2128 298 2198 materiam
315 2127 529 2197 exercendae
544 2127 625 2198 fidei
643 2141 677 2197 et
694 2127 908 2200 dilectionis.

131 2258 210 2333 item
234 2263 315 2355 pios
332 2283 420 2354 opus
435 2261 550 2354 ipsum
568 2262 827 2350 generationis,
853 2264 898 2331 de
913 2283 1008 2329 crea-

49 2362 124 2432 tione
144 2367 331 2448 admonet,
355 2377 390 2434 et
412 2366 456 2432 de
472 2365 667 2454 praesentia
684 2361 770 2448 Dei,
796 2363 1009 2432 mirabiliter

49 2463 374 2550 iormautisioetum,
400 2465 636 2557 impertientis
654 2465 772 2538 vitam.
827 2464 932 2547 item,
958 2477 1010 2534 est

51 2564 204 2652 immanis,
238 2569 303 2662 qui
330 2591 405 2638 non
434 2567 510 2638 vult
538 2567 684 2638 alteram
714 2581 848 2660 partem
871 2566 1009 2656 generis

50 2659 170 2738 bomani
185 2692 406 2741 conservare.

129 2785 190 2857 His
211 2789 324 2878 igitur
346 2787 408 2882 qui
428 2787 485 2879 pie
507 2789 544 2857 in
568 2787 796 2861 matrimonio
815 2802 1010 2872 versantur,

5 2901 6 2908 ¹
52 2879 96 2955 hic
118 2891 333 2980 promittitur
360 2890 575 2976 consolatio,
608 2917 687 2962 cum
711 2887 876 2960 Christus
900 2893 1010 2960 donat

52 2987 151 3058 vinum
169 3015 320 3084 sponso,
345 2992 383 3060 id
406 3005 475 3072 est,
502 3005 577 3064 toto
598 3007 757 3085 tempore
773 2993 930 3084 coniugii
946 2995 1011 3061 ad·

53 3087 126 3158 iuvat
153 3117 227 3176 eos,
263 3093 412 3186 depellit
438 3093 640 3178 diabolum,
670 3118 692 3164 a
722 3119 793 3188 quo
823 3095 1011 3187 praecipue

53 3208 195 3280 augentur
209 3219 403 3266 aerrrmnae
416 3194 629 3286 coniugales.

132 3309 373 3404 Proponamus
411 3314 521 3402 igitur
557 3315 663 3385 nobis
701 3315 943 3386 necessitatem
977 3327 1012 3384 et

55 3413 229 3486 mandatum
247 3413 315 3486 Dei
340 3417 385 3484 de
402 3415 578 3504 coniugio.
633 3415 737 3502 item,
765 3417 1011 3487 comminatio-

55 3531 100 3584 nae
117 3515 155 3596 de
176 3516 304 3609 poenis
324 3517 538 3599 libidinum,
565 3514 769 3608 Cogitemus
792 3533 826 3589 et
850 3519 1011 3588 consola·

56 3611 144 3684 tiones
155 3619 366 3710 coniugibus
382 3620 599 3711 propositas,
624 3626 718 3712 qnod
734 3621 831 3692 Deus
847 3623 1011 3690 defendat

57 3731 131 3784 suam
150 3719 433 3805 ordinationem,
458 3723 553 3814 qnod
572 3718 737 3792 Christus
759 3723 913 3814 depellat
935 3724 1012 3791 dia-

57 3811 167 3904 bolum,
191 3825 290 3915 quod
311 3823 396 3892 velit
417 3823 621 3912 coniugium
646 3849 718 3894 esse
740 3821 897 3895 scholam
913 3847 1012 3894 exer·

58 3921 159 3990 tendas
171 3925 271 4010 fidei,
296 3925 533 3995 invocationis
548 3939 583 3996 et
599 3925 810 3998 dilectionis.
874 4010 876 4014 .

240 4137 405 4209 rectius,
435 4123 483 4185 de
511 4125 797 4188 inuocatione.

77 4334 83 4349 1
135 4235 174 4310 ln
187 4242 366 4334 periculis,
393 4238 549 4314 humano
564 4245 690 4316 affectu
706 4246 776 4316 cito
791 4245 935 4316 liberari
953 4271 1014 4316 cu-

59 4355 169 4427 pimus,
189 4349 246 4412 sed
266 4346 445 4443 interdum
463 4345 628 4416 differtur
641 4349 831 4426 auxilium,
857 4362 897 4419 ut
914 4350 1012 4440 quasi

59 4441 151 4510 reiecti
171 4446 374 4533 videamur,
399 4447 450 4516 ibi
472 4447 647 4518 diseamus
668 4473 741 4518 non
766 4449 913 4519 delicere
935 4451 1015 4534 fide,

60 4539 139 4610 etiam
167 4571 242 4616 cum
273 4571 349 4615 non
379 4549 497 4644 statim
519 4551 745 4630 exaudimur,
778 4550 869 4621 sient
894 4567 1015 4623 monet

61 4633 193 4716 Christus
213 4648 250 4716 in
266 4645 442 4720 Parabola
466 4652 511 4720 de
534 4651 651 4723 iudice
676 4655 776 4721 tarde
799 4652 1014 4724 vindicante.

60 4730 126 4853 Eius
138 4750 182 4815 rei
198 4744 255 4819 hic
270 4751 450 4844 proposita
467 4765 518 4822 est
531 4753 661 4844 imago,
688 4750 804 4823 Maria
818 4754 904 4844 petit
913 4769 1015 4824 anto-

61 4855 138 4914 ntate
163 4864 335 4920 materna:
373 4866 414 4923 ut
437 4854 532 4923 filius
552 4855 676 4926 vinum
702 4854 847 4940 efficiat,
871 4857 933 4928 sed
955 4855 1016 4926 ills

19 5001 20 5004 ,
63 4943 149 5017 reiicit
178 4965 342 5040 matrem,
378 4953 542 5026 videlicet
570 4953 766 5027 admonens
794 4981 889 5041 eam,
928 4952 1015 5028 hece

20 5091 22 5162 p
65 5054 196 5121 mandata
217 5076 291 5123 non
312 5056 490 5147 pertinere
505 5058 549 5127 ad
567 5072 763 5128 maternum
781 5059 956 5144 officium,
982 5073 1015 5130 et

20 5173 22 5211 ι
65 5161 91 5210 te
108 5172 169 5220 aon
190 5155 278 5224 velle
300 5182 342 5227 ea
366 5181 455 5252 quae
474 5161 519 5228 ad
541 5159 652 5251 ipsius
667 5161 888 5233 vocationem
905 5163 1014 5252 perti-

21 5285 24 5400 p
66 5262 147 5334 ssent,
183 5258 385 5379 gubernari·
403 5259 589 5333 affectibus
616 5255 799 5333 humanis:
833 5277 867 5336 et
895 5278 1013 5346 tamen

66 5358 247 5432 macetum
262 5363 356 5456 quod
376 5362 436 5432 alla
454 5363 636 5456 petiverat.

1259 961 1414 1022 Quartus
1445 960 1560 1011 locos.
1603 939 1847 1020 Allegorio.

1160 1063 1304 1136 Pictura
1324 1079 1375 1136 est
1391 1061 1590 1148 Ecclesiae,
1616 1087 1705 1157 qnae
1722 1060 1876 1132 celebrat
1892 1061 2051 1152 nuptiale

43 1213 272 1293 invocationis,
303 1211 553 1300 confessionis,
578 1207 1005 1292 obedientiae,.dilectio-
1059 1167 1281 1286 cf'nVivjum’
1307 1193 1388 1237 ⁰⁰¹⁰
1412 1169 1516 1286 ‘¹9⁰²‘
1538 1180 1572 1237 ‘³‘
1595 1165 1781 1284 mistim
1802 1158 2050 1281 Ev³¹fg⁰li¹¹ff¹⁸

1032 1285 1035 1346 Ι
1059 1267 1105 1336 lot
1129 1293 1211 1360 quaa
1237 1271 1407 1339 accedunt
1433 1281 1592 1358 angentes
1613 1267 1821 1336 afflictiones
1841 1280 1875 1336 et
1892 1281 2049 1354 angentia

1061 1371 1236 1459 pericula,
1262 1372 1437 1440 videntur
1446 1369 1575 1458 negligi
1594 1391 1775 1459 asponso,
1801 1367 1873 1437 imo
1888 1367 1963 1457 ipsa
1979 1363 2049 1435 Ec-

1060 1471 1164 1541 clesia
1194 1497 1273 1542 cum
1300 1472 1443 1541 invocat
1469 1471 1611 1542 videtur
1631 1470 1758 1542 reiecta
1782 1490 1871 1552 esse,
1908 1469 2050 1538 videtur

1060 1598 1133 1642 non
1161 1573 1335 1645 exaudita.
1388 1572 1459 1644 Sed
1482 1587 1599 1642 tamen
1626 1573 1830 1657 exauditur,
1856 1587 1891 1644 et
1908 1573 2048 1641 tandem

1060 1679 1215 1746 donatur
1229 1677 1404 1770 optimum
1423 1677 1558 1749 vinum.

1192 1907 1411 1992 nomana
1435 1908 1511 1992 ιιι.
1542 1912 1639 2014 poss
1661 1885 1915 2012 optphinia

1331 2051 1567 2144 Evangelium
1599 2050 1725 2124 Mmh.
1741 2054 1776 2127 8.

1112 2198 1205 2278 Cum
1234 2213 1355 2277 autem
1387 2199 1625 2278 descendisset
1656 2199 1698 2273 de
1728 2213 1867 2287 monte,
1908 2211 2050 2272 secutae

1161 2317 1248 2378 sunt
1271 2333 1349 2380 eum
1373 2306 1502 2380 turbae
1523 2306 1674 2377 multoe.
1728 2302 1781 2374 Et
1800 2329 1871 2375 ecce
1886 2303 2051 2401 leprosus

1164 2411 1325 2493 veniens,
1360 2407 1547 2483 odorabat
1571 2433 1668 2488 eurn,
1704 2403 1843 2478 dicens:
1874 2403 2049 2486 Domine,

1163 2511 1200 2582 si
1222 2514 1296 2596 vis,
1327 2524 1428 2609 potes
1450 2536 1506 2582 rne
1527 2505 1720 2584 mundare.
1773 2507 1829 2578 Et
1853 2502 2049 2580 extendens

1162 2640 1316 2686 monum
1340 2612 1464 2701 Iesus,
1497 2611 1614 2707 teligit
1639 2637 1737 2694 eum,
1772 2608 1910 2681 dicens:
1940 2607 2051 2694 Volo,

1164 2713 1440 2789 niundusesto.
1485 2713 1538 2784 Et
1571 2713 1762 2814 confestim
1791 2722 1843 2782 est
1867 2706 2050 2782 mundato

1164 2816 1268 2916 lepra
1286 2819 1376 2894 eius.
1427 2815 1482 2886 Et
1496 2817 1551 2888 uit
1566 2813 1628 2886 tto
1645 2811 1768 2888 Iesus:
1800 2809 1897 2888 Vide
1912 2812 2053 2883 nemini

1165 2915 1325 3008 dixeris,
1350 2915 1417 2990 sed
1436 2914 1546 3006 code,
1572 2913 1718 2989 ostende
1741 2925 1773 2989 te
1796 2913 2052 3015 ipsum'socer-

1167 3018 1261 3104 doti,
1289 3031 1321 3092 et
1339 3016 1432 3122 offer
1446 3046 1580 3092 munus
1597 3015 1700 3126 puod
1710 3015 1888 3121 praecipit
1905 3011 2051 3101 Moses,

1164 3121 1203 3193 in
1222 3123 1467 3195 testimonium
1488 3121 1581 3198 illis.

1114 3218 1209 3298 Cum
1232 3236 1352 3297 aulem
1376 3225 1561 3296 introisset
1584 3220 1690 3294 Iesus
1706 3211 1963 3319 Capaneum,
1989 3245 2051 3292 nc-

1167 3327 1271 3400 cessit
1291 3324 1348 3399 ad
1363 3352 1441 3397 eum
1457 3321 1651 3406 Centurio,
1678 3349 1817 3419 rogans
1838 3349 1916 3395 eum
1940 3333 1971 3393 et
1990 3320 2050 3394 di-

1167 3455 1265 3501 cens:
1298 3427 1484 3518 Domine,
1515 3451 1606 3526 puer
1635 3451 1735 3497 meus
1766 3425 1857 3496 iocet
1884 3426 1923 3496 in
1944 3422 2051 3496 domo

1163 3529 1416 3630 paralyticus,
1443 3539 1474 3600 et
1495 3528 1659 3624 graviter
1678 3537 1874 3628 torquetur.
1926 3523 1980 3602 Et
1996 3526 2052 3600 nil

1167 3631 1293 3706 lesus:
1321 3630 1410 3730 Ego
1428 3631 1569 3702 venium
1585 3639 1616 3700 et
1633 3629 1768 3700 curabo
1783 3653 1875 3704 eum.
1926 3627 1981 3702 Et
1998 3655 2052 3700 re-

1165 3731 1349 3834 spondens
1377 3730 1569 3821 Centurio,
1608 3732 1679 3808 ait:
1720 3730 1937 3818 Domine,
1977 3755 2051 3802 non

1166 3863 1248 3910 sum
1276 3833 1431 3933 dignus,
1466 3844 1504 3906 ut
1536 3835 1648 3906 intres
1677 3835 1745 3906 sub
1774 3843 1901 3906 tectum
1923 3859 2052 3918 meum,
2119 3885 2122 3892 .

1166 3936 1234 4014 sed
1254 3949 1400 4009 tantiam
1427 3935 1485 4009 dic
1511 3937 1674 4024 verbum,
1701 3948 1732 4008 et
1747 3935 1949 4008 sonabitur
1961 3958 2053 4032 puer

1169 4065 1289 4127 meus,
1315 4037 1420 4114 Nom
1444 4050 1476 4109 et
1493 4064 1557 4134 ego
1570 4033 1681 4110 bomo
1692 4063 1774 4110 sum
1790 4038 1859 4109 sub
1874 4045 2052 4135 potestate

1117 4201 1121 4212 .
1169 4142 1404 4226 constitutus,
1431 4137 1572 4212 babens
1587 4139 1656 4211 sub
1672 4165 1727 4211 me
1741 4137 1895 4223 milites,
1922 4148 1954 4211 et
1971 4135 2053 4210 dico

1130 4245 1133 4250 ’
1168 4239 1266 4337 huic,
1291 4240 1391 4336 code,
1415 4254 1446 4314 et
1462 4240 1574 4328 cadit,
1596 4252 1627 4312 et
1641 4239 1765 4328 alteri,
1778 4243 1877 4327 beni,
1898 4252 1929 4314 et
1946 4242 2051 4322 venit,

1169 4356 1201 4418 el
1225 4370 1327 4418 servo
1350 4371 1445 4429 meo,
1463 4346 1536 4447 sac
1551 4341 1635 4432 hoo,
1665 4352 1696 4414 et
1706 4343 1819 4444 socil.
1886 4339 2052 4416 Audiens

1170 4458 1291 4520 aulem
1307 4445 1414 4520 Iesus
1428 4449 1587 4519 miratus
1601 4455 1673 4541 est,
1699 4458 1730 4517 et
1745 4445 1976 4551 sequentibus
1993 4441 2053 4516 di-

1167 4550 1244 4624 xil:
1276 4547 1391 4622 Arnen
1417 4545 1497 4621 dico
1522 4548 1642 4640 vobis,
1668 4574 1742 4620 non
1764 4547 1888 4620 inveni
1909 4557 2051 4620 tantam

1162 4649 1275 4746 fidem
1299 4653 1338 4723 in
1354 4649 1496 4729 Israel,
1546 4647 1646 4722 Dico
1666 4659 1787 4722 aulem
1808 4649 1927 4734 vobis,
1953 4645 2056 4749 puod

1169 4753 1283 4828 multi
1307 4748 1531 4827 oboriente
1555 4763 1587 4824 et
1611 4747 1803 4824 Occidente
1827 4753 1981 4838 venient,
2019 4760 2051 4820 et

1169 4855 1372 4928 recumbent
1394 4882 1473 4927 cum
1489 4849 1684 4928 Abrohom
1707 4864 1739 4927 et
1754 4851 1869 4928 [socc
1891 4863 1922 4925 et
1935 4849 1963 4922 Ι
1961 4851 2051 4923 acob

1168 4957 1210 5030 in
1227 4983 1338 5054 regno
1353 4956 1545 5042 coelorum,
1557 4953 1775 5050 filiioulem
1793 4955 1899 5051 regni
1909 4953 2053 5025 eiicien-

1171 5069 1232 5131 tur
1254 5063 1293 5131 r'n
1313 5059 1478 5132 tenebras
1493 5058 1704 5142 exteriores,
1732 5058 1785 5130 ibi
1798 5061 1865 5130 erit
1878 5051 2052 5156 ploratus

1171 5171 1203 5232 et
1226 5159 1367 5234 stridor
1389 5159 1561 5234 dentium.
1624 5159 1679 5232 Et
1703 5155 1805 5232 dixit
1823 5155 1931 5232 Iesus
1955 5149 2050 5230 Cen-

1168 5265 1324 5335 turionr':
1357 5260 1482 5346 Vade,
1510 5272 1542 5335 el
1556 5257 1864 5348 sicutcredidisli,
1878 5257 1957 5354 fiat
1972 5260 2051 5338 cibi.

1170 5363 1225 5440 Et
1242 5373 1400 5440 sanatus
1415 5374 1467 5435 est
1476 5390 1569 5470 puer
1582 5367 1658 5437 eius
1675 5364 1715 5436 in
1731 5359 1803 5435 illo
1816 5357 1924 5442 bora.
