4616 5818
222 190 298 268 283

222 375 358 434 mentes
374 357 411 426 in
429 350 610 443 agnitione
625 365 727 414 verae
749 341 962 422 doctrinae„
974 349 1018 416 ¹et
1044 335 1211 406 accendat

225 485 350 536 verum
372 461 554 535 timorem,
595 469 712 518 veram
744 443 993 524 dilectionem,
1025 431 1211 530 prohibeat

227 564 409 638 audaciam
432 552 588 644 fingendi
611 548 797 640 opiniones
827 545 903 613 siue
926 543 1034 613 verbo
1058 538 1127 610 Dei
1147 549 1210 606 etc.

229 669 329 740 Sicut
351 661 464 734 David
489 669 585 737 orat,
615 650 778 741 spiritum
805 659 958 727 rectum,
991 643 1120 725 idest,
1151 638 1213 707 fir-

230 793 347 852 mum,
373 764 504 832 innova
520 761 558 825 in
576 751 767 824 visceribus
782 747 881 821 meis.

584 931 850 987 Datertlo.

337 1044 535 1140 Aliquoties
566 1038 712 1131 repetita
742 1049 792 1106 est
817 1032 990 1104 sententia
1012 1055 1033 1101 a
1055 1027 1214 1103 Christo:

235 1155 389 1251 Spiritus
403 1160 543 1219 sanctus
559 1139 802 1215 testificabitur
817 1137 860 1206 de
876 1159 943 1204 me.
987 1131 1065 1204 Hoc
1080 1134 1214 1202 dictum

234 1254 401 1330 describit
419 1249 534 1320 officia
551 1247 620 1314 iam
636 1242 797 1324 recitata,
830 1259 968 1329 semper
991 1249 1107 1306 autem
1128 1257 1215 1302 con-

145 1383 151 1396 ·
217 1341 402 1448 ¹iungatur
417 1350 546 1441 duplex
562 1341 777 1422 testificatio,
804 1339 955 1410 exterior
971 1361 1034 1430 per
1055 1336 1215 1406 ministe-

235 1463 350 1538 rium,
366 1469 400 1525 et
417 1449 567 1523 interior
581 1449 618 1516 in
636 1445 752 1514 corde.
796 1440 955 1534 Utraque
970 1454 1023 1509 cst
1036 1435 1216 1534 opusSpi-

235 1567 326 1634 ritus
339 1556 470 1638 sancti,
505 1552 595 1621 etde
612 1563 760 1640 utraque
775 1543 921 1614 dicitur:
954 1542 1089 1631 Arguat
1112 1561 1216 1607 mun-

236 1669 321 1736 dum
340 1663 385 1730 de
400 1667 551 1749 peccato.

339 1795 468 1886 Argnit
483 1804 599 1862 autem
614 1786 653 1855 in
676 1783 873 1854 ministerio
896 1781 1056 1873 publice,
1089 1792 1123 1850 et
1144 1776 1217 1872 pri-

237 1901 347 1972 vatim
365 1900 402 1966 in
420 1892 640 1983 singulorum
655 1888 832 1960 cordibus.
861 1883 947 1954 ltem
961 1886 1005 1952 de
1020 1882 1217 1952 ministerio

238 2004 386 2075 dicitur:
413 1992 600 2076 As'cendi‘t,
632 1989 730 2060 dedit
753 1991 846 2058 dona
870 1981 1098 2066 hominibus,
1129 1980 1218 2052 Pro-

237 2102 380 2196 phetas,
405 2094 617 2189 Apostolos,
650 2089 831 2179 Pastores,
864 2085 1046 2157 Doctores.
1105 2081 1217 2154 Porro

238 2204 297 2277 hic
313 2204 442 2272 multae
458 2195 626 2267 fanaticae
641 2192 828 2284 opiniones
853 2191 1060 2259 refutantur.
1114 2184 1217 2256 Ana-

239 2306 412 2400 baptistae
429 2295 663 2370 ministerium
681 2290 888 2380 Evangelii,
904 2313 1023 2359 vocem
1038 2300 1073 2357 et
1087 2289 1218 2357 doctri-

239 2434 322 2480 nam
338 2423 480 2500 prorsus
495 2398 685 2479 abiiciunt,
709 2394 848 2482 firrgunt
869 2404 986 2459 motus
1010 2389 1220 2477 spirituales,

240 2513 318 2582 sine
331 2523 365 2577 et
381 2518 476 2575 extra
493 2497 739 2588 Evangelium.
783 2492 994 2561 Defensores
1008 2490 1218 2559 viciosorum

241 2613 400 2684 cultuum
420 2600 717 2681 monasticorum,
749 2592 984 2665 invocationis
1007 2605 1221 2670 sanctourm,

242 2717 372 2784 abusus
391 2729 519 2778 coenae
535 2700 701 2780 Domini,
727 2699 865 2786 fingunt
881 2696 996 2766 cultus
1012 2694 1089 2763 sine
1112 2693 1221 2762 verbo

241 2815 329 2898 Dei,
354 2826 388 2882 et
401 2811 554 2898 allegant
569 2802 742 2895 Spiritum
759 2813 938 2884 sanctum,
966 2799 1027 2890 qui
1048 2789 1135 2865 haec
1158 2819 1222 2888 ap·

239 2912 447 3010 probaverit
461 2921 522 2980 aut
535 2901 794 2974 monstraverit.

345 3048 411 3118 Itis
426 3041 604 3114 erroribus
619 3037 785 3108 omnibus
806 3033 1060 3128 opponendum
1081 3044 1131 3102 cst
1154 3026 1222 3100 hoc

244 3155 391 3226 dictum.
447 3143 600 3236 Spiritus
628 3154 766 3210 sanctus
794 3138 838 3205 de
860 3134 1003 3207 Christo
1027 3133 1223 3212 testabitur,

243 3259 281 3326 id
305 3266 374 3335 est,
405 3246 546 3317 sonabit
565 3265 685 3312 vocem
710 3263 729 3308 a
754 3233 896 3310 Christo
923 3237 1108 3320 traditam,
1133 3235 1224 3304 sicut

243 3353 406 3429 Christus
422 3347 556 3442 inquit:
592 3344 656 3414 llle
679 3341 815 3430 rediget
833 3340 935 3410 vobis
956 3339 995 3407 in
1018 3337 1223 3409 memoriam

246 3485 285 3528 ea
301 3479 390 3551 quae
406 3452 490 3520 dixi.
541 3445 649 3518 Item:
677 3441 832 3534 Spiritus
851 3454 992 3511 sanctus
1014 3439 1225 3531 glorificabit

246 3585 314 3630 me.
348 3555 467 3646 Quare
483 3550 546 3619 ubi
562 3558 762 3618 removetur
776 3543 1024 3628 ministerium,
1041 3544 1095 3612 vel
1107 3539 1226 3612 Evan-

247 3661 397 3752 gelium,
412 3653 463 3722 ibi
480 3649 633 3741 Spiritus
649 3659 790 3715 sanctus
808 3668 883 3712 non
898 3657 1043 3714 testatur
1059 3649 1103 3714 de
1119 3641 1224 3715 Chri-

248 3777 314 3834 sto.
342 3758 439 3829 Haec
454 3753 610 3845 primum
629 3751 673 3818 de
692 3744 889 3814 ministerio
905 3746 993 3815 scire
1012 3769 1150 3816 necesse
1167 3759 1228 3816 est.

349 3875 474 3947 Postea
497 3871 583 3964 quid
607 3871 653 3938 sit
677 3864 825 3935 interior
847 3863 1061 3948 testificatio,
1093 3863 1227 3935 intelli-

246 3995 337 4073 gunt
351 3979 419 4070 pii,
446 3999 524 4044 cum
541 3973 649 4042 verbo
664 3967 732 4037 Dei
746 3966 867 4038 audito
883 3979 943 4036 aut
959 3967 1129 4055 cogitato,
1156 3965 1229 4034 exi-

130 4087 134 4096 '
249 4095 349 4156 stunt
371 4100 494 4150 sensus
514 4075 586 4144 irae
608 4072 695 4152 Dei,
729 4093 769 4138 ac
793 4091 940 4158 pavores
966 4081 1000 4138 et
1020 4068 1160 4138 dolores
1184 4070 1229 4138 de

741 103 752 110 ’
822 165 945 240 enin
972 159 1088 238 nnn.
1116 142 1329 234 scelera
1354 137 1656 218 nxecsnca,

2169 152 2234 228 ΞΜ

1365 314 1445 386 Hoc
1460 313 1596 387 dictum
1617 333 1754 406 semper
1774 312 1813 384 in
1837 331 2025 410 conspectu
2044 317 2234 396 habendum

1261 433 1325 492 est.
1385 415 1512 488 Monet
1543 415 1659 498 enim,
1698 429 1733 486 et
1766 422 1946 510 quomodo
1969 424 2073 495 detur
2095 425 2234 516 Spiritus

1263 533 1424 604 sanctus,
1455 531 1489 587 et
1504 540 1593 611 quae
1611 517 1657 588 sit
1678 517 1769 588 actio
1795 522 2002 614 praecipua,
2035 551 2103 618 qua
2126 528 2235 598 testifi-

1263 637 1365 694 catur
1399 620 1438 688 in
1468 619 1585 692 nobis.
1649 617 1763 690 Datur
1790 643 1854 712 per
1872 618 2128 714 Evangelium,
2158 629 2237 699 sicut

1265 726 1356 794 alias
1372 719 1490 814 inquit
1507 718 1655 790 Paulus:
1683 711 1917 814 Evangelinm
1932 741 1986 800 cst
2009 731 2161 819 potentia
2178 726 2236 798 Dei

1266 829 1309 896 ad
1335 825 1484 896 salutem
1509 821 1609 891 omni
1632 822 1811 908 credenti,
1854 826 1893 894 id
1915 841 1986 914 est,
2016 825 2236 921 Evangelium

1267 951 1348 998 vere
1371 939 1423 996 est
1445 923 1586 1008 efficax,
1621 919 1719 994 Deus
1742 949 1827 996 vero
1851 927 2009 1020 impertit
2035 936 2129 1004 bona
2153 933 2237 1020 cogi.

1266 1028 1356 1102 tanti
1372 1023 1628 1116 Evangelium,
1652 1038 1687 1094 et
1704 1027 1940 1118 acquiescenti
1963 1031 2003 1100 in
2026 1059 2087 1120 eo,
2111 1057 2169 1105 seu
2190 1057 2238 1102 aa·

1267 1129 1451 1207 sentienti,
1479 1149 1558 1194 cum
1576 1126 1850 1221 acquiescimus,
1874 1143 1909 1202 ct
1924 1134 2098 1208 credimus
2114 1158 2176 1206 nos
2189 1157 2237 1204 re-

1266 1233 1338 1325 cipi
1364 1245 1399 1308 ct
1424 1227 1608 1313 exaudiri,
1638 1224 1733 1316 Quia
1748 1225 1845 1300 Dens
1860 1226 1952 1304 hauc
1967 1257 2067 1308 snam
2088 1238 2238 1307 volunta-

1267 1349 1336 1406 tem
1356 1333 1394 1400 in
1409 1325 1606 1418 Evangelio
1623 1352 1689 1399 suo
1705 1332 1886 1421 patefecit,
1919 1349 1953 1406 et
1979 1340 2057 1410 vult
2079 1362 2143 1410 nos
2164 1333 2238 1408 haec

2279 1181 2282 1296 l

1268 1438 1432 1516 credere,
1458 1455 1497 1500 ac
1515 1431 1611 1501 misit
1624 1427 1779 1516 Filium,
1808 1447 1848 1504 ut
1862 1434 1908 1506 sit
1932 1441 2110 1527 precium,
2143 1456 2173 1509 et
2194 1454 2238 1508 te·
2282 1441 2283 1462 ¹

1268 1539 1350 1622 stis,
1377 1558 1416 1605 ac
1430 1532 1560 1624 pignus
1575 1527 1683 1602 huius
1698 1533 1911 1622 voluntatis,
1942 1536 1984 1607 ln
2002 1536 2069 1612 hac
2091 1541 2238 1612 consola.

1269 1640 1367 1709 tione
1383 1659 1464 1706 vere
1478 1635 1582 1704 datur
1597 1632 1753 1726 Spiritus
1778 1651 1936 1723 sanctus,
1969 1658 2004 1714 et
2028 1645 2102 1734 ipsa
2126 1664 2239 1712 conso·
2283 1611 2285 1674 i

1269 1741 1354 1811 latio
1383 1750 1418 1806 et
1446 1735 1624 1805 invocatio
1649 1733 1688 1802 in
1714 1739 1820 1808 corde
1845 1739 2078 1816 testificantur
2099 1747 2141 1814 de
2162 1743 2239 1810 Deo.

1270 1838 1443 1912 Accendit
1456 1837 1525 1905 iam
1543 1833 1636 1907 hanc
1650 1836 1765 1906 lucem
1782 1838 1937 1932 Spiritus
1949 1860 2108 1931 sanctus,
2137 1857 2174 1915 ut
2189 1845 2241 1912 fir·

1271 1943 1365 2014 mins
1386 1953 1579 2011 statuamus
1602 1961 1668 2007 nos
1691 1938 1771 2010 Deo
1796 1964 1900 2011 curae
1922 1968 2015 2025 esse,
2048 1969 2114 2017 nos
2135 1943 2241 2035 recipi,

1271 2058 1415 2138 propter
1430 2038 1585 2126 Filium,
1607 2042 1768 2113 accendit
1781 2055 1816 2112 et
1832 2043 2105 2122 invocationem.

1370 2141 1467 2212 llaec
1486 2141 1554 2233 piis
1575 2155 1659 2210 crota
1685 2157 1789 2223 sunt,
1821 2145 1883 2237 qui
1909 2152 2069 2222 sentiunt
2089 2165 2241 2229 terrores,

1272 2264 1305 2319 et
1321 2246 1494 2335 cogitant,
1521 2268 1625 2338 quent
1641 2239 1756 2312 Deum
1774 2245 1957 2337 invocent,
1982 2277 2028 2320 an
2045 2249 2196 2322 exaudiri
2211 2272 2241 2315 se

1272 2349 1491 2428 existiment,
1517 2361 1548 2414 et
1571 2367 1634 2414 cur
1655 2345 1816 2416 exaudiat
1831 2344 1938 2418 Deus.
1989 2351 2147 2422 Maxima
2170 2371 2241 2441 pars

1272 2447 1460 2520 hominum
1476 2447 1599 2516 recitat
1615 2469 1745 2538 preces,
1758 2460 1896 2520 tantum
1914 2467 1953 2522 ut
1966 2453 2243 2530 inanemurmur,

1272 2576 1312 2622 ae
1329 2547 1473 2642 plurimi
1489 2570 1533 2615 ne
1548 2547 1703 2636 cogitant
1718 2549 1860 2640 quidem
1877 2553 1963 2643 quid
1984 2555 2168 2640 invocent,
2189 2575 2243 2620 cu-

1273 2667 1373 2723 retne
1391 2644 1567 2718 humanos
1590 2649 1759 2720 clamores
1775 2649 1887 2734 Deus,
1919 2658 1980 2724 sed
2005 2651 2242 2729 consuetudini

1273 2757 1528 2843 obtemperant.
1585 2747 1682 2820 Haec
1703 2752 1866 2846 impietas
1887 2757 2095 2846 corrigenda
2120 2770 2185 2838 est,
2214 2764 2244 2820 el

1274 2858 1312 2925 in
1328 2854 1427 2925 omni
1443 2853 1642 2944 precatione
1662 2854 1887 2943 cogitandum
1912 2859 1957 2927 de
1981 2860 2092 2929 verbo
2107 2859 2187 2941 Dei,
2210 2867 2246 2922 ut

1274 2959 1359 3027 fides
1382 2949 1610 3039 accendatur,
1641 2963 1676 3022 et
1698 2957 1778 3050 quis
1793 2953 1908 3043 Deus,
1940 2975 1975 3031 et
1995 2961 2173 3052 quomodo
2194 2955 2245 3023 in-

1275 3059 1455 3128 vocandus
1482 3056 1545 3142 sit,
1578 3071 1802 3145 agnoscatur,
1835 3057 2016 3143 videlicet,
2047 3062 2111 3154 qui
2137 3085 2171 3130 se
2191 3078 2246 3126 sua

1276 3185 1378 3245 voce,
1403 3173 1439 3228 et
1455 3181 1516 3249 per
1529 3158 1661 3229 Filrum
1676 3153 1858 3230 Christum
1872 3162 2045 3251 patefecit.

1378 3259 1446 3330 llic
1463 3263 1589 3331 iterum
1606 3259 1779 3354 obstrepit
1795 3259 1987 3350 indignitas
2000 3278 2132 3334 nostra.
2182 3259 2247 3349 Qui

1276 3365 1386 3454 magis
1398 3363 1559 3434 exaudiet
1581 3376 1615 3433 te
1628 3359 1743 3448 Deus,
1768 3386 1875 3454 quam
1892 3362 2035 3434 Saulem
2057 3379 2094 3435 et
2114 3364 2247 3439 similes,

1277 3490 1363 3567 quas
1380 3463 1487 3534 babes
1502 3463 1672 3538 virtutes?
1698 3488 1771 3560 qua
1784 3464 1823 3532 in
1847 3487 1887 3533 rc
1909 3466 2091 3536 antecellis
2115 3463 2248 3536 caeteris

1278 3566 1509 3640 hominibus?
1542 3566 1639 3654 Quid
1665 3579 1767 3658 putas
1781 3563 1896 3635 Deum
1920 3591 2043 3659 curare
2065 3563 2134 3638 hoc
2155 3581 2247 3636 tuum

1279 3669 1463 3742 murmur?
1479 3666 1554 3738 Hae
1569 3668 1797 3756 cogitationes
1812 3666 1949 3738 duriter
1963 3670 2165 3740 excruciant
2177 3665 2249 3736 ani-

1280 3797 1373 3854 mos,
1402 3788 1437 3842 et
1451 3794 1551 3860 saepe
1573 3783 1657 3840 sunt
1679 3770 1747 3838 tela
1771 3768 1925 3858 diaboli,
1960 3763 2065 3840 missa
2086 3774 2130 3843 ad
2155 3791 2249 3840 excu-

1279 3877 1436 3949 tiendam
1452 3873 1578 3956 fidem,
1592 3887 1632 3942 ut
1646 3869 1830 3960 impellant
1844 3871 1982 3942 animos
1999 3872 2036 3940 in
2053 3886 2249 3963 perpetuam

1280 3975 1559 4067 desperationem
1593 3986 1627 4043 et
1661 3969 1856 4064 Epicureas
1896 3969 2144 4064 blasphemias.
2206 3964 2250 4040 Et

1281 4079 1386 4148 multi
1404 4077 1454 4146 sic
1479 4088 1696 4147 evertuntur.
1748 4073 1868 4162 Quare
1887 4067 1945 4144 hic
1964 4075 2130 4166 inprimis
2150 4073 2252 4143 simus

248 4195 411 4276 peccam»
460 4192 495 4249 ⁰1
527 4198 650 4246 ¹¹¹P³¹¹⁸
684 4169 941 4242 c⁰¹¹⁵⁰¹³li⁰¹¹²⁸
977 4195 1019 4240 ⁰¹
1050 4170 1230 4259 θέῐὶῑῑὶοῐῑθ
1281 4179 1429 4258 intenti,
1454 4189 1489 4246 et
1502 4177 1653 4246 sciamus
1666 4170 1734 4244 hoc
1749 4173 1934 4266 proprium
1949 4198 2022 4245 esse
2039 4172 2252 4262 munusSpi-

249 4279 402 4363 Christi,
426 4281 566 4360 effide,
592 4291 625 4346 θῑ
649 4273 827 4343 issv⁰⁰³fi⁰
848 4295 922 4341 ¹¹⁰ss
945 4272 1114 4364 impedita
1136 4275 1229 4343 mala
1281 4283 1371 4352 ritus
1399 4280 1530 4358 salicti,
1564 4277 1746 4362 testificari,
1772 4279 1815 4345 de
1839 4271 1916 4346 Deo
1939 4278 1978 4346 in
2000 4279 2116 4348 corde.
2174 4275 2252 4343 Ideo

250 4382 472 4456 conscientia.
523 4377 619 4448 Haec
635 4389 686 4445 cst
708 4372 857 4443 interior
880 4373 1092 4460 testificatio,
1124 4393 1229 4467 quam
1282 4386 1387 4455 datur
1399 4396 1439 4450 ut
1455 4379 1831 4468 c01d2'2011fi1m0n1m
1846 4377 2026 4466 ..gnicione
2041 4402 2123 4449 vm
2137 4376 2215 4449 Dei,

251 4483 419 4557 describit
434 4479 565 4550 Paulus
580 4481 617 4547 in
636 4472 702 4547 hoc
717 4476 827 4544 dicto:
854 4471 1049 4568 Accepistis
1065 4475 1229 4569 spiritum
1384 4482 1452 4554 Sed
1470 4483 1666 4571 colligenda
1680 4494 1763 4550 sunt
1788 4493 1970 4570 praecepta
1996 4494 2032 4551 et
2055 4479 2252 4572 promissio·

252 4584 453 4678 adoptionis
475 4581 651 4660 filiorum,
686 4601 756 4670 quo
781 4575 974 4648 clamamus
998 4574 1101 4648 Abba
1121 4592 1230 4670 pater.
1282 4609 1346 4657 nes
1361 4582 1447 4667 Dei,
1473 4609 1562 4676 quae
1578 4596 1752 4654 testantur
1766 4604 1846 4649 eum
1864 4581 2041 4671 populare
2069 4575 2164 4652 hunc
2185 4576 2253 4648 cul.

252 4689 341 4760 Nam
358 4700 396 4757 ul
413 4681 607 4774 801)ῖὸἅῖΧῖ
632 4675 982 4776 decawssesflossssc
1001 4703 1102 4750 mem
1124 4681 1231 4752 dubi·
1283 4705 1378 4770 tum‚
1411 4686 1545 4757 scilicet
1567 4683 1846 4766 invocationem,
1885 4696 1920 4752 et
1947 4705 2030 4752 vere
2061 4707 2143 4754 eum
2172 4679 2254 4749 velle

251 4808 319 4873 tat,
344 4813 391 4859 0¹1
414 4783 510 4855 Deus
531 4783 617 4852 velli
637 4795 673 4854 ¹0
698 4780 851 4871 recipere
872 4793 906 4850 0¹
925 4781 1108 4876 exaudire,
1141 4784 1233 4873 fugit
1281 4802 1458 4883 praestare
1475 4787 1568 4857 bona
1592 4785 1813 4876 petentibus,
1840 4783 1931 4855 sicut
1951 4783 2069 4878 inquit
2084 4780 2253 4856 Christus:

252 4891 388 4975 Deum,
414 4887 472 4957 sed
489 4909 567 4954 cum
585 4883 743 4974 agnoscis
758 4881 1025 4974 promissionem
1040 4886 1084 4953 de
1098 4885 1231 4956 media·
1282 4891 1396 4962 Petite
1412 4905 1446 4962 et
1466 4888 1663 4980 accipietis,
1692 4901 1727 4957 et
1749 4886 1892 4978 quidem
1919 4886 2060 4960 exaudit
2084 4911 2154 4956 non
2178 4905 2254 4974 pro.

253 5010 349 5071 tore.
376 5004 409 5061 el
434 4986 546 5058 credis
568 4999 602 5054 le
623 4985 751 5073 recipi,
785 4984 890 5052 simul
918 4983 1072 5084 Spiritus
1091 5001 1232 5060 sanctus
1284 5007 1362 5086 pter
1375 5003 1531 5062 nostram
1550 4989 1777 5078 dignitatem,
1802 4987 1860 5057 sed
1876 5000 2019 5077 propter
2029 4985 2175 5065 Filium,
2199 4983 2255 5051 sed

252 5107 304 5164 est
328 5093 464 5174 efficax,
494 5087 661 5159 exuscitat
684 5087 962 5172 invocationem,
996 5086 1233 5177 dilectionem,
1283 5111 1402 5167 tamen
1418 5116 1491 5161 non
1509 5093 1687 5160 adferatur
1703 5089 1921 5180 propositum
1942 5089 2120 5181 peccandi,
2170 5084 2255 5152 vivo

253 5210 287 5266 et
303 5194 389 5264 alias
405 5193 563 5264 virtutes.
589 5183 635 5261 Et
650 5185 794 5261 Gala:
816 5185 863 5260 Ut
876 5187 1147 5282 promissionem
1161 5192 1234 5285 spi·
1285 5219 1371 5286 ego,
1395 5193 1533 5287 inquit,
1560 5190 1645 5262 nolo
1662 5202 1810 5260 mortem
1827 5191 2036 5282 peccatoris,
2051 5193 2110 5263 sed
2124 5203 2162 5260 nt
2177 5209 2254 5256 con·

253 5299 342 5370 ‘iim
358 5291 567 5384 accffiflmffl
582 5315 645 5386 l'et
661 5291 775 5365 fidem·
1286 5309 1442 5367 vertatur
1457 5309 1491 5367 et
1506 5295 1613 5368 vivat.
1664 5289 1724 5363 Sic
1736 5291 1835 5364 iubet
1849 5314 1915 5362 nos
1929 5291 2030 5362 Deus
2047 5293 2253 5388 acquiescere
