<?xml version="1.0" encoding="UTF-8"?>
<!DOCTYPE html PUBLIC "-//W3C//DTD XHTML 1.0 Transitional//EN"
    "http://www.w3.org/TR/xhtml1/DTD/xhtml1-transitional.dtd">
<html xmlns="http://www.w3.org/1999/xhtml" xml:lang="en" lang="en">
 <head>
  <title>
</title>
<meta http-equiv="Content-Type" content="text/html;charset=utf-8" />
  <meta name='ocr-system' content='tesseract 3.04.00' />
  <meta name='ocr-capabilities' content='ocr_page ocr_carea ocr_par ocr_line ocrx_word'/>
</head>
<body>
  <div class='ocr_page' id='page_1' title='image "./corpusreformato24melagoog/corpusreformato24melagoog_0360.png"; bbox 0 0 4590 5808; ppageno 0'>
   <div class='ocr_carea' id='block_1_1' title="bbox 49 183 2074 288">
    <p class='ocr_par' dir='ltr' id='par_1_1' title="bbox 49 183 2074 288">
     <span class='ocr_line' id='line_1_1' title="bbox 49 183 2074 288; baseline -0.004 0"><span class='ocrx_word' id='word_1_1' title='bbox 49 213 111 288; x_wconf 83' lang='grc'><strong>717</strong></span> <span class='ocrx_word' id='word_1_2' title='bbox 272 207 356 282; x_wconf 85' lang='lat' dir='ltr'><strong>xll.</strong></span> <span class='ocrx_word' id='word_1_3' title='bbox 414 183 811 284; x_wconf 68' lang='lat' dir='ltr'><strong>ANNOTATIONES</strong></span> <span class='ocrx_word' id='word_1_4' title='bbox 837 197 906 280; x_wconf 80' lang='grc' dir='ltr'><strong>ΕΤ</strong></span> <span class='ocrx_word' id='word_1_5' title='bbox 930 196 1216 282; x_wconf 78' lang='lat' dir='ltr'>CONCIONES</span> <span class='ocrx_word' id='word_1_6' title='bbox 1241 203 1293 283; x_wconf 89' lang='lat' dir='ltr'><strong>IN</strong></span> <span class='ocrx_word' id='word_1_7' title='bbox 1319 202 1503 286; x_wconf 82' lang='lat' dir='ltr'><strong>EVANG.</strong></span> <span class='ocrx_word' id='word_1_8' title='bbox 1531 203 1813 282; x_wconf 79' lang='grc' dir='ltr'><strong>ΜΑΤΤΗΑΕΙ.</strong></span> <span class='ocrx_word' id='word_1_9' title='bbox 1848 259 1852 274; x_wconf 77' lang='lat'><em>.</em></span> <span class='ocrx_word' id='word_1_10' title='bbox 1979 207 2074 282; x_wconf 15' lang='lat'><strong>718*</strong></span> 
     </span>
    </p>
   </div>
   <div class='ocr_carea' id='block_1_2' title="bbox 44 378 2056 783">
    <p class='ocr_par' dir='ltr' id='par_1_2' title="bbox 44 378 2056 783">
     <span class='ocr_line' id='line_1_2' title="bbox 46 378 2056 476; baseline -0.003 -20"><span class='ocrx_word' id='word_1_11' title='bbox 46 386 189 469; x_wconf 88' lang='lat' dir='ltr'><strong>ethruta,</strong></span> <span class='ocrx_word' id='word_1_12' title='bbox 204 405 350 476; x_wconf 88' lang='lat' dir='ltr'><strong>prorsus</strong></span> <span class='ocrx_word' id='word_1_13' title='bbox 363 381 638 472; x_wconf 78' lang='lat' dir='ltr'><strong>exstinguuntur</strong></span> <span class='ocrx_word' id='word_1_14' title='bbox 648 378 798 451; x_wconf 92' lang='lat' dir='ltr'><strong>interitu</strong></span> <span class='ocrx_word' id='word_1_15' title='bbox 811 401 1014 472; x_wconf 88' lang='lat' dir='ltr'><strong>corporum,</strong></span> <span class='ocrx_word' id='word_1_16' title='bbox 1065 379 1346 475; x_wconf 88' lang='lat' dir='ltr'><strong>deprecatione,</strong></span> <span class='ocrx_word' id='word_1_17' title='bbox 1370 406 1432 456; x_wconf 93' lang='lat' dir='ltr'><strong>seu</strong></span> <span class='ocrx_word' id='word_1_18' title='bbox 1447 382 1693 468; x_wconf 89' lang='lat' dir='ltr'><strong>invocatione,</strong></span> <span class='ocrx_word' id='word_1_19' title='bbox 1715 403 1804 474; x_wconf 91' lang='lat' dir='ltr'><strong>quae</strong></span> <span class='ocrx_word' id='word_1_20' title='bbox 1819 379 1962 476; x_wconf 88' lang='lat' dir='ltr'><strong>quidem</strong></span> <span class='ocrx_word' id='word_1_21' title='bbox 1980 381 2056 452; x_wconf 90' lang='lat' dir='ltr'><strong>vir·</strong></span> 
     </span>
     <span class='ocr_line' id='line_1_3' title="bbox 45 481 2055 579; baseline -0.001 -23"><span class='ocrx_word' id='word_1_22' title='bbox 45 511 100 558; x_wconf 91' lang='lat' dir='ltr'><strong>nec</strong></span> <span class='ocrx_word' id='word_1_23' title='bbox 116 498 242 557; x_wconf 80' lang='lat' dir='ltr'>restant</span> <span class='ocrx_word' id='word_1_24' title='bbox 265 509 401 579; x_wconf 91' lang='lat' dir='ltr'><strong>poenae</strong></span> <span class='ocrx_word' id='word_1_25' title='bbox 418 486 475 554; x_wconf 92' lang='lat' dir='ltr'><strong>vel</strong></span> <span class='ocrx_word' id='word_1_26' title='bbox 492 483 683 576; x_wconf 86' lang='lat' dir='ltr'><strong>supplicia,</strong></span> <span class='ocrx_word' id='word_1_27' title='bbox 708 482 841 576; x_wconf 90' lang='lat' dir='ltr'><strong>quibus</strong></span> <span class='ocrx_word' id='word_1_28' title='bbox 856 481 1014 572; x_wconf 78' lang='lat' dir='ltr'><strong>fugiente</strong></span> <span class='ocrx_word' id='word_1_29' title='bbox 1065 497 1124 557; x_wconf 88' lang='lat' dir='ltr'><strong>tus</strong></span> <span class='ocrx_word' id='word_1_30' title='bbox 1139 484 1294 576; x_wconf 79' lang='lat' dir='ltr'><strong>pertinet</strong></span> <span class='ocrx_word' id='word_1_31' title='bbox 1310 485 1416 556; x_wconf 89' lang='lat' dir='ltr'><strong>etiam</strong></span> <span class='ocrx_word' id='word_1_32' title='bbox 1433 487 1477 562; x_wconf 87' lang='lat' dir='ltr'><strong>ad</strong></span> <span class='ocrx_word' id='word_1_33' title='bbox 1495 486 1652 579; x_wconf 89' lang='lat' dir='ltr'><strong>primum</strong></span> <span class='ocrx_word' id='word_1_34' title='bbox 1679 497 1714 556; x_wconf 90' lang='lat' dir='ltr'><strong>et</strong></span> <span class='ocrx_word' id='word_1_35' title='bbox 1733 484 1928 555; x_wconf 83' lang='lat' dir='ltr'><strong>secundum</strong></span> <span class='ocrx_word' id='word_1_36' title='bbox 1949 507 2055 575; x_wconf 91' lang='lat' dir='ltr'><strong>prae-</strong></span> 
     </span>
     <span class='ocr_line' id='line_1_4' title="bbox 44 579 2056 681; baseline -0 -23"><span class='ocrx_word' id='word_1_37' title='bbox 44 590 103 660; x_wconf 86' lang='lat' dir='ltr'><strong>vita</strong></span> <span class='ocrx_word' id='word_1_38' title='bbox 117 589 259 658; x_wconf 88' lang='lat' dir='ltr'><strong>cadaver</strong></span> <span class='ocrx_word' id='word_1_39' title='bbox 275 589 385 681; x_wconf 80' lang='lat' dir='ltr'><strong>possit</strong></span> <span class='ocrx_word' id='word_1_40' title='bbox 401 586 606 658; x_wconf 81' lang='lat' dir='ltr'><strong>excruciari.</strong></span> <span class='ocrx_word' id='word_1_41' title='bbox 656 580 707 656; x_wconf 85' lang='lat' dir='ltr'><strong>At</strong></span> <span class='ocrx_word' id='word_1_42' title='bbox 727 579 916 654; x_wconf 90' lang='lat' dir='ltr'><strong>hominurn</strong></span> <span class='ocrx_word' id='word_1_43' title='bbox 933 583 1013 654; x_wconf 90' lang='lat' dir='ltr'><strong>ani·</strong></span> <span class='ocrx_word' id='word_1_44' title='bbox 1065 602 1206 680; x_wconf 89' lang='lat' dir='ltr'><strong>ceptum</strong></span> <span class='ocrx_word' id='word_1_45' title='bbox 1226 587 1408 680; x_wconf 78' lang='lat' dir='ltr'><strong>Decalogi.</strong></span> <span class='ocrx_word' id='word_1_46' title='bbox 1475 587 1566 658; x_wconf 86' lang='lat' dir='ltr'><strong>Nam</strong></span> <span class='ocrx_word' id='word_1_47' title='bbox 1599 583 1686 657; x_wconf 89' lang='lat' dir='ltr'><strong>haec</strong></span> <span class='ocrx_word' id='word_1_48' title='bbox 1718 609 1844 678; x_wconf 91' lang='lat' dir='ltr'><strong>opera,</strong></span> <span class='ocrx_word' id='word_1_49' title='bbox 1880 586 2056 672; x_wconf 89' lang='lat' dir='ltr'><strong>videlicet,</strong></span> 
     </span>
     <span class='ocr_line' id='line_1_5' title="bbox 44 685 2056 783; baseline 0 -24"><span class='ocrx_word' id='word_1_50' title='bbox 44 713 108 760; x_wconf 88' lang='lat' dir='ltr'><strong>mae</strong></span> <span class='ocrx_word' id='word_1_51' title='bbox 120 703 196 760; x_wconf 86' lang='lat' dir='ltr'><strong>sunt</strong></span> <span class='ocrx_word' id='word_1_52' title='bbox 212 689 356 783; x_wconf 89' lang='lat' dir='ltr'><strong>spiritus</strong></span> <span class='ocrx_word' id='word_1_53' title='bbox 371 689 595 782; x_wconf 78' lang='lat' dir='ltr'><strong>separabiles,</strong></span> <span class='ocrx_word' id='word_1_54' title='bbox 611 685 791 759; x_wconf 85' lang='lat' dir='ltr'><strong>exstinctis</strong></span> <span class='ocrx_word' id='word_1_55' title='bbox 803 686 1012 778; x_wconf 90' lang='lat' dir='ltr'><strong>corporibus</strong></span> <span class='ocrx_word' id='word_1_56' title='bbox 1064 713 1147 760; x_wconf 88' lang='lat' dir='ltr'><strong>vera</strong></span> <span class='ocrx_word' id='word_1_57' title='bbox 1164 690 1289 782; x_wconf 91' lang='lat' dir='ltr'><strong>petitio</strong></span> <span class='ocrx_word' id='word_1_58' title='bbox 1306 714 1367 762; x_wconf 93' lang='lat' dir='ltr'><strong>seu</strong></span> <span class='ocrx_word' id='word_1_59' title='bbox 1381 689 1508 777; x_wconf 91' lang='lat' dir='ltr'><strong>oratio,</strong></span> <span class='ocrx_word' id='word_1_60' title='bbox 1534 713 1616 780; x_wconf 81' lang='lat' dir='ltr'><strong>vera</strong></span> <span class='ocrx_word' id='word_1_61' title='bbox 1634 689 1827 780; x_wconf 81' lang='lat' dir='ltr'><strong>gratiarum</strong></span> <span class='ocrx_word' id='word_1_62' title='bbox 1845 689 1946 776; x_wconf 89' lang='lat' dir='ltr'><strong>actio,</strong></span> <span class='ocrx_word' id='word_1_63' title='bbox 1972 703 2056 760; x_wconf 90' lang='lat' dir='ltr'><strong>sunt</strong></span> 
     </span>
    </p>
   </div>
   <div class='ocr_carea' id='block_1_3' title="bbox 42 787 2179 886">
    <p class='ocr_par' dir='ltr' id='par_1_3' title="bbox 42 787 2179 886">
     <span class='ocr_line' id='line_1_6' title="bbox 42 787 2179 886; baseline 0 -25"><span class='ocrx_word' id='word_1_64' title='bbox 42 791 240 883; x_wconf 82' lang='lat' dir='ltr'><strong>superstites,</strong></span> <span class='ocrx_word' id='word_1_65' title='bbox 279 807 312 864; x_wconf 93' lang='lat' dir='ltr'><strong>et</strong></span> <span class='ocrx_word' id='word_1_66' title='bbox 344 815 467 864; x_wconf 91' lang='lat' dir='ltr'><strong>rursus</strong></span> <span class='ocrx_word' id='word_1_67' title='bbox 499 791 764 884; x_wconf 90' lang='lat' dir='ltr'><strong>copulabuntur</strong></span> <span class='ocrx_word' id='word_1_68' title='bbox 797 789 1013 861; x_wconf 90' lang='lat' dir='ltr'><strong>resuscitatis</strong></span> <span class='ocrx_word' id='word_1_69' title='bbox 1064 793 1245 886; x_wconf 90' lang='lat' dir='ltr'><strong>praecipui</strong></span> <span class='ocrx_word' id='word_1_70' title='bbox 1275 806 1310 865; x_wconf 91' lang='lat' dir='ltr'><strong>et</strong></span> <span class='ocrx_word' id='word_1_71' title='bbox 1339 795 1469 864; x_wconf 89' lang='lat' dir='ltr'><strong>summi</strong></span> <span class='ocrx_word' id='word_1_72' title='bbox 1495 792 1630 878; x_wconf 90' lang='lat' dir='ltr'><strong>cultus,</strong></span> <span class='ocrx_word' id='word_1_73' title='bbox 1675 791 1738 884; x_wconf 91' lang='lat' dir='ltr'><strong>qui</strong></span> <span class='ocrx_word' id='word_1_74' title='bbox 1766 787 1845 863; x_wconf 85' lang='lat' dir='ltr'><strong>Deo</strong></span> <span class='ocrx_word' id='word_1_75' title='bbox 1885 790 2055 882; x_wconf 90' lang='lat' dir='ltr'><strong>praestari</strong></span> <span class='ocrx_word' id='word_1_76' title='bbox 2173 865 2179 873; x_wconf 65' lang='grc'><strong>,</strong></span> 
     </span>
    </p>
   </div>
   <div class='ocr_carea' id='block_1_4' title="bbox 42 887 2055 989">
    <p class='ocr_par' dir='ltr' id='par_1_4' title="bbox 42 887 2055 989">
     <span class='ocr_line' id='line_1_7' title="bbox 42 887 2055 989; baseline 0 -26"><span class='ocrx_word' id='word_1_77' title='bbox 42 893 248 986; x_wconf 89' lang='lat' dir='ltr'><strong>corporibus,</strong></span> <span class='ocrx_word' id='word_1_78' title='bbox 280 894 476 988; x_wconf 89' lang='lat' dir='ltr'><strong>inquibus</strong></span> <span class='ocrx_word' id='word_1_79' title='bbox 507 905 609 964; x_wconf 92' lang='lat' dir='ltr'><strong>antea</strong></span> <span class='ocrx_word' id='word_1_80' title='bbox 641 891 825 980; x_wconf 84' lang='lat' dir='ltr'><strong>vixerunt:</strong></span> <span class='ocrx_word' id='word_1_81' title='bbox 860 891 1012 984; x_wconf 86' lang='lat' dir='ltr'><strong>proinde</strong></span> <span class='ocrx_word' id='word_1_82' title='bbox 1064 909 1218 989; x_wconf 89' lang='lat' dir='ltr'><strong>queunt,</strong></span> <span class='ocrx_word' id='word_1_83' title='bbox 1244 908 1277 967; x_wconf 89' lang='lat' dir='ltr'><strong>et</strong></span> <span class='ocrx_word' id='word_1_84' title='bbox 1297 895 1427 989; x_wconf 90' lang='lat' dir='ltr'><strong>quibus</strong></span> <span class='ocrx_word' id='word_1_85' title='bbox 1453 890 1569 965; x_wconf 91' lang='lat' dir='ltr'><strong>honor</strong></span> <span class='ocrx_word' id='word_1_86' title='bbox 1593 893 1627 964; x_wconf 87' lang='lat' dir='ltr'><strong>ei</strong></span> <span class='ocrx_word' id='word_1_87' title='bbox 1652 894 1764 965; x_wconf 91' lang='lat' dir='ltr'><strong>tribui</strong></span> <span class='ocrx_word' id='word_1_88' title='bbox 1784 907 1911 987; x_wconf 82' lang='lat' dir='ltr'><strong>potest.</strong></span> <span class='ocrx_word' id='word_1_89' title='bbox 1961 887 2055 964; x_wconf 85' lang='lat' dir='ltr'><strong>Eth-</strong></span> 
     </span>
    </p>
   </div>
   <div class='ocr_carea' id='block_1_5' title="bbox 41 992 2162 1088">
    <p class='ocr_par' dir='ltr' id='par_1_5' title="bbox 41 992 2162 1088">
     <span class='ocr_line' id='line_1_8' title="bbox 41 992 2162 1088; baseline 0 -24"><span class='ocrx_word' id='word_1_90' title='bbox 41 997 170 1068; x_wconf 89' lang='lat' dir='ltr'><strong>mortuis</strong></span> <span class='ocrx_word' id='word_1_91' title='bbox 197 992 405 1068; x_wconf 91' lang='lat' dir='ltr'><strong>hominibus</strong></span> <span class='ocrx_word' id='word_1_92' title='bbox 436 1009 470 1066; x_wconf 92' lang='lat' dir='ltr'><strong>et</strong></span> <span class='ocrx_word' id='word_1_93' title='bbox 501 1017 652 1087; x_wconf 90' lang='lat' dir='ltr'><strong>corpora</strong></span> <span class='ocrx_word' id='word_1_94' title='bbox 685 994 938 1080; x_wconf 86' lang='lat' dir='ltr'><strong>restituentur,</strong></span> <span class='ocrx_word' id='word_1_95' title='bbox 978 1005 1013 1064; x_wconf 90' lang='lat' dir='ltr'><strong>et</strong></span> <span class='ocrx_word' id='word_1_96' title='bbox 1064 999 1148 1084; x_wconf 90' lang='lat' dir='ltr'><strong>nici,</strong></span> <span class='ocrx_word' id='word_1_97' title='bbox 1174 1011 1208 1069; x_wconf 89' lang='lat' dir='ltr'><strong>et</strong></span> <span class='ocrx_word' id='word_1_98' title='bbox 1217 992 1500 1084; x_wconf 81' lang='lat' dir='ltr'><strong>Mahonretistae,</strong></span> <span class='ocrx_word' id='word_1_99' title='bbox 1525 1021 1587 1067; x_wconf 90' lang='lat' dir='ltr'><strong>seu</strong></span> <span class='ocrx_word' id='word_1_100' title='bbox 1596 995 1758 1081; x_wconf 88' lang='lat' dir='ltr'><strong>Turcae,</strong></span> <span class='ocrx_word' id='word_1_101' title='bbox 1784 1007 1933 1088; x_wconf 88' lang='lat' dir='ltr'><strong>possunt</strong></span> <span class='ocrx_word' id='word_1_102' title='bbox 1946 995 2054 1068; x_wconf 88' lang='lat' dir='ltr'><strong>etiam</strong></span> <span class='ocrx_word' id='word_1_103' title='bbox 2158 995 2162 1000; x_wconf 82' lang='grc'>’</span> 
     </span>
    </p>
   </div>
   <div class='ocr_carea' id='block_1_6' title="bbox 41 1093 2148 1295">
    <p class='ocr_par' dir='ltr' id='par_1_6' title="bbox 41 1093 2148 1295">
     <span class='ocr_line' id='line_1_9' title="bbox 41 1093 2148 1192; baseline 0.001 -28"><span class='ocrx_word' id='word_1_104' title='bbox 41 1097 98 1167; x_wconf 91' lang='lat' dir='ltr'><strong>vita</strong></span> <span class='ocrx_word' id='word_1_105' title='bbox 114 1099 281 1170; x_wconf 86' lang='lat' dir='ltr'><strong>reddetur</strong></span> <span class='ocrx_word' id='word_1_106' title='bbox 297 1098 336 1168; x_wconf 91' lang='lat' dir='ltr'><strong>in</strong></span> <span class='ocrx_word' id='word_1_107' title='bbox 354 1097 577 1191; x_wconf 90' lang='lat' dir='ltr'><strong>corporibus.</strong></span> <span class='ocrx_word' id='word_1_108' title='bbox 613 1094 673 1167; x_wconf 92' lang='lat' dir='ltr'><strong>Illi</strong></span> <span class='ocrx_word' id='word_1_109' title='bbox 687 1097 826 1189; x_wconf 91' lang='lat' dir='ltr'><strong>itaque,</strong></span> <span class='ocrx_word' id='word_1_110' title='bbox 852 1093 914 1189; x_wconf 92' lang='lat' dir='ltr'><strong>qui</strong></span> <span class='ocrx_word' id='word_1_111' title='bbox 931 1119 1012 1188; x_wconf 88' lang='lat' dir='ltr'><strong>per·</strong></span> <span class='ocrx_word' id='word_1_112' title='bbox 1064 1122 1185 1190; x_wconf 80' lang='lat' dir='ltr'><strong>regere</strong></span> <span class='ocrx_word' id='word_1_113' title='bbox 1206 1123 1322 1171; x_wconf 90' lang='lat' dir='ltr'><strong>mores</strong></span> <span class='ocrx_word' id='word_1_114' title='bbox 1345 1095 1666 1172; x_wconf 87' lang='lat' dir='ltr'><strong>externoshonesta</strong></span> <span class='ocrx_word' id='word_1_115' title='bbox 1681 1098 1886 1192; x_wconf 87' lang='lat' dir='ltr'><strong>disciplina,</strong></span> <span class='ocrx_word' id='word_1_116' title='bbox 1913 1097 1952 1168; x_wconf 89' lang='lat' dir='ltr'><strong>in</strong></span> <span class='ocrx_word' id='word_1_117' title='bbox 1967 1121 2055 1168; x_wconf 89' lang='lat' dir='ltr'><strong>con·</strong></span> <span class='ocrx_word' id='word_1_118' title='bbox 2145 1135 2148 1142; x_wconf 24' lang='grc' dir='ltr'><strong>Δ</strong></span> 
     </span>
     <span class='ocr_line' id='line_1_10' title="bbox 41 1195 2055 1295; baseline 0.001 -28"><span class='ocrx_word' id='word_1_119' title='bbox 41 1213 225 1273; x_wconf 89' lang='lat' dir='ltr'><strong>severarunt</strong></span> <span class='ocrx_word' id='word_1_120' title='bbox 239 1201 279 1270; x_wconf 92' lang='lat' dir='ltr'><strong>in</strong></span> <span class='ocrx_word' id='word_1_121' title='bbox 296 1214 479 1272; x_wconf 90' lang='lat' dir='ltr'><strong>contemtu</strong></span> <span class='ocrx_word' id='word_1_122' title='bbox 496 1213 557 1271; x_wconf 90' lang='lat' dir='ltr'><strong>aut</strong></span> <span class='ocrx_word' id='word_1_123' title='bbox 578 1198 661 1269; x_wconf 91' lang='lat' dir='ltr'><strong>odio</strong></span> <span class='ocrx_word' id='word_1_124' title='bbox 677 1195 766 1285; x_wconf 90' lang='lat' dir='ltr'><strong>Dei,</strong></span> <span class='ocrx_word' id='word_1_125' title='bbox 793 1197 951 1269; x_wconf 88' lang='lat' dir='ltr'><strong>revocati</strong></span> <span class='ocrx_word' id='word_1_126' title='bbox 971 1221 1012 1268; x_wconf 84' lang='lat' dir='ltr'><strong>ex</strong></span> <span class='ocrx_word' id='word_1_127' title='bbox 1063 1203 1162 1292; x_wconf 82' lang='lat' dir='ltr'><strong>iugio</strong></span> <span class='ocrx_word' id='word_1_128' title='bbox 1179 1203 1336 1290; x_wconf 80' lang='lat' dir='ltr'><strong>legitimo</strong></span> <span class='ocrx_word' id='word_1_129' title='bbox 1354 1217 1530 1295; x_wconf 89' lang='lat' dir='ltr'><strong>praestare</strong></span> <span class='ocrx_word' id='word_1_130' title='bbox 1550 1203 1762 1287; x_wconf 79' lang='lat' dir='ltr'><strong>castitatem,</strong></span> <span class='ocrx_word' id='word_1_131' title='bbox 1795 1203 1879 1273; x_wconf 90' lang='lat' dir='ltr'><strong>dare</strong></span> <span class='ocrx_word' id='word_1_132' title='bbox 1901 1199 2055 1270; x_wconf 90' lang='lat' dir='ltr'><strong>eleemo-</strong></span> 
     </span>
    </p>
   </div>
   <div class='ocr_carea' id='block_1_7' title="bbox 38 1301 1014 4564">
    <p class='ocr_par' dir='ltr' id='par_1_7' title="bbox 38 1301 1012 2110">
     <span class='ocr_line' id='line_1_11' title="bbox 41 1301 1011 1389; baseline -0.001 -20"><span class='ocrx_word' id='word_1_133' title='bbox 41 1317 134 1374; x_wconf 91' lang='lat' dir='ltr'><strong>morte</strong></span> <span class='ocrx_word' id='word_1_134' title='bbox 149 1306 194 1374; x_wconf 93' lang='lat' dir='ltr'><strong>ad</strong></span> <span class='ocrx_word' id='word_1_135' title='bbox 208 1302 403 1389; x_wconf 89' lang='lat' dir='ltr'><strong>iudicium,</strong></span> <span class='ocrx_word' id='word_1_136' title='bbox 430 1303 579 1374; x_wconf 92' lang='lat' dir='ltr'><strong>audient</strong></span> <span class='ocrx_word' id='word_1_137' title='bbox 596 1314 631 1372; x_wconf 93' lang='lat' dir='ltr'><strong>et</strong></span> <span class='ocrx_word' id='word_1_138' title='bbox 648 1301 821 1371; x_wconf 89' lang='lat' dir='ltr'><strong>subibunt</strong></span> <span class='ocrx_word' id='word_1_139' title='bbox 840 1323 910 1370; x_wconf 91' lang='lat' dir='ltr'><strong>una</strong></span> <span class='ocrx_word' id='word_1_140' title='bbox 931 1323 1011 1370; x_wconf 90' lang='lat' dir='ltr'><strong>cum</strong></span> 
     </span>
     <span class='ocr_line' id='line_1_12' title="bbox 38 1395 1011 1487; baseline -0.003 -16"><span class='ocrx_word' id='word_1_141' title='bbox 38 1404 169 1475; x_wconf 85' lang='lat' dir='ltr'><strong>diabolis</strong></span> <span class='ocrx_word' id='word_1_142' title='bbox 178 1405 388 1476; x_wconf 88' lang='lat' dir='ltr'><strong>sententiam</strong></span> <span class='ocrx_word' id='word_1_143' title='bbox 398 1404 497 1476; x_wconf 91' lang='lat' dir='ltr'><strong>illam</strong></span> <span class='ocrx_word' id='word_1_144' title='bbox 506 1403 779 1487; x_wconf 88' lang='lat' dir='ltr'><strong>damnatoriam,</strong></span> <span class='ocrx_word' id='word_1_145' title='bbox 793 1395 927 1472; x_wconf 79' lang='lat' dir='ltr'><strong>March.</strong></span> <span class='ocrx_word' id='word_1_146' title='bbox 934 1397 1011 1476; x_wconf 76' lang='lat'><strong>25.:</strong></span> 
     </span>
     <span class='ocr_line' id='line_1_13' title="bbox 40 1502 1012 1599; baseline -0.001 -26"><span class='ocrx_word' id='word_1_147' title='bbox 40 1503 196 1580; x_wconf 87' lang='lat' dir='ltr'><strong>Discedite</strong></span> <span class='ocrx_word' id='word_1_148' title='bbox 212 1507 395 1578; x_wconf 90' lang='lat' dir='ltr'><strong>maledicti</strong></span> <span class='ocrx_word' id='word_1_149' title='bbox 411 1507 582 1596; x_wconf 83' lang='lat' dir='ltr'><strong>inignem</strong></span> <span class='ocrx_word' id='word_1_150' title='bbox 598 1517 804 1590; x_wconf 88' lang='lat' dir='ltr'><strong>aeternum,</strong></span> <span class='ocrx_word' id='word_1_151' title='bbox 830 1502 894 1599; x_wconf 91' lang='lat' dir='ltr'><strong>qui</strong></span> <span class='ocrx_word' id='word_1_152' title='bbox 910 1527 1012 1594; x_wconf 91' lang='lat' dir='ltr'><strong>para·</strong></span> 
     </span>
     <span class='ocr_line' id='line_1_14' title="bbox 40 1605 1012 1701; baseline -0.002 -25"><span class='ocrx_word' id='word_1_153' title='bbox 40 1621 85 1677; x_wconf 90' lang='lat' dir='ltr'><strong>tus</strong></span> <span class='ocrx_word' id='word_1_154' title='bbox 99 1623 144 1680; x_wconf 89' lang='lat' dir='ltr'><strong>est</strong></span> <span class='ocrx_word' id='word_1_155' title='bbox 157 1608 304 1679; x_wconf 91' lang='lat' dir='ltr'><strong>diabolo</strong></span> <span class='ocrx_word' id='word_1_156' title='bbox 322 1622 357 1679; x_wconf 92' lang='lat' dir='ltr'><strong>et</strong></span> <span class='ocrx_word' id='word_1_157' title='bbox 373 1609 509 1698; x_wconf 82' lang='lat' dir='ltr'><strong>augelis</strong></span> <span class='ocrx_word' id='word_1_158' title='bbox 524 1608 615 1680; x_wconf 80' lang='lat' dir='ltr'><strong>cius·</strong></span> <span class='ocrx_word' id='word_1_159' title='bbox 667 1605 708 1679; x_wconf 84' lang='lat' dir='ltr'><strong>si</strong></span> <span class='ocrx_word' id='word_1_160' title='bbox 730 1607 811 1701; x_wconf 90' lang='lat' dir='ltr'><strong>quis</strong></span> <span class='ocrx_word' id='word_1_161' title='bbox 832 1630 908 1675; x_wconf 92' lang='lat' dir='ltr'><strong>non</strong></span> <span class='ocrx_word' id='word_1_162' title='bbox 933 1629 1012 1674; x_wconf 90' lang='lat' dir='ltr'><strong>mo-</strong></span> 
     </span>
     <span class='ocr_line' id='line_1_15' title="bbox 42 1706 1012 1796; baseline -0.001 -21"><span class='ocrx_word' id='word_1_163' title='bbox 42 1725 123 1780; x_wconf 90' lang='lat' dir='ltr'><strong>vetur</strong></span> <span class='ocrx_word' id='word_1_164' title='bbox 134 1706 202 1781; x_wconf 90' lang='lat' dir='ltr'><strong>hac·</strong></span> <span class='ocrx_word' id='word_1_165' title='bbox 215 1711 310 1783; x_wconf 92' lang='lat' dir='ltr'><strong>tristi</strong></span> <span class='ocrx_word' id='word_1_166' title='bbox 327 1723 361 1782; x_wconf 88' lang='lat' dir='ltr'><strong>et</strong></span> <span class='ocrx_word' id='word_1_167' title='bbox 377 1708 532 1782; x_wconf 86' lang='lat' dir='ltr'><strong>terribili</strong></span> <span class='ocrx_word' id='word_1_168' title='bbox 546 1709 737 1796; x_wconf 86' lang='lat' dir='ltr'><strong>concione,</strong></span> <span class='ocrx_word' id='word_1_169' title='bbox 762 1709 802 1778; x_wconf 91' lang='lat' dir='ltr'><strong>in</strong></span> <span class='ocrx_word' id='word_1_170' title='bbox 819 1733 859 1778; x_wconf 92' lang='lat' dir='ltr'><strong>eo</strong></span> <span class='ocrx_word' id='word_1_171' title='bbox 876 1720 1012 1778; x_wconf 91' lang='lat' dir='ltr'><strong>certum</strong></span> 
     </span>
     <span class='ocr_line' id='line_1_16' title="bbox 40 1807 1011 1903; baseline 0.003 -28"><span class='ocrx_word' id='word_1_172' title='bbox 40 1825 79 1882; x_wconf 86' lang='lat' dir='ltr'><strong>est</strong></span> <span class='ocrx_word' id='word_1_173' title='bbox 89 1813 332 1903; x_wconf 87' lang='lat' dir='ltr'><strong>pertinaciam,</strong></span> <span class='ocrx_word' id='word_1_174' title='bbox 358 1811 568 1898; x_wconf 89' lang='lat' dir='ltr'><strong>amentiam,</strong></span> <span class='ocrx_word' id='word_1_175' title='bbox 595 1824 630 1882; x_wconf 88' lang='lat' dir='ltr'><strong>et</strong></span> <span class='ocrx_word' id='word_1_176' title='bbox 643 1812 802 1881; x_wconf 83' lang='lat' dir='ltr'><strong>furorem</strong></span> <span class='ocrx_word' id='word_1_177' title='bbox 819 1835 838 1880; x_wconf 95' lang='lat' dir='ltr'><strong>a</strong></span> <span class='ocrx_word' id='word_1_178' title='bbox 856 1807 1011 1881; x_wconf 89' lang='lat' dir='ltr'><strong>diabolis</strong></span> 
     </span>
     <span class='ocr_line' id='line_1_17' title="bbox 41 1913 1011 2005; baseline 0.001 -26"><span class='ocrx_word' id='word_1_179' title='bbox 41 1913 78 1982; x_wconf 90' lang='lat' dir='ltr'><strong>ita</strong></span> <span class='ocrx_word' id='word_1_180' title='bbox 92 1915 332 1986; x_wconf 87' lang='lat' dir='ltr'><strong>confirmatum</strong></span> <span class='ocrx_word' id='word_1_181' title='bbox 350 1937 442 1998; x_wconf 91' lang='lat' dir='ltr'><strong>esse,</strong></span> <span class='ocrx_word' id='word_1_182' title='bbox 469 1927 510 1984; x_wconf 93' lang='lat' dir='ltr'><strong>ut</strong></span> <span class='ocrx_word' id='word_1_183' title='bbox 524 1913 627 2004; x_wconf 91' lang='lat' dir='ltr'><strong>plane</strong></span> <span class='ocrx_word' id='word_1_184' title='bbox 642 1913 800 2005; x_wconf 89' lang='lat' dir='ltr'><strong>captivus</strong></span> <span class='ocrx_word' id='word_1_185' title='bbox 813 1924 974 1984; x_wconf 89' lang='lat' dir='ltr'><strong>teneatur</strong></span> <span class='ocrx_word' id='word_1_186' title='bbox 990 1933 1011 1980; x_wconf 90' lang='lat' dir='ltr'><strong>a</strong></span> 
     </span>
     <span class='ocr_line' id='line_1_18' title="bbox 42 2011 541 2110; baseline 0.01 -28"><span class='ocrx_word' id='word_1_187' title='bbox 42 2011 236 2110; x_wconf 89' lang='lat' dir='ltr'><strong>blasphemis</strong></span> <span class='ocrx_word' id='word_1_188' title='bbox 253 2015 326 2086; x_wconf 86' lang='lat' dir='ltr'><strong>illis</strong></span> <span class='ocrx_word' id='word_1_189' title='bbox 342 2015 541 2108; x_wconf 84' lang='lat' dir='ltr'><strong>spiritibus.</strong></span> 
     </span>
    </p>

    <p class='ocr_par' dir='ltr' id='par_1_8' title="bbox 43 2111 1014 4564">
     <span class='ocr_line' id='line_1_19' title="bbox 123 2111 1010 2214; baseline -0.009 -25"><span class='ocrx_word' id='word_1_190' title='bbox 123 2118 307 2190; x_wconf 88' lang='lat' dir='ltr'><strong>Praeterea</strong></span> <span class='ocrx_word' id='word_1_191' title='bbox 324 2142 399 2188; x_wconf 91' lang='lat' dir='ltr'><strong>non</strong></span> <span class='ocrx_word' id='word_1_192' title='bbox 415 2119 581 2209; x_wconf 83' lang='lat' dir='ltr'><strong>ignorare</strong></span> <span class='ocrx_word' id='word_1_193' title='bbox 595 2127 756 2214; x_wconf 89' lang='lat' dir='ltr'><strong>oportet,</strong></span> <span class='ocrx_word' id='word_1_194' title='bbox 789 2111 1010 2208; x_wconf 87' lang='lat' dir='ltr'><strong>quodetiam</strong></span> 
     </span>
     <span class='ocr_line' id='line_1_20' title="bbox 43 2215 1012 2311; baseline -0.002 -26"><span class='ocrx_word' id='word_1_195' title='bbox 43 2221 70 2285; x_wconf 95' lang='lat' dir='ltr'><strong>in</strong></span> <span class='ocrx_word' id='word_1_196' title='bbox 88 2221 261 2311; x_wconf 89' lang='lat' dir='ltr'><strong>praesenti</strong></span> <span class='ocrx_word' id='word_1_197' title='bbox 277 2221 348 2292; x_wconf 90' lang='lat' dir='ltr'><strong>vita</strong></span> <span class='ocrx_word' id='word_1_198' title='bbox 371 2243 474 2292; x_wconf 92' lang='lat' dir='ltr'><strong>canes</strong></span> <span class='ocrx_word' id='word_1_199' title='bbox 493 2235 527 2292; x_wconf 88' lang='lat' dir='ltr'><strong>et</strong></span> <span class='ocrx_word' id='word_1_200' title='bbox 543 2217 643 2310; x_wconf 88' lang='lat' dir='ltr'><strong>porci</strong></span> <span class='ocrx_word' id='word_1_201' title='bbox 659 2219 746 2289; x_wconf 90' lang='lat' dir='ltr'><strong>tales</strong></span> <span class='ocrx_word' id='word_1_202' title='bbox 761 2215 1012 2310; x_wconf 86' lang='lat' dir='ltr'><strong>opprimantur</strong></span> 
     </span>
     <span class='ocr_line' id='line_1_21' title="bbox 43 2313 1011 2414; baseline -0.002 -26"><span class='ocrx_word' id='word_1_203' title='bbox 43 2323 158 2412; x_wconf 82' lang='lat' dir='ltr'><strong>tragicis</strong></span> <span class='ocrx_word' id='word_1_204' title='bbox 172 2337 206 2396; x_wconf 90' lang='lat' dir='ltr'><strong>et</strong></span> <span class='ocrx_word' id='word_1_205' title='bbox 221 2322 405 2393; x_wconf 91' lang='lat' dir='ltr'><strong>atrocibus</strong></span> <span class='ocrx_word' id='word_1_206' title='bbox 416 2321 554 2414; x_wconf 88' lang='lat' dir='ltr'><strong>poenis.</strong></span> <span class='ocrx_word' id='word_1_207' title='bbox 614 2313 675 2388; x_wconf 87' lang='lat' dir='ltr'><strong>An</strong></span> <span class='ocrx_word' id='word_1_208' title='bbox 698 2341 774 2388; x_wconf 93' lang='lat' dir='ltr'><strong>non</strong></span> <span class='ocrx_word' id='word_1_209' title='bbox 796 2317 931 2389; x_wconf 90' lang='lat' dir='ltr'><strong>rabiosi</strong></span> <span class='ocrx_word' id='word_1_210' title='bbox 952 2339 1011 2386; x_wconf 93' lang='lat' dir='ltr'><strong>ca-</strong></span> 
     </span>
     <span class='ocr_line' id='line_1_22' title="bbox 44 2415 1011 2511; baseline -0.002 -21"><span class='ocrx_word' id='word_1_211' title='bbox 44 2445 105 2509; x_wconf 87' lang='lat' dir='ltr'><strong>nes,</strong></span> <span class='ocrx_word' id='word_1_212' title='bbox 126 2421 287 2511; x_wconf 87' lang='lat' dir='ltr'><strong>Pharao,</strong></span> <span class='ocrx_word' id='word_1_213' title='bbox 310 2421 493 2509; x_wconf 90' lang='lat' dir='ltr'><strong>Herodes,</strong></span> <span class='ocrx_word' id='word_1_214' title='bbox 518 2421 635 2502; x_wconf 86' lang='lat' dir='ltr'><strong>Nero,</strong></span> <span class='ocrx_word' id='word_1_215' title='bbox 660 2419 923 2500; x_wconf 83' lang='lat' dir='ltr'><strong>Diocletianus,</strong></span> <span class='ocrx_word' id='word_1_216' title='bbox 949 2415 1011 2489; x_wconf 91' lang='lat' dir='ltr'><strong>lu-</strong></span> 
     </span>
     <span class='ocr_line' id='line_1_23' title="bbox 44 2523 1012 2621; baseline 0 -31"><span class='ocrx_word' id='word_1_217' title='bbox 44 2523 153 2612; x_wconf 89' lang='lat' dir='ltr'><strong>lianus,</strong></span> <span class='ocrx_word' id='word_1_218' title='bbox 177 2541 213 2600; x_wconf 93' lang='lat' dir='ltr'><strong>et</strong></span> <span class='ocrx_word' id='word_1_219' title='bbox 239 2527 373 2598; x_wconf 88' lang='lat' dir='ltr'><strong>similes</strong></span> <span class='ocrx_word' id='word_1_220' title='bbox 397 2525 564 2621; x_wconf 86' lang='lat' dir='ltr'><strong>tyranni,</strong></span> <span class='ocrx_word' id='word_1_221' title='bbox 597 2525 742 2595; x_wconf 88' lang='lat' dir='ltr'><strong>tandem</strong></span> <span class='ocrx_word' id='word_1_222' title='bbox 766 2543 907 2594; x_wconf 88' lang='lat' dir='ltr'><strong>summo</strong></span> <span class='ocrx_word' id='word_1_223' title='bbox 927 2544 1012 2591; x_wconf 90' lang='lat' dir='ltr'><strong>cru-</strong></span> 
     </span>
     <span class='ocr_line' id='line_1_24' title="bbox 44 2621 1012 2722; baseline -0.001 -30"><span class='ocrx_word' id='word_1_224' title='bbox 44 2626 116 2696; x_wconf 87' lang='lat' dir='ltr'><strong>ciatu</strong></span> <span class='ocrx_word' id='word_1_225' title='bbox 140 2628 246 2701; x_wconf 87' lang='lat' dir='ltr'><strong>foede</strong></span> <span class='ocrx_word' id='word_1_226' title='bbox 274 2629 472 2722; x_wconf 88' lang='lat' dir='ltr'><strong>misereque</strong></span> <span class='ocrx_word' id='word_1_227' title='bbox 493 2625 700 2719; x_wconf 87' lang='lat' dir='ltr'><strong>perierunt?</strong></span> <span class='ocrx_word' id='word_1_228' title='bbox 757 2621 888 2695; x_wconf 89' lang='lat' dir='ltr'><strong>Nonne</strong></span> <span class='ocrx_word' id='word_1_229' title='bbox 909 2623 1012 2722; x_wconf 92' lang='lat' dir='ltr'><strong>porci</strong></span> 
     </span>
     <span class='ocr_line' id='line_1_25' title="bbox 44 2721 1011 2820; baseline 0.001 -27"><span class='ocrx_word' id='word_1_230' title='bbox 44 2725 204 2816; x_wconf 86' lang='lat' dir='ltr'><strong>lutulenti,</strong></span> <span class='ocrx_word' id='word_1_231' title='bbox 233 2725 304 2800; x_wconf 89' lang='lat' dir='ltr'><strong>boc</strong></span> <span class='ocrx_word' id='word_1_232' title='bbox 325 2743 398 2817; x_wconf 94' lang='lat' dir='ltr'><strong>est,</strong></span> <span class='ocrx_word' id='word_1_233' title='bbox 429 2740 549 2820; x_wconf 82' lang='lat' dir='ltr'><strong>gentes</strong></span> <span class='ocrx_word' id='word_1_234' title='bbox 571 2751 612 2800; x_wconf 92' lang='lat' dir='ltr'><strong>ac</strong></span> <span class='ocrx_word' id='word_1_235' title='bbox 635 2728 745 2799; x_wconf 90' lang='lat' dir='ltr'><strong>urbes</strong></span> <span class='ocrx_word' id='word_1_236' title='bbox 768 2726 918 2817; x_wconf 89' lang='lat' dir='ltr'><strong>impiae,</strong></span> <span class='ocrx_word' id='word_1_237' title='bbox 943 2721 1011 2795; x_wconf 90' lang='lat' dir='ltr'><strong>So-</strong></span> 
     </span>
     <span class='ocr_line' id='line_1_26' title="bbox 44 2823 1012 2918; baseline -0.001 -22"><span class='ocrx_word' id='word_1_238' title='bbox 44 2829 141 2917; x_wconf 88' lang='lat' dir='ltr'><strong>doma,</strong></span> <span class='ocrx_word' id='word_1_239' title='bbox 166 2831 368 2918; x_wconf 86' lang='lat' dir='ltr'><strong>Gomorra,</strong></span> <span class='ocrx_word' id='word_1_240' title='bbox 392 2830 529 2912; x_wconf 84' lang='lat' dir='ltr'><strong>Roma,</strong></span> <span class='ocrx_word' id='word_1_241' title='bbox 552 2823 657 2912; x_wconf 83' lang='lat' dir='ltr'><strong>Asia,</strong></span> <span class='ocrx_word' id='word_1_242' title='bbox 684 2826 856 2910; x_wconf 88' lang='lat' dir='ltr'><strong>Graecia,</strong></span> <span class='ocrx_word' id='word_1_243' title='bbox 881 2825 1012 2899; x_wconf 87' lang='lat' dir='ltr'><strong>tristis-</strong></span> 
     </span>
     <span class='ocr_line' id='line_1_27' title="bbox 45 2928 1012 3025; baseline 0.003 -29"><span class='ocrx_word' id='word_1_244' title='bbox 45 2930 120 3001; x_wconf 87' lang='lat' dir='ltr'><strong>simis</strong></span> <span class='ocrx_word' id='word_1_245' title='bbox 142 2933 314 3025; x_wconf 88' lang='lat' dir='ltr'><strong>exemplis</strong></span> <span class='ocrx_word' id='word_1_246' title='bbox 333 2928 560 3006; x_wconf 90' lang='lat' dir='ltr'><strong>horribiliter</strong></span> <span class='ocrx_word' id='word_1_247' title='bbox 581 2944 756 3016; x_wconf 88' lang='lat' dir='ltr'><strong>vastatae,</strong></span> <span class='ocrx_word' id='word_1_248' title='bbox 790 2930 949 3024; x_wconf 90' lang='lat' dir='ltr'><strong>direptae</strong></span> <span class='ocrx_word' id='word_1_249' title='bbox 972 2951 1012 3000; x_wconf 91' lang='lat' dir='ltr'><strong>ac</strong></span> 
     </span>
     <span class='ocr_line' id='line_1_28' title="bbox 43 3030 1011 3128; baseline 0.002 -30"><span class='ocrx_word' id='word_1_250' title='bbox 43 3030 177 3108; x_wconf 89' lang='lat' dir='ltr'><strong>lunditus</strong></span> <span class='ocrx_word' id='word_1_251' title='bbox 193 3037 332 3108; x_wconf 89' lang='lat' dir='ltr'><strong>deletae</strong></span> <span class='ocrx_word' id='word_1_252' title='bbox 347 3034 455 3106; x_wconf 82' lang='lat' dir='ltr'><strong>sunt?</strong></span> <span class='ocrx_word' id='word_1_253' title='bbox 506 3031 606 3126; x_wconf 86' lang='lat' dir='ltr'><strong>Quid</strong></span> <span class='ocrx_word' id='word_1_254' title='bbox 629 3035 725 3128; x_wconf 91' lang='lat' dir='ltr'><strong>quod</strong></span> <span class='ocrx_word' id='word_1_255' title='bbox 743 3045 826 3102; x_wconf 89' lang='lat' dir='ltr'><strong>ante</strong></span> <span class='ocrx_word' id='word_1_256' title='bbox 848 3055 1011 3102; x_wconf 88' lang='lat' dir='ltr'><strong>omnrnm</strong></span> 
     </span>
     <span class='ocr_line' id='line_1_29' title="bbox 45 3134 1012 3229; baseline 0.003 -29"><span class='ocrx_word' id='word_1_257' title='bbox 45 3137 141 3207; x_wconf 89' lang='lat' dir='ltr'><strong>oculos</strong></span> <span class='ocrx_word' id='word_1_258' title='bbox 154 3151 346 3210; x_wconf 90' lang='lat' dir='ltr'><strong>versantur</strong></span> <span class='ocrx_word' id='word_1_259' title='bbox 361 3152 397 3210; x_wconf 89' lang='lat' dir='ltr'><strong>et</strong></span> <span class='ocrx_word' id='word_1_260' title='bbox 410 3139 450 3208; x_wconf 91' lang='lat' dir='ltr'><strong>in</strong></span> <span class='ocrx_word' id='word_1_261' title='bbox 466 3149 658 3229; x_wconf 90' lang='lat' dir='ltr'><strong>conspectu</strong></span> <span class='ocrx_word' id='word_1_262' title='bbox 671 3134 806 3228; x_wconf 87' lang='lat' dir='ltr'><strong>positae</strong></span> <span class='ocrx_word' id='word_1_263' title='bbox 821 3148 906 3206; x_wconf 87' lang='lat' dir='ltr'><strong>sunt</strong></span> <span class='ocrx_word' id='word_1_264' title='bbox 925 3157 1012 3227; x_wconf 92' lang='lat' dir='ltr'><strong>poe-</strong></span> 
     </span>
     <span class='ocr_line' id='line_1_30' title="bbox 45 3237 1012 3334; baseline -0.001 -28"><span class='ocrx_word' id='word_1_265' title='bbox 45 3259 95 3306; x_wconf 89' lang='lat' dir='ltr'><strong>nae</strong></span> <span class='ocrx_word' id='word_1_266' title='bbox 113 3241 358 3334; x_wconf 88' lang='lat' dir='ltr'><strong>quotidianae,</strong></span> <span class='ocrx_word' id='word_1_267' title='bbox 382 3239 496 3325; x_wconf 87' lang='lat' dir='ltr'><strong>bella,</strong></span> <span class='ocrx_word' id='word_1_268' title='bbox 521 3239 651 3324; x_wconf 87' lang='lat' dir='ltr'><strong>lames,</strong></span> <span class='ocrx_word' id='word_1_269' title='bbox 675 3237 884 3332; x_wconf 87' lang='lat' dir='ltr'><strong>tyrannides</strong></span> <span class='ocrx_word' id='word_1_270' title='bbox 900 3260 940 3306; x_wconf 90' lang='lat' dir='ltr'><strong>ac</strong></span> <span class='ocrx_word' id='word_1_271' title='bbox 954 3237 1012 3306; x_wconf 90' lang='lat' dir='ltr'><strong>di-</strong></span> 
     </span>
     <span class='ocr_line' id='line_1_31' title="bbox 43 3337 1014 3438; baseline 0.003 -33"><span class='ocrx_word' id='word_1_272' title='bbox 43 3337 250 3415; x_wconf 84' lang='lat' dir='ltr'><strong>lacerationes</strong></span> <span class='ocrx_word' id='word_1_273' title='bbox 264 3341 516 3436; x_wconf 89' lang='lat' dir='ltr'><strong>imperiorum,</strong></span> <span class='ocrx_word' id='word_1_274' title='bbox 543 3340 775 3438; x_wconf 79' lang='lat' dir='ltr'><strong>expilationes</strong></span> <span class='ocrx_word' id='word_1_275' title='bbox 788 3337 1014 3426; x_wconf 81' lang='lat' dir='ltr'><strong>immodicae,</strong></span> 
     </span>
     <span class='ocr_line' id='line_1_32' title="bbox 44 3437 1011 3540; baseline 0.004 -34"><span class='ocrx_word' id='word_1_276' title='bbox 44 3446 229 3518; x_wconf 84' lang='lat' dir='ltr'><strong>vastationes</strong></span> <span class='ocrx_word' id='word_1_277' title='bbox 249 3446 458 3535; x_wconf 81' lang='lat' dir='ltr'><strong>regionum,</strong></span> <span class='ocrx_word' id='word_1_278' title='bbox 489 3456 525 3515; x_wconf 93' lang='lat' dir='ltr'><strong>et</strong></span> <span class='ocrx_word' id='word_1_279' title='bbox 541 3441 822 3534; x_wconf 87' lang='lat' dir='ltr'><strong>provinciarum.</strong></span> <span class='ocrx_word' id='word_1_280' title='bbox 872 3437 1011 3540; x_wconf 82' lang='lat' dir='ltr'><strong>Huius-</strong></span> 
     </span>
     <span class='ocr_line' id='line_1_33' title="bbox 44 3543 1012 3642; baseline 0.004 -32"><span class='ocrx_word' id='word_1_281' title='bbox 44 3548 121 3615; x_wconf 90' lang='lat' dir='ltr'><strong>modi</strong></span> <span class='ocrx_word' id='word_1_282' title='bbox 141 3547 267 3642; x_wconf 88' lang='lat' dir='ltr'><strong>poenis</strong></span> <span class='ocrx_word' id='word_1_283' title='bbox 290 3544 386 3617; x_wconf 86' lang='lat' dir='ltr'><strong>Deus</strong></span> <span class='ocrx_word' id='word_1_284' title='bbox 408 3557 554 3630; x_wconf 91' lang='lat' dir='ltr'><strong>onerat,</strong></span> <span class='ocrx_word' id='word_1_285' title='bbox 587 3545 753 3633; x_wconf 84' lang='lat' dir='ltr'><strong>castigat,</strong></span> <span class='ocrx_word' id='word_1_286' title='bbox 786 3557 821 3614; x_wconf 91' lang='lat' dir='ltr'><strong>et</strong></span> <span class='ocrx_word' id='word_1_287' title='bbox 840 3543 1012 3636; x_wconf 92' lang='lat' dir='ltr'><strong>opprimit</strong></span> 
     </span>
     <span class='ocr_line' id='line_1_34' title="bbox 46 3641 1010 3746; baseline 0.001 -33"><span class='ocrx_word' id='word_1_288' title='bbox 46 3667 126 3717; x_wconf 79' lang='lat' dir='ltr'><strong>unes</strong></span> <span class='ocrx_word' id='word_1_289' title='bbox 144 3666 252 3746; x_wconf 85' lang='lat' dir='ltr'><strong>atque</strong></span> <span class='ocrx_word' id='word_1_290' title='bbox 274 3670 420 3741; x_wconf 89' lang='lat' dir='ltr'><strong>porcos,</strong></span> <span class='ocrx_word' id='word_1_291' title='bbox 450 3647 640 3742; x_wconf 90' lang='lat' dir='ltr'><strong>dequibus</strong></span> <span class='ocrx_word' id='word_1_292' title='bbox 657 3641 716 3716; x_wconf 93' lang='lat' dir='ltr'><strong>hic</strong></span> <span class='ocrx_word' id='word_1_293' title='bbox 732 3646 884 3732; x_wconf 91' lang='lat' dir='ltr'><strong>dicitur,</strong></span> <span class='ocrx_word' id='word_1_294' title='bbox 910 3658 952 3716; x_wconf 89' lang='lat' dir='ltr'><strong>ut</strong></span> <span class='ocrx_word' id='word_1_295' title='bbox 965 3645 1010 3715; x_wconf 91' lang='lat' dir='ltr'><strong>ab</strong></span> 
     </span>
     <span class='ocr_line' id='line_1_35' title="bbox 46 3745 1011 3842; baseline 0.004 -30"><span class='ocrx_word' id='word_1_296' title='bbox 46 3745 198 3842; x_wconf 87' lang='lat' dir='ltr'><strong>aliquibus</strong></span> <span class='ocrx_word' id='word_1_297' title='bbox 211 3763 427 3841; x_wconf 80' lang='lat' dir='ltr'><strong>agnoscatur</strong></span> <span class='ocrx_word' id='word_1_298' title='bbox 441 3762 476 3821; x_wconf 93' lang='lat' dir='ltr'><strong>et</strong></span> <span class='ocrx_word' id='word_1_299' title='bbox 489 3748 709 3839; x_wconf 82' lang='lat' dir='ltr'><strong>intelligatur</strong></span> <span class='ocrx_word' id='word_1_300' title='bbox 723 3745 777 3817; x_wconf 93' lang='lat' dir='ltr'><strong>ira</strong></span> <span class='ocrx_word' id='word_1_301' title='bbox 790 3746 922 3819; x_wconf 86' lang='lat' dir='ltr'><strong>&#39;divina</strong></span> <span class='ocrx_word' id='word_1_302' title='bbox 945 3747 1011 3816; x_wconf 92' lang='lat' dir='ltr'><strong>ad-</strong></span> 
     </span>
     <span class='ocr_line' id='line_1_36' title="bbox 46 3849 1010 3948; baseline 0.002 -33"><span class='ocrx_word' id='word_1_303' title='bbox 46 3871 145 3924; x_wconf 87' lang='lat' dir='ltr'><strong>versus</strong></span> <span class='ocrx_word' id='word_1_304' title='bbox 159 3867 362 3948; x_wconf 90' lang='lat' dir='ltr'><strong>peccatum,</strong></span> <span class='ocrx_word' id='word_1_305' title='bbox 387 3866 423 3922; x_wconf 94' lang='lat' dir='ltr'><strong>et</strong></span> <span class='ocrx_word' id='word_1_306' title='bbox 438 3851 567 3923; x_wconf 87' lang='lat' dir='ltr'><strong>caeteri</strong></span> <span class='ocrx_word' id='word_1_307' title='bbox 587 3875 662 3922; x_wconf 94' lang='lat' dir='ltr'><strong>non</strong></span> <span class='ocrx_word' id='word_1_308' title='bbox 685 3850 863 3922; x_wconf 88' lang='lat' dir='ltr'><strong>sanabiles</strong></span> <span class='ocrx_word' id='word_1_309' title='bbox 878 3849 1010 3921; x_wconf 89' lang='lat' dir='ltr'><strong>tollan-</strong></span> 
     </span>
     <span class='ocr_line' id='line_1_37' title="bbox 47 3951 1010 4028; baseline 0 -9"><span class='ocrx_word' id='word_1_310' title='bbox 47 3961 91 4019; x_wconf 89' lang='lat' dir='ltr'><strong>tur</strong></span> <span class='ocrx_word' id='word_1_311' title='bbox 109 3978 126 4024; x_wconf 92' lang='lat' dir='ltr'><strong>e</strong></span> <span class='ocrx_word' id='word_1_312' title='bbox 146 3957 277 4028; x_wconf 89' lang='lat' dir='ltr'><strong>medio.</strong></span> <span class='ocrx_word' id='word_1_313' title='bbox 342 3952 446 4024; x_wconf 85' lang='lat' dir='ltr'><strong>Hanc</strong></span> <span class='ocrx_word' id='word_1_314' title='bbox 469 3957 612 4024; x_wconf 90' lang='lat' dir='ltr'><strong>brevem</strong></span> <span class='ocrx_word' id='word_1_315' title='bbox 633 3951 1010 4024; x_wconf 83' lang='lat' dir='ltr'><strong>commonefactionem</strong></span> 
     </span>
     <span class='ocr_line' id='line_1_38' title="bbox 46 4049 1010 4130; baseline 0.006 -13"><span class='ocrx_word' id='word_1_316' title='bbox 46 4051 143 4129; x_wconf 90' lang='lat' dir='ltr'><strong>iudico</strong></span> <span class='ocrx_word' id='word_1_317' title='bbox 171 4059 330 4130; x_wconf 86' lang='lat' dir='ltr'><strong>sulficere</strong></span> <span class='ocrx_word' id='word_1_318' title='bbox 360 4055 578 4127; x_wconf 89' lang='lat' dir='ltr'><strong>enarrationi</strong></span> <span class='ocrx_word' id='word_1_319' title='bbox 610 4049 720 4126; x_wconf 89' lang='lat' dir='ltr'><strong>huius</strong></span> <span class='ocrx_word' id='word_1_320' title='bbox 749 4055 847 4124; x_wconf 83' lang='lat' dir='ltr'><strong>dicti.</strong></span> <span class='ocrx_word' id='word_1_321' title='bbox 911 4050 1010 4124; x_wconf 90' lang='lat' dir='ltr'><strong>Deus</strong></span> 
     </span>
     <span class='ocr_line' id='line_1_39' title="bbox 45 4153 1010 4237; baseline 0 -12"><span class='ocrx_word' id='word_1_322' title='bbox 45 4153 211 4233; x_wconf 87' lang='lat' dir='ltr'><strong>clementer</strong></span> <span class='ocrx_word' id='word_1_323' title='bbox 238 4161 383 4231; x_wconf 91' lang='lat' dir='ltr'><strong>adiuvet</strong></span> <span class='ocrx_word' id='word_1_324' title='bbox 410 4171 445 4229; x_wconf 92' lang='lat' dir='ltr'><strong>et</strong></span> <span class='ocrx_word' id='word_1_325' title='bbox 468 4158 636 4228; x_wconf 90' lang='lat' dir='ltr'><strong>accendat</strong></span> <span class='ocrx_word' id='word_1_326' title='bbox 658 4157 764 4226; x_wconf 90' lang='lat' dir='ltr'><strong>corda</strong></span> <span class='ocrx_word' id='word_1_327' title='bbox 787 4169 928 4237; x_wconf 90' lang='lat' dir='ltr'><strong>nostra,</strong></span> <span class='ocrx_word' id='word_1_328' title='bbox 970 4167 1010 4226; x_wconf 90' lang='lat' dir='ltr'><strong>ut</strong></span> 
     </span>
     <span class='ocr_line' id='line_1_40' title="bbox 46 4252 1009 4350; baseline 0.005 -31"><span class='ocrx_word' id='word_1_329' title='bbox 46 4278 109 4327; x_wconf 84' lang='lat' dir='ltr'><strong>rere</strong></span> <span class='ocrx_word' id='word_1_330' title='bbox 128 4263 326 4334; x_wconf 86' lang='lat' dir='ltr'><strong>afficiantur</strong></span> <span class='ocrx_word' id='word_1_331' title='bbox 351 4252 408 4331; x_wconf 89' lang='lat' dir='ltr'><strong>his</strong></span> <span class='ocrx_word' id='word_1_332' title='bbox 428 4259 645 4350; x_wconf 82' lang='lat' dir='ltr'><strong>gravissimis</strong></span> <span class='ocrx_word' id='word_1_333' title='bbox 666 4253 800 4330; x_wconf 83' lang='lat' dir='ltr'><strong>Christi</strong></span> <span class='ocrx_word' id='word_1_334' title='bbox 825 4256 1009 4328; x_wconf 90' lang='lat' dir='ltr'><strong>concioni-</strong></span> 
     </span>
     <span class='ocr_line' id='line_1_41' title="bbox 47 4357 1009 4454; baseline 0.001 -26"><span class='ocrx_word' id='word_1_335' title='bbox 47 4357 113 4447; x_wconf 90' lang='lat' dir='ltr'><strong>bus,</strong></span> <span class='ocrx_word' id='word_1_336' title='bbox 136 4380 169 4438; x_wconf 91' lang='lat' dir='ltr'><strong>et</strong></span> <span class='ocrx_word' id='word_1_337' title='bbox 182 4365 373 4436; x_wconf 88' lang='lat' dir='ltr'><strong>flectantur</strong></span> <span class='ocrx_word' id='word_1_338' title='bbox 387 4363 433 4433; x_wconf 90' lang='lat' dir='ltr'><strong>ad</strong></span> <span class='ocrx_word' id='word_1_339' title='bbox 448 4359 716 4431; x_wconf 90' lang='lat' dir='ltr'><strong>conversionem</strong></span> <span class='ocrx_word' id='word_1_340' title='bbox 730 4383 772 4432; x_wconf 90' lang='lat' dir='ltr'><strong>ac</strong></span> <span class='ocrx_word' id='word_1_341' title='bbox 787 4361 1009 4454; x_wconf 84' lang='lat' dir='ltr'><strong>emendatio-</strong></span> 
     </span>
     <span class='ocr_line' id='line_1_42' title="bbox 48 4462 669 4564; baseline -0.003 -30"><span class='ocrx_word' id='word_1_342' title='bbox 48 4483 110 4534; x_wconf 84' lang='lat' dir='ltr'><strong>nem</strong></span> <span class='ocrx_word' id='word_1_343' title='bbox 126 4468 215 4538; x_wconf 91' lang='lat' dir='ltr'><strong>vitae</strong></span> <span class='ocrx_word' id='word_1_344' title='bbox 232 4467 444 4557; x_wconf 88' lang='lat' dir='ltr'><strong>salutarem,</strong></span> <span class='ocrx_word' id='word_1_345' title='bbox 472 4462 600 4535; x_wconf 87' lang='lat' dir='ltr'><strong>Amen.</strong></span> <span class='ocrx_word' id='word_1_346' title='bbox 666 4557 669 4564; x_wconf 27' lang='grc' dir='ltr'>Ι</span> 
     </span>
    </p>
   </div>
   <div class='ocr_carea' id='block_1_8' title="bbox 215 4631 811 4726">
    <p class='ocr_par' dir='ltr' id='par_1_9' title="bbox 215 4631 811 4726">
     <span class='ocr_line' id='line_1_43' title="bbox 215 4631 811 4726; baseline -0.007 -16"><span class='ocrx_word' id='word_1_347' title='bbox 215 4642 345 4713; x_wconf 79' lang='lat' dir='ltr'><strong>Petite</strong></span> <span class='ocrx_word' id='word_1_348' title='bbox 360 4643 400 4710; x_wconf 84' lang='lat' dir='ltr'><strong>et</strong></span> <span class='ocrx_word' id='word_1_349' title='bbox 419 4633 573 4708; x_wconf 79' lang='lat' dir='ltr'><strong>dubitor</strong></span> <span class='ocrx_word' id='word_1_350' title='bbox 587 4631 711 4726; x_wconf 77' lang='lat' dir='ltr'><strong>ectu,</strong></span> <span class='ocrx_word' id='word_1_351' title='bbox 738 4641 811 4706; x_wconf 86' lang='lat' dir='ltr'><strong>etc.</strong></span> 
     </span>
    </p>
   </div>
   <div class='ocr_carea' id='block_1_9' title="bbox 50 4768 1011 5273">
    <p class='ocr_par' dir='ltr' id='par_1_10' title="bbox 50 4768 1011 5273">
     <span class='ocr_line' id='line_1_44' title="bbox 125 4768 1011 4863; baseline -0.002 -19"><span class='ocrx_word' id='word_1_352' title='bbox 125 4769 327 4846; x_wconf 89' lang='lat' dir='ltr'><strong>Discrimen</strong></span> <span class='ocrx_word' id='word_1_353' title='bbox 353 4774 448 4844; x_wconf 92' lang='lat' dir='ltr'><strong>inter</strong></span> <span class='ocrx_word' id='word_1_354' title='bbox 478 4784 663 4863; x_wconf 90' lang='lat' dir='ltr'><strong>praecepta</strong></span> <span class='ocrx_word' id='word_1_355' title='bbox 693 4783 728 4842; x_wconf 92' lang='lat' dir='ltr'><strong>et</strong></span> <span class='ocrx_word' id='word_1_356' title='bbox 756 4768 1011 4862; x_wconf 89' lang='lat' dir='ltr'><strong>promissiones</strong></span> 
     </span>
     <span class='ocr_line' id='line_1_45' title="bbox 50 4867 1010 4965; baseline 0.005 -28"><span class='ocrx_word' id='word_1_357' title='bbox 50 4893 118 4960; x_wconf 90' lang='lat' dir='ltr'><strong>opus</strong></span> <span class='ocrx_word' id='word_1_358' title='bbox 130 4893 178 4950; x_wconf 91' lang='lat' dir='ltr'><strong>est</strong></span> <span class='ocrx_word' id='word_1_359' title='bbox 192 4891 330 4963; x_wconf 85' lang='lat' dir='ltr'><strong>extare,</strong></span> <span class='ocrx_word' id='word_1_360' title='bbox 359 4891 393 4948; x_wconf 93' lang='lat' dir='ltr'><strong>et</strong></span> <span class='ocrx_word' id='word_1_361' title='bbox 412 4886 581 4965; x_wconf 87' lang='lat' dir='ltr'><strong>perpetuo</strong></span> <span class='ocrx_word' id='word_1_362' title='bbox 597 4885 724 4944; x_wconf 90' lang='lat' dir='ltr'><strong>notum</strong></span> <span class='ocrx_word' id='word_1_363' title='bbox 738 4893 812 4942; x_wconf 89' lang='lat' dir='ltr'><strong>esse</strong></span> <span class='ocrx_word' id='word_1_364' title='bbox 830 4872 870 4942; x_wconf 91' lang='lat' dir='ltr'><strong>in</strong></span> <span class='ocrx_word' id='word_1_365' title='bbox 885 4867 1010 4942; x_wconf 85' lang='lat' dir='ltr'><strong>Eccle-</strong></span> 
     </span>
     <span class='ocr_line' id='line_1_46' title="bbox 50 4973 1010 5074; baseline 0 -31"><span class='ocrx_word' id='word_1_366' title='bbox 50 4973 103 5044; x_wconf 75' lang='lat' dir='ltr'><strong>siae</strong></span> <span class='ocrx_word' id='word_1_367' title='bbox 130 5003 215 5072; x_wconf 90' lang='lat' dir='ltr'><strong>quae</strong></span> <span class='ocrx_word' id='word_1_368' title='bbox 237 4979 379 5074; x_wconf 88' lang='lat' dir='ltr'><strong>quidem</strong></span> <span class='ocrx_word' id='word_1_369' title='bbox 396 4975 593 5048; x_wconf 88' lang='lat' dir='ltr'><strong>admonitio</strong></span> <span class='ocrx_word' id='word_1_370' title='bbox 616 4998 720 5068; x_wconf 88' lang='lat' dir='ltr'><strong>saepe</strong></span> <span class='ocrx_word' id='word_1_371' title='bbox 743 4975 931 5067; x_wconf 88' lang='lat' dir='ltr'><strong>repetitur,</strong></span> <span class='ocrx_word' id='word_1_372' title='bbox 954 4975 1010 5044; x_wconf 90' lang='lat' dir='ltr'><strong>vi-</strong></span> 
     </span>
     <span class='ocr_line' id='line_1_47' title="bbox 52 5075 1010 5176; baseline 0.006 -37"><span class='ocrx_word' id='word_1_373' title='bbox 52 5075 163 5166; x_wconf 88' lang='lat' dir='ltr'><strong>delicet,</strong></span> <span class='ocrx_word' id='word_1_374' title='bbox 177 5083 271 5176; x_wconf 91' lang='lat' dir='ltr'><strong>quod</strong></span> <span class='ocrx_word' id='word_1_375' title='bbox 287 5101 426 5150; x_wconf 88' lang='lat' dir='ltr'><strong>necesse</strong></span> <span class='ocrx_word' id='word_1_376' title='bbox 440 5079 486 5148; x_wconf 84' lang='lat' dir='ltr'><strong>sit</strong></span> <span class='ocrx_word' id='word_1_377' title='bbox 503 5078 659 5148; x_wconf 89' lang='lat' dir='ltr'><strong>discerni</strong></span> <span class='ocrx_word' id='word_1_378' title='bbox 675 5090 859 5170; x_wconf 89' lang='lat' dir='ltr'><strong>praecepta</strong></span> <span class='ocrx_word' id='word_1_379' title='bbox 875 5089 909 5148; x_wconf 89' lang='lat' dir='ltr'><strong>et</strong></span> <span class='ocrx_word' id='word_1_380' title='bbox 924 5101 1010 5167; x_wconf 89' lang='lat' dir='ltr'><strong>pro-</strong></span> 
     </span>
     <span class='ocr_line' id='line_1_48' title="bbox 50 5172 1011 5273; baseline 0.002 -28"><span class='ocrx_word' id='word_1_381' title='bbox 50 5176 217 5255; x_wconf 84' lang='lat' dir='ltr'><strong>missiones.</strong></span> <span class='ocrx_word' id='word_1_382' title='bbox 243 5177 476 5266; x_wconf 79' lang='lat' dir='ltr'><strong>Achactenus</strong></span> <span class='ocrx_word' id='word_1_383' title='bbox 487 5180 526 5248; x_wconf 91' lang='lat' dir='ltr'><strong>in</strong></span> <span class='ocrx_word' id='word_1_384' title='bbox 542 5179 714 5273; x_wconf 86' lang='lat' dir='ltr'><strong>proximis</strong></span> <span class='ocrx_word' id='word_1_385' title='bbox 730 5172 938 5250; x_wconf 90' lang='lat' dir='ltr'><strong>hisduobus</strong></span> <span class='ocrx_word' id='word_1_386' title='bbox 951 5202 1011 5248; x_wconf 88' lang='lat' dir='ltr'><strong>ca-</strong></span> 
     </span>
    </p>
   </div>
   <div class='ocr_carea' id='block_1_10' title="bbox 1064 1298 2056 1903">
    <p class='ocr_par' dir='ltr' id='par_1_11' title="bbox 1064 1298 2056 1903">
     <span class='ocr_line' id='line_1_49' title="bbox 1064 1298 2055 1400; baseline -0.003 -26"><span class='ocrx_word' id='word_1_387' title='bbox 1064 1327 1180 1400; x_wconf 89' lang='lat' dir='ltr'><strong>synas,</strong></span> <span class='ocrx_word' id='word_1_388' title='bbox 1207 1305 1325 1376; x_wconf 90' lang='lat' dir='ltr'><strong>sobrie</strong></span> <span class='ocrx_word' id='word_1_389' title='bbox 1338 1319 1372 1375; x_wconf 92' lang='lat' dir='ltr'><strong>et</strong></span> <span class='ocrx_word' id='word_1_390' title='bbox 1387 1318 1624 1399; x_wconf 88' lang='lat' dir='ltr'><strong>temperanter</strong></span> <span class='ocrx_word' id='word_1_391' title='bbox 1637 1303 1768 1389; x_wconf 88' lang='lat' dir='ltr'><strong>vivere,</strong></span> <span class='ocrx_word' id='word_1_392' title='bbox 1783 1315 1862 1386; x_wconf 77' lang='lat' dir='ltr'><strong>etc,</strong></span> <span class='ocrx_word' id='word_1_393' title='bbox 1877 1303 1938 1374; x_wconf 91' lang='lat' dir='ltr'><strong>sed</strong></span> <span class='ocrx_word' id='word_1_394' title='bbox 1956 1298 2055 1373; x_wconf 90' lang='lat' dir='ltr'><strong>hunc</strong></span> 
     </span>
     <span class='ocr_line' id='line_1_50' title="bbox 1064 1397 2055 1502; baseline -0.005 -26"><span class='ocrx_word' id='word_1_395' title='bbox 1064 1407 1232 1477; x_wconf 87' lang='lat' dir='ltr'><strong>eximium</strong></span> <span class='ocrx_word' id='word_1_396' title='bbox 1249 1407 1469 1502; x_wconf 87' lang='lat' dir='ltr'><strong>spiritualem</strong></span> <span class='ocrx_word' id='word_1_397' title='bbox 1493 1422 1527 1480; x_wconf 91' lang='lat' dir='ltr'><strong>et</strong></span> <span class='ocrx_word' id='word_1_398' title='bbox 1549 1397 1756 1478; x_wconf 79' lang='lat' dir='ltr'><strong>interiorem</strong></span> <span class='ocrx_word' id='word_1_399' title='bbox 1769 1405 1932 1487; x_wconf 86' lang='lat' dir='ltr'><strong>¹cultum,</strong></span> <span class='ocrx_word' id='word_1_400' title='bbox 1958 1405 2055 1474; x_wconf 86' lang='lat' dir='ltr'><strong>scili·</strong></span> 
     </span>
     <span class='ocr_line' id='line_1_51' title="bbox 1064 1507 2054 1598; baseline -0.002 -20"><span class='ocrx_word' id='word_1_401' title='bbox 1064 1522 1140 1595; x_wconf 91' lang='lat' dir='ltr'><strong>cet,</strong></span> <span class='ocrx_word' id='word_1_402' title='bbox 1177 1533 1299 1579; x_wconf 86' lang='lat' dir='ltr'><strong>veram</strong></span> <span class='ocrx_word' id='word_1_403' title='bbox 1329 1507 1612 1595; x_wconf 89' lang='lat' dir='ltr'><strong>invocationem,</strong></span> <span class='ocrx_word' id='word_1_404' title='bbox 1637 1522 1686 1581; x_wconf 78' lang='lat' dir='ltr'><strong>&#39;et</strong></span> <span class='ocrx_word' id='word_1_405' title='bbox 1715 1531 1835 1578; x_wconf 89' lang='lat' dir='ltr'><strong>veram</strong></span> <span class='ocrx_word' id='word_1_406' title='bbox 1862 1507 2054 1598; x_wconf 84' lang='lat' dir='ltr'><strong>gratiarum</strong></span> 
     </span>
     <span class='ocr_line' id='line_1_52' title="bbox 1064 1609 2054 1710; baseline 0.002 -30"><span class='ocrx_word' id='word_1_407' title='bbox 1064 1611 1259 1698; x_wconf 89' lang='lat' dir='ltr'><strong>actionem,</strong></span> <span class='ocrx_word' id='word_1_408' title='bbox 1277 1635 1382 1682; x_wconf 90' lang='lat' dir='ltr'><strong>nemo</strong></span> <span class='ocrx_word' id='word_1_409' title='bbox 1397 1626 1511 1703; x_wconf 90' lang='lat' dir='ltr'><strong>potest</strong></span> <span class='ocrx_word' id='word_1_410' title='bbox 1526 1611 1703 1710; x_wconf 77' lang='lat' dir='ltr'><strong>praestare</strong></span> <span class='ocrx_word' id='word_1_411' title='bbox 1718 1609 1814 1690; x_wconf 90' lang='lat' dir='ltr'><strong>Deo,</strong></span> <span class='ocrx_word' id='word_1_412' title='bbox 1840 1622 1979 1701; x_wconf 89' lang='lat' dir='ltr'><strong>praeter</strong></span> <span class='ocrx_word' id='word_1_413' title='bbox 1993 1633 2054 1682; x_wconf 91' lang='lat' dir='ltr'><strong>so-</strong></span> 
     </span>
     <span class='ocr_line' id='line_1_53' title="bbox 1064 1709 2053 1806; baseline -0.003 -22"><span class='ocrx_word' id='word_1_414' title='bbox 1064 1713 1118 1784; x_wconf 91' lang='lat' dir='ltr'><strong>los</strong></span> <span class='ocrx_word' id='word_1_415' title='bbox 1134 1709 1379 1800; x_wconf 88' lang='lat' dir='ltr'><strong>Christianos,</strong></span> <span class='ocrx_word' id='word_1_416' title='bbox 1406 1728 1441 1787; x_wconf 91' lang='lat' dir='ltr'><strong>et</strong></span> <span class='ocrx_word' id='word_1_417' title='bbox 1457 1738 1541 1786; x_wconf 89' lang='lat' dir='ltr'><strong>vera</strong></span> <span class='ocrx_word' id='word_1_418' title='bbox 1554 1709 1733 1784; x_wconf 84' lang='lat' dir='ltr'><strong>Ecclesiae</strong></span> <span class='ocrx_word' id='word_1_419' title='bbox 1756 1714 1936 1797; x_wconf 89' lang='lat' dir='ltr'><strong>membra,</strong></span> <span class='ocrx_word' id='word_1_420' title='bbox 1963 1735 2053 1806; x_wconf 88' lang='lat' dir='ltr'><strong>quae</strong></span> 
     </span>
     <span class='ocr_line' id='line_1_54' title="bbox 1065 1814 2056 1903; baseline -0.001 -17"><span class='ocrx_word' id='word_1_421' title='bbox 1065 1815 1225 1887; x_wconf 89' lang='lat' dir='ltr'><strong>sentiunt</strong></span> <span class='ocrx_word' id='word_1_422' title='bbox 1240 1815 1343 1888; x_wconf 92' lang='lat' dir='ltr'><strong>initia</strong></span> <span class='ocrx_word' id='word_1_423' title='bbox 1359 1817 1497 1887; x_wconf 88' lang='lat' dir='ltr'><strong>timoris</strong></span> <span class='ocrx_word' id='word_1_424' title='bbox 1511 1815 1599 1903; x_wconf 87' lang='lat' dir='ltr'><strong>Dei,</strong></span> <span class='ocrx_word' id='word_1_425' title='bbox 1625 1816 1725 1902; x_wconf 82' lang='lat' dir='ltr'><strong>fidei,</strong></span> <span class='ocrx_word' id='word_1_426' title='bbox 1752 1829 1787 1886; x_wconf 90' lang='lat' dir='ltr'><strong>et</strong></span> <span class='ocrx_word' id='word_1_427' title='bbox 1802 1814 2056 1886; x_wconf 88' lang='lat' dir='ltr'><strong>consolationis</strong></span> 
     </span>
    </p>
   </div>
   <div class='ocr_carea' id='block_1_11' title="bbox 1064 1917 2180 2013">
    <p class='ocr_par' dir='ltr' id='par_1_12' title="bbox 1064 1917 2180 2013">
     <span class='ocr_line' id='line_1_55' title="bbox 1064 1917 2180 2013; baseline -0.003 -25"><span class='ocrx_word' id='word_1_428' title='bbox 1064 1932 1227 1989; x_wconf 91' lang='lat' dir='ltr'><strong>aeternae</strong></span> <span class='ocrx_word' id='word_1_429' title='bbox 1243 1919 1281 1987; x_wconf 91' lang='lat' dir='ltr'><strong>in</strong></span> <span class='ocrx_word' id='word_1_430' title='bbox 1300 1920 1485 2005; x_wconf 91' lang='lat' dir='ltr'><strong>cordibus,</strong></span> <span class='ocrx_word' id='word_1_431' title='bbox 1519 1941 1682 2013; x_wconf 91' lang='lat' dir='ltr'><strong>quaeque</strong></span> <span class='ocrx_word' id='word_1_432' title='bbox 1703 1931 1839 1989; x_wconf 92' lang='lat' dir='ltr'><strong>norunt</strong></span> <span class='ocrx_word' id='word_1_433' title='bbox 1862 1917 2053 1988; x_wconf 87' lang='lat' dir='ltr'><strong>discrimen</strong></span> <span class='ocrx_word' id='word_1_434' title='bbox 2171 1957 2180 1969; x_wconf 89' lang='lat'><strong>·</strong></span> 
     </span>
    </p>
   </div>
   <div class='ocr_carea' id='block_1_12' title="bbox 1064 2016 1633 2115">
    <p class='ocr_par' dir='ltr' id='par_1_13' title="bbox 1064 2016 1633 2115">
     <span class='ocr_line' id='line_1_56' title="bbox 1064 2016 1633 2115; baseline 0.014 -27"><span class='ocrx_word' id='word_1_435' title='bbox 1064 2019 1160 2091; x_wconf 89' lang='lat' dir='ltr'><strong>inter</strong></span> <span class='ocrx_word' id='word_1_436' title='bbox 1175 2044 1257 2092; x_wconf 90' lang='lat' dir='ltr'><strong>vere</strong></span> <span class='ocrx_word' id='word_1_437' title='bbox 1276 2021 1354 2113; x_wconf 90' lang='lat' dir='ltr'><strong>pios</strong></span> <span class='ocrx_word' id='word_1_438' title='bbox 1370 2036 1403 2092; x_wconf 89' lang='lat' dir='ltr'><strong>et</strong></span> <span class='ocrx_word' id='word_1_439' title='bbox 1419 2016 1633 2115; x_wconf 83' lang='lat' dir='ltr'><strong>hypocritas.</strong></span> 
     </span>
    </p>
   </div>
   <div class='ocr_carea' id='block_1_13' title="bbox 1062 2136 2056 2842">
    <p class='ocr_par' dir='ltr' id='par_1_14' title="bbox 1062 2136 2056 2842">
     <span class='ocr_line' id='line_1_57' title="bbox 1165 2136 2056 2230; baseline -0.003 -19"><span class='ocrx_word' id='word_1_440' title='bbox 1165 2141 1219 2211; x_wconf 87' lang='lat' dir='ltr'><strong>Ac</strong></span> <span class='ocrx_word' id='word_1_441' title='bbox 1244 2141 1433 2230; x_wconf 79' lang='lat' dir='ltr'><strong>diligenter</strong></span> <span class='ocrx_word' id='word_1_442' title='bbox 1461 2141 1670 2213; x_wconf 83' lang='lat' dir='ltr'><strong>observetur</strong></span> <span class='ocrx_word' id='word_1_443' title='bbox 1690 2136 1759 2212; x_wconf 89' lang='lat' dir='ltr'><strong>boc</strong></span> <span class='ocrx_word' id='word_1_444' title='bbox 1782 2142 1862 2211; x_wconf 91' lang='lat' dir='ltr'><strong>loco</strong></span> <span class='ocrx_word' id='word_1_445' title='bbox 1885 2139 2056 2230; x_wconf 77' lang='lat' dir='ltr'><strong>coniungi</strong></span> 
     </span>
     <span class='ocr_line' id='line_1_58' title="bbox 1064 2243 2054 2336; baseline -0.004 -22"><span class='ocrx_word' id='word_1_446' title='bbox 1064 2257 1248 2336; x_wconf 85' lang='lat' dir='ltr'><strong>praecepta</strong></span> <span class='ocrx_word' id='word_1_447' title='bbox 1275 2256 1309 2313; x_wconf 89' lang='lat' dir='ltr'><strong>et</strong></span> <span class='ocrx_word' id='word_1_448' title='bbox 1332 2243 1601 2334; x_wconf 86' lang='lat' dir='ltr'><strong>promissiones:</strong></span> <span class='ocrx_word' id='word_1_449' title='bbox 1646 2244 1939 2336; x_wconf 89' lang='lat' dir='ltr'><strong>praeceptumde</strong></span> <span class='ocrx_word' id='word_1_450' title='bbox 1971 2265 2054 2334; x_wconf 91' lang='lat' dir='ltr'><strong>pre-</strong></span> 
     </span>
     <span class='ocr_line' id='line_1_59' title="bbox 1064 2340 2056 2432; baseline -0.003 -16"><span class='ocrx_word' id='word_1_451' title='bbox 1064 2348 1199 2432; x_wconf 89' lang='lat' dir='ltr'><strong>cando,</strong></span> <span class='ocrx_word' id='word_1_452' title='bbox 1226 2345 1379 2418; x_wconf 85' lang='lat' dir='ltr'><strong>affirmat</strong></span> <span class='ocrx_word' id='word_1_453' title='bbox 1394 2358 1428 2416; x_wconf 89' lang='lat' dir='ltr'><strong>te</strong></span> <span class='ocrx_word' id='word_1_454' title='bbox 1450 2348 1579 2417; x_wconf 90' lang='lat' dir='ltr'><strong>debere</strong></span> <span class='ocrx_word' id='word_1_455' title='bbox 1593 2343 1670 2418; x_wconf 89' lang='lat' dir='ltr'><strong>Deo</strong></span> <span class='ocrx_word' id='word_1_456' title='bbox 1691 2348 1839 2418; x_wconf 92' lang='lat' dir='ltr'><strong>reddere</strong></span> <span class='ocrx_word' id='word_1_457' title='bbox 1860 2340 1958 2416; x_wconf 90' lang='lat' dir='ltr'><strong>hunc</strong></span> <span class='ocrx_word' id='word_1_458' title='bbox 1978 2343 2056 2415; x_wconf 90' lang='lat' dir='ltr'><strong>cul·</strong></span> 
     </span>
     <span class='ocr_line' id='line_1_60' title="bbox 1063 2447 2054 2542; baseline -0.002 -22"><span class='ocrx_word' id='word_1_459' title='bbox 1063 2461 1161 2530; x_wconf 88' lang='lat' dir='ltr'><strong>tum,</strong></span> <span class='ocrx_word' id='word_1_460' title='bbox 1186 2461 1227 2520; x_wconf 92' lang='lat' dir='ltr'><strong>ut</strong></span> <span class='ocrx_word' id='word_1_461' title='bbox 1242 2449 1403 2534; x_wconf 87' lang='lat' dir='ltr'><strong>invoces,</strong></span> <span class='ocrx_word' id='word_1_462' title='bbox 1427 2462 1466 2518; x_wconf 90' lang='lat' dir='ltr'><strong>nt</strong></span> <span class='ocrx_word' id='word_1_463' title='bbox 1481 2462 1596 2540; x_wconf 90' lang='lat' dir='ltr'><strong>petas,</strong></span> <span class='ocrx_word' id='word_1_464' title='bbox 1622 2463 1661 2520; x_wconf 92' lang='lat' dir='ltr'><strong>ut</strong></span> <span class='ocrx_word' id='word_1_465' title='bbox 1679 2462 1854 2542; x_wconf 82' lang='lat' dir='ltr'><strong>exspectes</strong></span> <span class='ocrx_word' id='word_1_466' title='bbox 1868 2447 1914 2520; x_wconf 90' lang='lat' dir='ltr'><strong>ab</strong></span> <span class='ocrx_word' id='word_1_467' title='bbox 1930 2471 1972 2519; x_wconf 89' lang='lat' dir='ltr'><strong>eo</strong></span> <span class='ocrx_word' id='word_1_468' title='bbox 1988 2469 2054 2518; x_wconf 85' lang='lat' dir='ltr'><strong>au·</strong></span> 
     </span>
     <span class='ocr_line' id='line_1_61' title="bbox 1062 2547 2055 2644; baseline -0.002 -24"><span class='ocrx_word' id='word_1_469' title='bbox 1062 2551 1189 2620; x_wconf 76' lang='lat' dir='ltr'><strong>silium</strong></span> <span class='ocrx_word' id='word_1_470' title='bbox 1206 2550 1244 2620; x_wconf 93' lang='lat' dir='ltr'><strong>in</strong></span> <span class='ocrx_word' id='word_1_471' title='bbox 1267 2551 1450 2644; x_wconf 89' lang='lat' dir='ltr'><strong>periculis:</strong></span> <span class='ocrx_word' id='word_1_472' title='bbox 1483 2548 1678 2622; x_wconf 86' lang='lat' dir='ltr'><strong>Promissio</strong></span> <span class='ocrx_word' id='word_1_473' title='bbox 1701 2550 1871 2644; x_wconf 91' lang='lat' dir='ltr'><strong>proponit</strong></span> <span class='ocrx_word' id='word_1_474' title='bbox 1891 2547 2055 2620; x_wconf 91' lang='lat' dir='ltr'><strong>consola-</strong></span> 
     </span>
     <span class='ocr_line' id='line_1_62' title="bbox 1063 2653 2054 2746; baseline -0.002 -23"><span class='ocrx_word' id='word_1_475' title='bbox 1063 2653 1217 2738; x_wconf 90' lang='lat' dir='ltr'><strong>tionem,</strong></span> <span class='ocrx_word' id='word_1_476' title='bbox 1242 2666 1278 2725; x_wconf 89' lang='lat' dir='ltr'><strong>et</strong></span> <span class='ocrx_word' id='word_1_477' title='bbox 1300 2653 1468 2725; x_wconf 85' lang='lat' dir='ltr'><strong>certificat</strong></span> <span class='ocrx_word' id='word_1_478' title='bbox 1489 2677 1575 2740; x_wconf 90' lang='lat' dir='ltr'><strong>nos,</strong></span> <span class='ocrx_word' id='word_1_479' title='bbox 1607 2655 1705 2746; x_wconf 93' lang='lat' dir='ltr'><strong>quod</strong></span> <span class='ocrx_word' id='word_1_480' title='bbox 1728 2653 1908 2725; x_wconf 89' lang='lat' dir='ltr'><strong>invocatio</strong></span> <span class='ocrx_word' id='word_1_481' title='bbox 1929 2662 2054 2722; x_wconf 90' lang='lat' dir='ltr'><strong>nostra</strong></span> 
     </span>
     <span class='ocr_line' id='line_1_63' title="bbox 1063 2755 1939 2842; baseline 0.005 -18"><span class='ocrx_word' id='word_1_482' title='bbox 1063 2779 1140 2826; x_wconf 93' lang='lat' dir='ltr'><strong>non</strong></span> <span class='ocrx_word' id='word_1_483' title='bbox 1159 2756 1204 2828; x_wconf 88' lang='lat' dir='ltr'><strong>sit</strong></span> <span class='ocrx_word' id='word_1_484' title='bbox 1220 2756 1340 2842; x_wconf 88' lang='lat' dir='ltr'><strong>irrita,</strong></span> <span class='ocrx_word' id='word_1_485' title='bbox 1365 2779 1431 2828; x_wconf 90' lang='lat' dir='ltr'><strong>nec</strong></span> <span class='ocrx_word' id='word_1_486' title='bbox 1445 2755 1553 2827; x_wconf 89' lang='lat' dir='ltr'><strong>inane</strong></span> <span class='ocrx_word' id='word_1_487' title='bbox 1567 2769 1603 2828; x_wconf 90' lang='lat' dir='ltr'><strong>et</strong></span> <span class='ocrx_word' id='word_1_488' title='bbox 1618 2755 1747 2829; x_wconf 90' lang='lat' dir='ltr'><strong>inutile</strong></span> <span class='ocrx_word' id='word_1_489' title='bbox 1762 2778 1939 2828; x_wconf 88' lang='lat' dir='ltr'><strong>murmur.</strong></span> 
     </span>
    </p>
   </div>
   <div class='ocr_carea' id='block_1_14' title="bbox 1166 2868 2053 2967">
    <p class='ocr_par' dir='ltr' id='par_1_15' title="bbox 1166 2868 2053 2967">
     <span class='ocr_line' id='line_1_64' title="bbox 1166 2868 2053 2967; baseline -0.002 -21"><span class='ocrx_word' id='word_1_490' title='bbox 1166 2874 1220 2946; x_wconf 93' lang='lat' dir='ltr'><strong>Ut</strong></span> <span class='ocrx_word' id='word_1_491' title='bbox 1242 2887 1360 2945; x_wconf 87' lang='lat' dir='ltr'><strong>antem</strong></span> <span class='ocrx_word' id='word_1_492' title='bbox 1384 2874 1429 2942; x_wconf 91' lang='lat' dir='ltr'><strong>de</strong></span> <span class='ocrx_word' id='word_1_493' title='bbox 1456 2868 1524 2944; x_wconf 90' lang='lat' dir='ltr'><strong>hoc</strong></span> <span class='ocrx_word' id='word_1_494' title='bbox 1553 2886 1653 2946; x_wconf 91' lang='lat' dir='ltr'><strong>tanto</strong></span> <span class='ocrx_word' id='word_1_495' title='bbox 1683 2887 1827 2967; x_wconf 89' lang='lat' dir='ltr'><strong>tamque</strong></span> <span class='ocrx_word' id='word_1_496' title='bbox 1856 2873 2053 2944; x_wconf 88' lang='lat' dir='ltr'><strong>necessario</strong></span> 
     </span>
    </p>
   </div>
   <div class='ocr_carea' id='block_1_15' title="bbox 936 2967 2053 3071">
    <p class='ocr_par' dir='ltr' id='par_1_16' title="bbox 936 2967 2053 3071">
     <span class='ocr_line' id='line_1_65' title="bbox 936 2967 2053 3071; baseline -0.005 -20"><span class='ocrx_word' id='word_1_497' title='bbox 936 3032 946 3051; x_wconf 91' lang='lat'><strong>.</strong></span> <span class='ocrx_word' id='word_1_498' title='bbox 1065 3002 1190 3071; x_wconf 88' lang='lat' dir='ltr'><strong>opere,</strong></span> <span class='ocrx_word' id='word_1_499' title='bbox 1222 2979 1421 3047; x_wconf 82' lang='lat' dir='ltr'><strong>desummo</strong></span> <span class='ocrx_word' id='word_1_500' title='bbox 1437 2977 1586 3065; x_wconf 87' lang='lat' dir='ltr'><strong>virtute,</strong></span> <span class='ocrx_word' id='word_1_501' title='bbox 1617 2979 1662 3047; x_wconf 89' lang='lat' dir='ltr'><strong>de</strong></span> <span class='ocrx_word' id='word_1_502' title='bbox 1685 2975 1876 3070; x_wconf 91' lang='lat' dir='ltr'><strong>praecipuo</strong></span> <span class='ocrx_word' id='word_1_503' title='bbox 1896 2975 1995 3047; x_wconf 89' lang='lat' dir='ltr'><strong>cultu</strong></span> <span class='ocrx_word' id='word_1_504' title='bbox 2016 2967 2053 3046; x_wconf 81' lang='lat' dir='ltr'><strong>et</strong></span> 
     </span>
    </p>
   </div>
   <div class='ocr_carea' id='block_1_16' title="bbox 1062 3072 2062 3785">
    <p class='ocr_par' dir='ltr' id='par_1_17' title="bbox 1062 3072 2062 3785">
     <span class='ocr_line' id='line_1_66' title="bbox 1063 3072 2054 3174; baseline -0.002 -24"><span class='ocrx_word' id='word_1_505' title='bbox 1063 3081 1209 3174; x_wconf 87' lang='lat' dir='ltr'><strong>proprio</strong></span> <span class='ocrx_word' id='word_1_506' title='bbox 1226 3078 1336 3150; x_wconf 89' lang='lat' dir='ltr'><strong>solius</strong></span> <span class='ocrx_word' id='word_1_507' title='bbox 1350 3072 1550 3171; x_wconf 84' lang='lat' dir='ltr'><strong>Ecclesiae,</strong></span> <span class='ocrx_word' id='word_1_508' title='bbox 1577 3079 1722 3166; x_wconf 87' lang='lat' dir='ltr'><strong>ordine,</strong></span> <span class='ocrx_word' id='word_1_509' title='bbox 1748 3103 1788 3151; x_wconf 91' lang='lat' dir='ltr'><strong>ac</strong></span> <span class='ocrx_word' id='word_1_510' title='bbox 1803 3079 2054 3150; x_wconf 82' lang='lat' dir='ltr'><strong>fundamenta-</strong></span> 
     </span>
     <span class='ocr_line' id='line_1_67' title="bbox 1063 3181 2054 3274; baseline -0.004 -20"><span class='ocrx_word' id='word_1_511' title='bbox 1063 3184 1146 3255; x_wconf 90' lang='lat' dir='ltr'><strong>liter</strong></span> <span class='ocrx_word' id='word_1_512' title='bbox 1168 3181 1396 3265; x_wconf 89' lang='lat' dir='ltr'><strong>erudiamur,</strong></span> <span class='ocrx_word' id='word_1_513' title='bbox 1436 3193 1546 3274; x_wconf 87' lang='lat' dir='ltr'><strong>utque</strong></span> <span class='ocrx_word' id='word_1_514' title='bbox 1576 3183 1670 3252; x_wconf 89' lang='lat' dir='ltr'><strong>veris</strong></span> <span class='ocrx_word' id='word_1_515' title='bbox 1698 3183 1811 3252; x_wconf 90' lang='lat' dir='ltr'><strong>anirni</strong></span> <span class='ocrx_word' id='word_1_516' title='bbox 1840 3181 1997 3251; x_wconf 88' lang='lat' dir='ltr'><strong>motibus</strong></span> <span class='ocrx_word' id='word_1_517' title='bbox 2019 3191 2054 3250; x_wconf 92' lang='lat' dir='ltr'><strong>et</strong></span> 
     </span>
     <span class='ocr_line' id='line_1_68' title="bbox 1063 3283 2053 3376; baseline -0.005 -20"><span class='ocrx_word' id='word_1_518' title='bbox 1063 3286 1156 3358; x_wconf 91' lang='lat' dir='ltr'><strong>serio</strong></span> <span class='ocrx_word' id='word_1_519' title='bbox 1172 3286 1348 3356; x_wconf 90' lang='lat' dir='ltr'><strong>discamus</strong></span> <span class='ocrx_word' id='word_1_520' title='bbox 1363 3283 1623 3354; x_wconf 90' lang='lat' dir='ltr'><strong>invocationem</strong></span> <span class='ocrx_word' id='word_1_521' title='bbox 1640 3307 1821 3356; x_wconf 87' lang='lat' dir='ltr'><strong>exercere:</strong></span> <span class='ocrx_word' id='word_1_522' title='bbox 1854 3297 2053 3376; x_wconf 87' lang='lat' dir='ltr'><strong>repetemus</strong></span> 
     </span>
     <span class='ocr_line' id='line_1_69' title="bbox 1064 3385 2055 3479; baseline -0.006 -20"><span class='ocrx_word' id='word_1_523' title='bbox 1064 3389 1192 3459; x_wconf 90' lang='lat' dir='ltr'><strong>ordine</strong></span> <span class='ocrx_word' id='word_1_524' title='bbox 1208 3388 1320 3479; x_wconf 91' lang='lat' dir='ltr'><strong>capita</strong></span> <span class='ocrx_word' id='word_1_525' title='bbox 1344 3385 1531 3476; x_wconf 88' lang='lat' dir='ltr'><strong>praecipua</strong></span> <span class='ocrx_word' id='word_1_526' title='bbox 1554 3386 1739 3456; x_wconf 86' lang='lat' dir='ltr'><strong>doctrinae</strong></span> <span class='ocrx_word' id='word_1_527' title='bbox 1764 3386 1809 3456; x_wconf 88' lang='lat' dir='ltr'><strong>de</strong></span> <span class='ocrx_word' id='word_1_528' title='bbox 1830 3385 2055 3459; x_wconf 89' lang='lat' dir='ltr'><strong>invocatione</strong></span> 
     </span>
     <span class='ocr_line' id='line_1_70' title="bbox 1063 3481 2055 3583; baseline -0.001 -22"><span class='ocrx_word' id='word_1_529' title='bbox 1063 3488 1146 3576; x_wconf 77' lang='lat' dir='ltr'><strong>Dei,</strong></span> <span class='ocrx_word' id='word_1_530' title='bbox 1185 3512 1276 3583; x_wconf 90' lang='lat' dir='ltr'><strong>quae</strong></span> <span class='ocrx_word' id='word_1_531' title='bbox 1305 3487 1450 3582; x_wconf 90' lang='lat' dir='ltr'><strong>quidem</strong></span> <span class='ocrx_word' id='word_1_532' title='bbox 1475 3487 1514 3556; x_wconf 91' lang='lat' dir='ltr'><strong>in</strong></span> <span class='ocrx_word' id='word_1_533' title='bbox 1540 3481 1606 3558; x_wconf 92' lang='lat' dir='ltr'><strong>hac</strong></span> <span class='ocrx_word' id='word_1_534' title='bbox 1628 3482 1785 3559; x_wconf 81' lang='lat' dir='ltr'><strong>Ecclesia</strong></span> <span class='ocrx_word' id='word_1_535' title='bbox 1809 3511 1911 3579; x_wconf 91' lang='lat' dir='ltr'><strong>saepe</strong></span> <span class='ocrx_word' id='word_1_536' title='bbox 1939 3487 2055 3560; x_wconf 88' lang='lat' dir='ltr'><strong>solent</strong></span> 
     </span>
     <span class='ocr_line' id='line_1_71' title="bbox 1063 3581 2062 3684; baseline -0.001 -23"><span class='ocrx_word' id='word_1_537' title='bbox 1063 3615 1127 3684; x_wconf 93' lang='lat' dir='ltr'><strong>pro</strong></span> <span class='ocrx_word' id='word_1_538' title='bbox 1143 3591 1315 3664; x_wconf 88' lang='lat' dir='ltr'><strong>concione</strong></span> <span class='ocrx_word' id='word_1_539' title='bbox 1329 3587 1492 3674; x_wconf 87' lang='lat' dir='ltr'><strong>tractari,</strong></span> <span class='ocrx_word' id='word_1_540' title='bbox 1526 3602 1562 3661; x_wconf 94' lang='lat' dir='ltr'><strong>et</strong></span> <span class='ocrx_word' id='word_1_541' title='bbox 1586 3591 1704 3684; x_wconf 92' lang='lat' dir='ltr'><strong>quoad</strong></span> <span class='ocrx_word' id='word_1_542' title='bbox 1729 3589 1807 3662; x_wconf 86' lang='lat' dir='ltr'><strong>eius</strong></span> <span class='ocrx_word' id='word_1_543' title='bbox 1825 3589 1901 3661; x_wconf 87' lang='lat' dir='ltr'><strong>heri</strong></span> <span class='ocrx_word' id='word_1_544' title='bbox 1925 3581 2062 3682; x_wconf 60' lang='lat' dir='ltr'><strong>potest,</strong></span> 
     </span>
     <span class='ocr_line' id='line_1_72' title="bbox 1062 3690 1615 3785; baseline 0.005 -21"><span class='ocrx_word' id='word_1_545' title='bbox 1062 3695 1214 3767; x_wconf 85' lang='lat' dir='ltr'><strong>fideliter</strong></span> <span class='ocrx_word' id='word_1_546' title='bbox 1229 3705 1263 3763; x_wconf 92' lang='lat' dir='ltr'><strong>et</strong></span> <span class='ocrx_word' id='word_1_547' title='bbox 1277 3692 1420 3783; x_wconf 89' lang='lat' dir='ltr'><strong>copiose</strong></span> <span class='ocrx_word' id='word_1_548' title='bbox 1435 3690 1615 3785; x_wconf 85' lang='lat' dir='ltr'><strong>explicari.</strong></span> 
     </span>
    </p>
   </div>
   <div class='ocr_carea' id='block_1_17' title="bbox 1062 3807 2052 4010">
    <p class='ocr_par' dir='ltr' id='par_1_18' title="bbox 1062 3807 2052 4010">
     <span class='ocr_line' id='line_1_73' title="bbox 1070 3807 2052 3907; baseline -0.005 -22"><span class='ocrx_word' id='word_1_549' title='bbox 1070 3845 1074 3852; x_wconf 84' lang='grc'><strong><em>·</em></strong></span> <span class='ocrx_word' id='word_1_550' title='bbox 1165 3811 1313 3907; x_wconf 87' lang='lat' dir='ltr'><strong>Semper</strong></span> <span class='ocrx_word' id='word_1_551' title='bbox 1326 3811 1436 3902; x_wconf 73' lang='lat' dir='ltr'><strong>igitur</strong></span> <span class='ocrx_word' id='word_1_552' title='bbox 1449 3813 1493 3882; x_wconf 92' lang='lat' dir='ltr'><strong>de</strong></span> <span class='ocrx_word' id='word_1_553' title='bbox 1505 3811 1730 3883; x_wconf 90' lang='lat' dir='ltr'><strong>invocatione</strong></span> <span class='ocrx_word' id='word_1_554' title='bbox 1744 3807 1831 3884; x_wconf 87' lang='lat' dir='ltr'><strong>haec</strong></span> <span class='ocrx_word' id='word_1_555' title='bbox 1844 3812 1911 3885; x_wconf 92' lang='lat' dir='ltr'><strong>tria</strong></span> <span class='ocrx_word' id='word_1_556' title='bbox 1924 3810 2052 3882; x_wconf 89' lang='lat' dir='ltr'><strong>ordine</strong></span> 
     </span>
     <span class='ocr_line' id='line_1_74' title="bbox 1062 3913 1953 4010; baseline 0.002 -23"><span class='ocrx_word' id='word_1_557' title='bbox 1062 3916 1370 3987; x_wconf 87' lang='lat' dir='ltr'><strong>commemoranda</strong></span> <span class='ocrx_word' id='word_1_558' title='bbox 1383 3913 1843 4010; x_wconf 83' lang='lat' dir='ltr'><strong>familiariterquetenenda</strong></span> <span class='ocrx_word' id='word_1_559' title='bbox 1858 3928 1953 3989; x_wconf 80' lang='lat' dir='ltr'><strong>sunt.</strong></span> 
     </span>
    </p>
   </div>
   <div class='ocr_carea' id='block_1_18' title="bbox 1062 4029 2051 4208">
    <p class='ocr_par' dir='ltr' id='par_1_19' title="bbox 1062 4029 2051 4208">
     <span class='ocr_line' id='line_1_75' title="bbox 1162 4029 2051 4124; baseline -0.002 -22"><span class='ocrx_word' id='word_1_560' title='bbox 1162 4031 1306 4102; x_wconf 89' lang='lat' dir='ltr'><strong>Primus</strong></span> <span class='ocrx_word' id='word_1_561' title='bbox 1337 4030 1454 4116; x_wconf 92' lang='lat' dir='ltr'><strong>locus,</strong></span> <span class='ocrx_word' id='word_1_562' title='bbox 1497 4029 1586 4124; x_wconf 91' lang='lat' dir='ltr'><strong>quid</strong></span> <span class='ocrx_word' id='word_1_563' title='bbox 1615 4031 1662 4101; x_wconf 91' lang='lat' dir='ltr'><strong>sit</strong></span> <span class='ocrx_word' id='word_1_564' title='bbox 1683 4029 1861 4102; x_wconf 90' lang='lat' dir='ltr'><strong>invocatio</strong></span> <span class='ocrx_word' id='word_1_565' title='bbox 1885 4053 1947 4100; x_wconf 91' lang='lat' dir='ltr'><strong>seu</strong></span> <span class='ocrx_word' id='word_1_566' title='bbox 1969 4051 2051 4122; x_wconf 86' lang='lat' dir='ltr'><strong>pre-</strong></span> 
     </span>
     <span class='ocr_line' id='line_1_76' title="bbox 1062 4136 1165 4208; baseline -0.029 -3"><span class='ocrx_word' id='word_1_567' title='bbox 1062 4136 1165 4208; x_wconf 87' lang='lat' dir='ltr'><strong>catio.</strong></span> 
     </span>
    </p>
   </div>
   <div class='ocr_carea' id='block_1_19' title="bbox 1062 4249 2050 4429">
    <p class='ocr_par' dir='ltr' id='par_1_20' title="bbox 1062 4249 2050 4429">
     <span class='ocr_line' id='line_1_77' title="bbox 1163 4249 2050 4345; baseline -0.003 -20"><span class='ocrx_word' id='word_1_568' title='bbox 1163 4251 1366 4344; x_wconf 90' lang='lat' dir='ltr'><strong>Secundus,</strong></span> <span class='ocrx_word' id='word_1_569' title='bbox 1392 4275 1458 4323; x_wconf 90' lang='lat' dir='ltr'><strong>cur</strong></span> <span class='ocrx_word' id='word_1_570' title='bbox 1480 4250 1658 4339; x_wconf 85' lang='lat' dir='ltr'><strong>iacienda,</strong></span> <span class='ocrx_word' id='word_1_571' title='bbox 1691 4264 1726 4324; x_wconf 92' lang='lat' dir='ltr'><strong>et</strong></span> <span class='ocrx_word' id='word_1_572' title='bbox 1747 4272 1835 4345; x_wconf 89' lang='lat' dir='ltr'><strong>quas</strong></span> <span class='ocrx_word' id='word_1_573' title='bbox 1859 4249 1913 4323; x_wconf 81' lang='lat' dir='ltr'><strong>ob&#39;</strong></span> <span class='ocrx_word' id='word_1_574' title='bbox 1929 4272 2050 4324; x_wconf 86' lang='lat' dir='ltr'><strong>causas</strong></span> 
     </span>
     <span class='ocr_line' id='line_1_78' title="bbox 1062 4354 1528 4429; baseline -0.002 -1"><span class='ocrx_word' id='word_1_575' title='bbox 1062 4356 1256 4429; x_wconf 89' lang='lat' dir='ltr'><strong>neccssaria</strong></span> <span class='ocrx_word' id='word_1_576' title='bbox 1275 4355 1321 4425; x_wconf 92' lang='lat' dir='ltr'><strong>sit</strong></span> <span class='ocrx_word' id='word_1_577' title='bbox 1338 4354 1528 4427; x_wconf 82' lang='lat' dir='ltr'><strong>invocatio.</strong></span> 
     </span>
    </p>
   </div>
   <div class='ocr_carea' id='block_1_20' title="bbox 1062 4463 2051 4774">
    <p class='ocr_par' dir='ltr' id='par_1_21' title="bbox 1062 4463 2051 4774">
     <span class='ocr_line' id='line_1_79' title="bbox 1165 4463 2051 4566; baseline -0.002 -20"><span class='ocrx_word' id='word_1_578' title='bbox 1165 4474 1327 4558; x_wconf 82' lang='lat' dir='ltr'><strong>Tertius,</strong></span> <span class='ocrx_word' id='word_1_579' title='bbox 1354 4463 1533 4566; x_wconf 89' lang='lat' dir='ltr'><strong>quomodo</strong></span> <span class='ocrx_word' id='word_1_580' title='bbox 1553 4473 1713 4546; x_wconf 83' lang='lat' dir='ltr'><strong>iacienda</strong></span> <span class='ocrx_word' id='word_1_581' title='bbox 1734 4473 1797 4561; x_wconf 86' lang='lat' dir='ltr'><strong>sit,</strong></span> <span class='ocrx_word' id='word_1_582' title='bbox 1823 4486 1865 4544; x_wconf 90' lang='lat' dir='ltr'><strong>ut</strong></span> <span class='ocrx_word' id='word_1_583' title='bbox 1885 4472 2051 4544; x_wconf 85' lang='lat' dir='ltr'><strong>exaudis·</strong></span> 
     </span>
     <span class='ocr_line' id='line_1_80' title="bbox 1063 4572 2050 4684; baseline -0.004 -34"><span class='ocrx_word' id='word_1_584' title='bbox 1063 4591 1140 4664; x_wconf 90' lang='lat' dir='ltr'><strong>tur,</strong></span> <span class='ocrx_word' id='word_1_585' title='bbox 1163 4577 1376 4674; x_wconf 88' lang='lat' dir='ltr'><strong>recipiatur,</strong></span> <span class='ocrx_word' id='word_1_586' title='bbox 1401 4574 1559 4674; x_wconf 89' lang='lat' dir='ltr'><strong>placeat,</strong></span> <span class='ocrx_word' id='word_1_587' title='bbox 1584 4577 1631 4648; x_wconf 89' lang='lat' dir='ltr'><strong>sit</strong></span> <span class='ocrx_word' id='word_1_588' title='bbox 1646 4577 1785 4684; x_wconf 76' lang='lat' dir='ltr'><strong>efficax,</strong></span> <span class='ocrx_word' id='word_1_589' title='bbox 1809 4588 1905 4658; x_wconf 89' lang='lat' dir='ltr'><strong>rata,</strong></span> <span class='ocrx_word' id='word_1_590' title='bbox 1931 4572 2050 4648; x_wconf 88' lang='lat' dir='ltr'><strong>etDeo</strong></span> 
     </span>
     <span class='ocr_line' id='line_1_81' title="bbox 1062 4693 1172 4774; baseline -0.018 -22"><span class='ocrx_word' id='word_1_591' title='bbox 1062 4693 1172 4774; x_wconf 83' lang='lat' dir='ltr'><strong>grata.</strong></span> 
     </span>
    </p>
   </div>
   <div class='ocr_carea' id='block_1_21' title="bbox 1461 4843 1656 4912">
    <p class='ocr_par' dir='ltr' id='par_1_22' title="bbox 1461 4843 1656 4912">
     <span class='ocr_line' id='line_1_82' title="bbox 1461 4843 1656 4912; baseline -0.021 -10"><span class='ocrx_word' id='word_1_592' title='bbox 1461 4843 1656 4912; x_wconf 75' lang='lat' dir='ltr'><strong>nepnno</strong></span> 
     </span>
    </p>
   </div>
   <div class='ocr_carea' id='block_1_22' title="bbox 1260 4903 2016 5015">
    <p class='ocr_par' dir='ltr' id='par_1_23' title="bbox 1260 4903 2016 5015">
     <span class='ocr_line' id='line_1_83' title="bbox 1260 4903 2016 5015; baseline 0 -19"><span class='ocrx_word' id='word_1_593' title='bbox 1260 4927 1351 5012; x_wconf 83' lang='lat' dir='ltr'><strong>Quid</strong></span> <span class='ocrx_word' id='word_1_594' title='bbox 1370 4929 1416 4996; x_wconf 83' lang='lat' dir='ltr'><strong>sit</strong></span> <span class='ocrx_word' id='word_1_595' title='bbox 1435 4929 1599 4996; x_wconf 84' lang='lat' dir='ltr'><strong>invocatio</strong></span> <span class='ocrx_word' id='word_1_596' title='bbox 1617 4948 1677 4996; x_wconf 82' lang='lat' dir='ltr'><strong>seu</strong></span> <span class='ocrx_word' id='word_1_597' title='bbox 1692 4929 1851 5015; x_wconf 78' lang='lat' dir='ltr'><strong>precatio.</strong></span> <span class='ocrx_word' id='word_1_598' title='bbox 2010 4903 2016 4936; x_wconf 73' lang='lat'>&#39;</span> 
     </span>
    </p>
   </div>
   <div class='ocr_carea' id='block_1_23' title="bbox 1062 5065 2050 5268">
    <p class='ocr_par' dir='ltr' id='par_1_24' title="bbox 1062 5065 2050 5268">
     <span class='ocr_line' id='line_1_84' title="bbox 1164 5065 2049 5144; baseline -0.003 -2"><span class='ocrx_word' id='word_1_599' title='bbox 1164 5071 1223 5142; x_wconf 93' lang='lat' dir='ltr'><strong>De</strong></span> <span class='ocrx_word' id='word_1_600' title='bbox 1245 5071 1452 5144; x_wconf 88' lang='lat' dir='ltr'><strong>delinitione</strong></span> <span class='ocrx_word' id='word_1_601' title='bbox 1474 5071 1709 5144; x_wconf 88' lang='lat' dir='ltr'><strong>invocationis</strong></span> <span class='ocrx_word' id='word_1_602' title='bbox 1742 5096 1803 5143; x_wconf 91' lang='lat' dir='ltr'><strong>seu</strong></span> <span class='ocrx_word' id='word_1_603' title='bbox 1831 5065 2049 5139; x_wconf 90' lang='lat' dir='ltr'><strong>adorationis</strong></span> 
     </span>
     <span class='ocr_line' id='line_1_85' title="bbox 1062 5171 2050 5268; baseline -0.004 -24"><span class='ocrx_word' id='word_1_604' title='bbox 1062 5175 1240 5267; x_wconf 90' lang='lat' dir='ltr'><strong>principio</strong></span> <span class='ocrx_word' id='word_1_605' title='bbox 1256 5175 1345 5244; x_wconf 89' lang='lat' dir='ltr'><strong>scire</strong></span> <span class='ocrx_word' id='word_1_606' title='bbox 1359 5187 1509 5265; x_wconf 87' lang='lat' dir='ltr'><strong>oportet,</strong></span> <span class='ocrx_word' id='word_1_607' title='bbox 1535 5177 1632 5268; x_wconf 90' lang='lat' dir='ltr'><strong>quod</strong></span> <span class='ocrx_word' id='word_1_608' title='bbox 1647 5173 1858 5246; x_wconf 88' lang='lat' dir='ltr'><strong>vocabulum</strong></span> <span class='ocrx_word' id='word_1_609' title='bbox 1875 5171 2050 5262; x_wconf 90' lang='lat' dir='ltr'><strong>precatio-</strong></span> 
     </span>
    </p>
   </div>
   <div class='ocr_carea' id='block_1_24' title="bbox 50 5273 2112 5480">
    <p class='ocr_par' dir='ltr' id='par_1_25' title="bbox 50 5273 2112 5480">
     <span class='ocr_line' id='line_1_86' title="bbox 50 5273 2050 5378; baseline -0.002 -31"><span class='ocrx_word' id='word_1_610' title='bbox 50 5277 160 5364; x_wconf 88' lang='lat' dir='ltr'><strong>pitibus</strong></span> <span class='ocrx_word' id='word_1_611' title='bbox 172 5285 354 5358; x_wconf 88' lang='lat' dir='ltr'><strong>audivistis</strong></span> <span class='ocrx_word' id='word_1_612' title='bbox 366 5282 503 5354; x_wconf 89' lang='lat' dir='ltr'><strong>erudite</strong></span> <span class='ocrx_word' id='word_1_613' title='bbox 517 5283 690 5352; x_wconf 87' lang='lat' dir='ltr'><strong>declarari</strong></span> <span class='ocrx_word' id='word_1_614' title='bbox 711 5284 885 5378; x_wconf 90' lang='lat' dir='ltr'><strong>quaedam</strong></span> <span class='ocrx_word' id='word_1_615' title='bbox 908 5303 1009 5374; x_wconf 88' lang='lat' dir='ltr'><strong>prae·</strong></span> <span class='ocrx_word' id='word_1_616' title='bbox 1061 5278 1135 5361; x_wconf 91' lang='lat' dir='ltr'><strong>nis,</strong></span> <span class='ocrx_word' id='word_1_617' title='bbox 1168 5301 1230 5348; x_wconf 91' lang='lat' dir='ltr'><strong>seu</strong></span> <span class='ocrx_word' id='word_1_618' title='bbox 1250 5277 1487 5360; x_wconf 88' lang='lat' dir='ltr'><strong>adorationis,</strong></span> <span class='ocrx_word' id='word_1_619' title='bbox 1522 5299 1584 5347; x_wconf 84' lang='lat' dir='ltr'><strong>ceu</strong></span> <span class='ocrx_word' id='word_1_620' title='bbox 1606 5274 1842 5348; x_wconf 85' lang='lat' dir='ltr'><strong>invocationis</strong></span> <span class='ocrx_word' id='word_1_621' title='bbox 1858 5273 1926 5345; x_wconf 89' lang='lat' dir='ltr'><strong>Dei</strong></span> <span class='ocrx_word' id='word_1_622' title='bbox 1950 5296 2050 5344; x_wconf 88' lang='lat' dir='ltr'><strong>com-</strong></span> 
     </span>
     <span class='ocr_line' id='line_1_87' title="bbox 50 5374 2112 5480; baseline -0.006 -25"><span class='ocrx_word' id='word_1_623' title='bbox 50 5383 303 5480; x_wconf 75' lang='lat' dir='ltr'><strong>tcptaDecalogi.</strong></span> <span class='ocrx_word' id='word_1_624' title='bbox 351 5385 457 5460; x_wconf 87' lang='lat' dir='ltr'><strong>Nunc</strong></span> <span class='ocrx_word' id='word_1_625' title='bbox 474 5379 786 5458; x_wconf 90' lang='lat' dir='ltr'><strong>orditurChristus</strong></span> <span class='ocrx_word' id='word_1_626' title='bbox 799 5385 1009 5457; x_wconf 90' lang='lat' dir='ltr'><strong>concionem</strong></span> <span class='ocrx_word' id='word_1_627' title='bbox 1061 5380 1237 5480; x_wconf 89' lang='lat' dir='ltr'><strong>plectatur</strong></span> <span class='ocrx_word' id='word_1_628' title='bbox 1257 5381 1329 5452; x_wconf 91' lang='lat' dir='ltr'><strong>duo</strong></span> <span class='ocrx_word' id='word_1_629' title='bbox 1345 5403 1471 5473; x_wconf 88' lang='lat' dir='ltr'><strong>opera,</strong></span> <span class='ocrx_word' id='word_1_630' title='bbox 1496 5379 1678 5464; x_wconf 90' lang='lat' dir='ltr'><strong>videlicet,</strong></span> <span class='ocrx_word' id='word_1_631' title='bbox 1712 5391 1748 5449; x_wconf 92' lang='lat' dir='ltr'><strong>et</strong></span> <span class='ocrx_word' id='word_1_632' title='bbox 1768 5389 1886 5472; x_wconf 90' lang='lat' dir='ltr'><strong>petere</strong></span> <span class='ocrx_word' id='word_1_633' title='bbox 1912 5374 2051 5471; x_wconf 86' lang='lat' dir='ltr'><strong>aliquid</strong></span> <span class='ocrx_word' id='word_1_634' title='bbox 2109 5445 2112 5454; x_wconf 74' lang='grc'><strong>,</strong></span> 
     </span>
    </p>
   </div>
   <div class='ocr_carea' id='block_1_25' title="bbox 0 0 2306 5808">
    <p class='ocr_par' dir='ltr' id='par_1_26' title="bbox 0 0 2306 5808">
     <span class='ocr_line' id='line_1_88' title="bbox 0 0 2306 5808; baseline 0 0"><span class='ocrx_word' id='word_1_635' title='bbox 0 0 2306 5808; x_wconf 95' lang='lat' dir='ltr'><strong> </strong></span> 
     </span>
    </p>
   </div>
  </div>
 </body>
</html>
