4620 5814
82 195 140 274 na
245 204 299 230 ,.
608 187 692 278 ιιι
737 137 1544 272 ¹mauraneumacervatarum.
1760 219 1762 226 ·
2002 199 2080 278 cn

69 377 219 450 ιιιιιιοι,
244 359 430 438 coortas
442 373 505 436 tuo
515 373 715 449 marteres,
738 363 899 444 &mins
913 376 1036 440 setun
1100 381 1104 390 ’
1190 357 1288 438 Haec
1298 357 1477 438 lohannes
1492 363 1586 436 clare
1601 367 1771 456 expressit
1784 366 1823 440 in
1837 367 1983 446 exordio
1997 392 2076 458 suo,

68 466 133 542 lesu
141 461 295 552 Christo,
319 479 353 536 et
364 462 502 556 Spiritu
516 477 637 535 sancto
654 477 731 551 tuo,
752 467 904 560 sapiens.
929 467 1036 546 bons,
1080 461 1153 540 uhi
1168 463 1274 539 dicit:
1299 456 1452 563 Λόγον,
1478 466 1541 561 qui
1555 463 1750 550 estFiliua,
1774 469 1882 542 fuisse
1895 472 1940 542 sb
1954 472 2074 560 initio,

68 567 268 648 misericors,
295 566 400 638 iudex
421 565 600 650 et.fortis‚
624 568 790 640 uicem
804 568 874 640 mei
891 581 1037 662 propter
1078 577 1123 636 et
1143 589 1207 656 per
1226 583 1307 640 eum
1322 567 1442 638 omnia
1458 567 1600 640 condita
1616 591 1700 645 csse.
1753 567 1842 642 Cum
1857 585 1956 662 pater
1970 575 2071 668 quasi

13 651 15 692 '
68 667 166 740 lesum
188 663 372 741 Christum
388 663 521 741 Filium
542 677 664 749 tuum,
688 685 795 762 quem
808 669 955 744 volnlsd
969 693 1034 762 pro
1085 666 1258 738 deliberat
1289 691 1368 743 cum
1391 665 1506 750 Filio,
1541 669 1650 762 fulget
1677 671 1717 740 in
1739 668 1834 742 Filio
1856 673 1935 744 idea
1953 673 2071 766 operis

13 815 14 826 ι
65 770 152 840 nobis
166 791 239 842 esse
254 769 445 858 victimam,
467 767 698 846 mediatorem
714 781 748 842 et
761 771 1035 862 deprecatorem,
1084 767 1303 852 fabricandi,
1327 768 1417 840 sicut
1438 769 1476 840 in
1501 771 1678 841 creatione
1701 765 1859 844 bominis
1877 769 1963 848 baec
1978 775 2070 846 deli-

66 868 242 957 tenctifica',
277 892 378 960 rege,
410 871 516 955 dors,
543 867 626 946 iuva
656 891 715 942 me
742 868 1032 965 spatiumne
1083 869 1220 952 beratip
1244 869 1469 950 describitur:
1503 869 1688 942 Faciamus
1709 867 1889 946 hominem
1911 879 1956 947 od
1979 877 2069 950 ima-

64 983 131 1055 tuo',
160 993 260 1044 servs
287 984 323 1046 ct
349 991 430 1062 rege
451 965 645 1044 Ecclesiam
667 983 785 1059 tuam,
818 986 856 1048 et
877 974 1033 1068 politiae,
1082 969 1201 1060 ginem
1223 983 1393 1046 nostram.
1442 969 1539 1042 Haec
1563 994 1709 1043 arcarna
1726 973 1787 1044 lux
1803 975 1964 1048 nondum
1980 1002 2067 1050 con-

13 1115 14 1132 2
65 1096 137 1166 quae
150 1073 322 1163 praebent
337 1067 490 1164 hospitia
504 1068 685 1152 Ecclesiis.
1079 1070 1240 1161 spicitur,
1265 1073 1326 1144 sed
1342 1072 1543 1164 aspicienda
1558 1073 1625 1144 erit
1638 1073 1676 1144 in
1691 1073 1762 1147 vita
1777 1091 1929 1153 aeterna.
1961 1077 2068 1151 Nunc

146 1171 223 1244 Hac
237 1173 353 1245 forma
368 1172 610 1266 complecteris
624 1184 694 1244 tres
706 1195 888 1266 personas,
912 1175 1029 1268 primu
1081 1195 1150 1244 nos
1172 1174 1217 1243 de
1240 1171 1333 1246 Filio
1358 1173 1571 1271 cogitantes,
1597 1174 1799 1248 intueamur
1822 1203 1902 1252 eum
1925 1175 2066 1251 exhibi-

65 1272 155 1344 simul
181 1273 219 1344 iu
249 1273 445 1368 creatione,
487 1273 569 1367 quia
600 1273 730 1364 creatio
760 1290 812 1348 est
843 1301 1030 1361 commupe
1079 1285 1158 1346 tum
1177 1275 1301 1360 nobis,
1334 1291 1486 1346 assumta
1509 1269 1665 1354 bumana
1686 1291 1831 1368 natura,
1857 1281 2065 1369 praedican-
2131 1367 2135 1376 ⁸

64 1396 154 1465 opus,
177 1387 212 1446 ct
232 1375 380 1446 invocas
401 1398 511 1445 unam
531 1373 630 1445 illain
654 1377 839 1448 essentiam
856 1379 1029 1450 conditri-
1080 1387 1173 1456 tem,
1199 1396 1361 1465 passum,
1388 1375 1651 1463 resuscitatum,
1678 1391 1826 1472 stantem
1848 1380 1885 1450 in
1900 1377 2063 1463 iordane,

63 1497 123 1544 cem
143 1499 282 1561 rerum,
307 1476 398 1547 sicut
418 1498 456 1546 se
476 1476 649 1566 patefecit.
700 1469 839 1550 Deinde
860 1481 1029 1550 admones
1079 1477 1323 1550 ascendentem
1341 1476 1380 1546 in
1398 1477 1559 1557 coelum,
1584 1481 1679 1549 etde
1695 1479 1807 1568 ipsius
1823 1481 1968 1570 proprio
1982 1502 2063 1554 mu·
2109 1532 2115 1540 ·

62 1569 159 1646 Deum
184 1600 332 1648 suarum
355 1575 628 1669 promissionum
652 1578 696 1646 de
718 1573 813 1650 Filio
832 1578 1028 1666 incarnato,
1079 1600 1162 1648 nere
1177 1577 1390 1668 cogitemus,
1417 1579 1511 1673 quod
1529 1576 1693 1650 mirando
1708 1577 1775 1650 Dei
1789 1580 1938 1659 consilio
1951 1581 2064 1654 faetus

65 1689 93 1746 et
108 1677 189 1768 petis
205 1675 338 1750 fiducia
354 1675 461 1769 Filii,
487 1678 590 1772 eique
605 1677 733 1749 tribuis
747 1682 932 1772 proprium
947 1705 1026 1752 mu·
1076 1678 1127 1748 sit
1151 1701 1217 1769 pro
1239 1679 1342 1764 nobis
1358 1681 1581 1771 deprecator,
1606 1693 1641 1750 et
1657 1679 1797 1754 victima
1813 1682 1956 1772 placans
1971 1683 2063 1756 iram

63 1799 132 1861 nus,
153 1781 247 1872 quod
273 1779 484 1852 constitutus
506 1780 552 1850 sit
573 1780 764 1865 mediator,
787 1795 821 1852 et
843 1782 952 1854 fuerit
972 1783 1027 1851 vi·
1073 1773 1158 1860 Dei.
1208 1775 1258 1856 Et
1278 1780 1325 1851 sit
1347 1776 1579 1862 Emmanuel,
1603 1779 1696 1852 iuter
1719 1805 1782 1852 vos
1805 1798 1979 1872 versatus,
2005 1810 2083 1857 re·-

64 1877 160 1952 etima.
210 1878 339 1952 Tertio
360 1880 489 1952 tribuit
503 1877 654 1971 Spiritui
678 1896 799 1953 sancto
820 1905 924 1954 snum
946 1908 1026 1954 mu·
1076 1903 1191 1970 gnane
1204 1881 1395 1962 internos,
1420 1881 1503 1952 ideo
1517 1875 1695 1954 exhibitus
1708 1883 1832 1966 nobis,
1858 1899 1899 1958 nt
1913 1910 1979 1960 nos
1993 1888 2063 1958 mis·

64 1999 135 2060 nus,
152 1982 245 2074 prod
272 2002 337 2073 per
357 2003 439 2052 eum
462 2001 644 2072 regamur,
667 1982 755 2053 sicut
774 1983 1025 2076 scriptumest:
1076 2003 1174 2056 seros
1186 1995 1282 2072 regat
1296 1994 1331 2053 et
1343 1995 1469 2056 servet.
1521 1973 1677 2076 Ideoque
1691 1996 1774 2054 aute
1787 2001 1976 2058 assumtam
1992 1983 2062 2060 bn·

65 2075 231 2152 Effundam
246 2084 294 2152 de
309 2079 537 2176 Meo‘spiritn
550 2093 811 2175 superpmnem
830 2109 984 2160 carnem.
1076 2105 1218 2158 manem
1250 2095 1411 2158 naturam
1417 2132 1432 2168 ,
1465 2085 1727 2154 secernendum
1759 2087 1923 2177 praebuit
1947 2090 2060 2180 patri·

145 2181 200 2254 Sic
212 2184 251 2253 in
267 2183 491 2255 invocatione
505 2194 706 2278 exerceatur
719 2184 878 2256 doctrina
889 2187 1023 2282 deper-
1076 2184 1162 2265 bus,
1188 2195 1228 2252 ιιι
1244 2179 1405 2268 Danieli,
1429 2183 1573 2269 etaliis,
1598 2195 1661 2260 etc,
1728 2249 1733 2259 ,

65 2283 157 2368 souis,
179 2297 212 2355 ιι
225 2284 429 2375 cogitentur
442 2282 647 2354 discrimino
662 2307 768 2376 penes
781 2283 908 2373 officia,
934 2287 1025 2357 sicut
1177 2279 1356 2374 Alligetur
1381 2304 1464 2373 crgo
1494 2283 1658 2373 cogitatio
1684 2298 1804 2360 nostra
1828 2288 1872 2357 de
1895 2283 2059 2359 Pilioad

65 2385 211 2455 revelatae
224 2397 313 2456 sunt
325 2407 505 2477 personae.
542 2383 742 2456 Teneamus
755 2397 871 2456 autem
882 2399 917 2457 et
927 2411 1024 2458 com·
1074 2375 1278 2468 Christum,
1304 2383 1424 2478 quise
1445 2384 1626 2476 patefecit,
1653 2399 1687 2458 et
1701 2387 1885 2457 nobiscum
1901 2402 2059 2460 versatus

63 2505 181 2556 munem
205 2485 426 2570 doctrinam,
451 2486 547 2579 quod
570 2485 614 2557 sit
635 2509 707 2555 uua
730 2485 879 2557 essentia
901 2487 1023 2558 divina
1075 2497 1145 2564 est,
1175 2485 1380 2572 crucifixus,
1413 2487 1639 2557 resuscitatus
1668 2499 1739 2572 est,
1769 2502 1806 2557 ιι
1832 2489 1989 2561 ascendit
2017 2489 2058 2559 in

64 2583 149 2654 trium
163 2605 406 2679 personarum.
444 2579 577 2681 Estque
592 2609 741 2677 persons
756 2589 950 2660 substantia
965 2591 1023 2659 in·
1074 2583 1231 2672 coelum,
1264 2599 1299 2658 et
1327 2586 1482 2658 ostendit
1501 2591 1543 2658 'se
1566 2580 1767 2679 Stephano,
1800 2603 1835 2661 ιι
1857 2589 1946 2660 aliis.
2004 2587 2065 2674 Ac,

64 2683 216 2775 telligens,
248 2687 458 2771 individua,
488 2686 844 2758 incommunicabilis.
899 2688 1022 2760 Prima
1074 2687 1225 2757 sciamus
1245 2687 1325 2758 ideo
1346 2688 1531 2758 nobiscum
1548 2699 1724 2758 versatum
1742 2711 1835 2774 esse,
1861 2703 2060 2763 uttestare·
2112 2687 2115 2692 ’

64 2798 104 2854 ιιι
121 2802 229 2877 pater,
253 2789 318 2882 qui
341 2801 392 2859 est
413 2787 608 2860 substantia
625 2789 1021 2880 aeterna,'intelligens‚
1073 2799 1134 2857 tur
1154 2809 1190 2856 se
1213 2807 1350 2880 semper
1370 2811 1493 2858 curare
1514 2800 1548 2858 et
1563 2787 1727 2874 exaudire
1744 2789 1958 2861 invocantes.
2009 2787 2057 2863 Et

63 2883 136 2957 bona
156 2902 188 2960 et
209 2889 455 2982 omnipotens,
482 2912 572 2982 quae
591 2886 736 2960 intuens
747 2901 781 2959 ct
796 2890 952 2980 cogitant
967 2913 1022 2962 se-
1074 2886 1155 2980 quia
1179 2884 1347 2980 Philippo
1379 2888 1612 2978 interroganti
1637 2889 1681 2958 de
1704 2904 1822 2979 patre',
1855 2893 2057 2984 respondit.-

64 3005 106 3067 ιι,
126 2991 231 3078 gignit
252 2991 300 3060 ab
321 2997 464 3064 aeterno
486 2989 676 3078 imaginem
692 2990 748 3060 sui
765 2990 885 3060 desua
903 3012 1022 3063 essen-
1073 2985 1147 3076 Qui
1172 2987 1269 3060 videt
1286 3012 1364 3081 me,
1392 2989 1487 3060 videt
1508 3003 1660 3080 patrem:
1687 3014 1767 3062 cum
1785 2991 1829 3060 de
1845 3003 1944 3090 patre
1959 2995 2057 3084 cogi-

60 3086 108 3156 tis.
151 3087 244 3162 Haec
268 3090 486 3180 proprietas,
516 3091 666 3176 scilicet,
696 3091 857 3182 gignere,
887 3093 1020 3165 discer-
1072 3099 1207 3174 ιιιιιιιι,
1238 3089 1393 3182 primum
1425 3086 1522 3161 hunc
1544 3089 1676 3162 Filium
1704 3092 1915 3184 patefactum
1940 3109 2057 3167 mente

60 3186 101 3260 nit
113 3205 238 3280 patrem
256 3188 398 3262 aritio.
501 3199 504 3204 “
836 3219 837 3222 “
1070 3189 1294 3272 intueamur,
1329 3203 1364 3262 et
1389 3187 1486 3263 hunc
1507 3205 1643 3286 patrem
1667 3193 1893 3278 invocemus,
1927 3195 2056 3288 quide

140 3290 302 3364 Secunda
332 3314 481 3384 persona
507 3305 559 3363 ιιι
579 3287 713 3376 Filius,
746 3291 811 3386 qui
831 3304 882 3364 est
903 3291 1019 3383 imago
1071 3313 1112 3360 eo
1137 3289 1250 3362 edidit
1273 3287 1528 3378 hancvocem,
1553 3289 1660 3362 Hunc
1673 3291 1803 3368 audite.
1855 3289 1902 3366 Ει
1919 3317 2057 3388 semper

60 3391 163 3478 patris,
186 3395 231 3465 ab
246 3403 391 3464 aeterno
406 3394 521 3483 genita
538 3394 582 3462 de
595 3393 743 3464 essentia
758 3392 886 3485 patris,
914 3405 949 3465 et
963 3395 1020 3463 di·
1070 3390 1177 3460 simul
1201 3392 1393 3483 cogitemus
1412 3393 1457 3461 de
1473 3393 1547 3484 ipsa
1562 3393 1813 3482 patefactione,
1828 3413 1910 3464 nun
1925 3395 2054 3468 frustra

61 3487 268 3594 citoridyoc,
294 3492 389 3588 quod
405 3493 451 3564 sit
463 3495 511 3565 ita
523 3508 639 3574 natus,
665 3506 705 3565 ut
719 3517 761 3565 ιιι
775 3506 891 3564 mente
905 3495 1019 3564 nasci·
1069 3487 1184 3561 Deum
1206 3513 1244 3561 sc
1266 3493 1476 3580 ostendisse,
1502 3506 1536 3564 et
1558 3491 1781 3565 familiariter
1796 3489 2056 3585 cumbomini-

13 3605 14 3610 ’
61 3601 106 3661 ιιι
124 3598 283 3687 cogitatio
306 3617 368 3665 seu
391 3607 517 3665 sermo.
569 3593 660 3666 Nam
683 3603 718 3665 et
739 3594 906 3684 cogitatio
930 3617 1018 3688 qua·
1069 3591 1136 3660 bus
1158 3591 1372 3664 collocutum
1397 3617 1489 3681 esse,
1514 3595 1573 3666 sed
1598 3607 1692 3666 certo
1713 3608 1878 3670 testatum
1901 3619 1973 3669 esse
1987 3594 2054 3672 hac

60 3690 218 3792 liscuoque
242 3699 359 3788 imago
383 3707 435 3768 ιιι
456 3696 626 3788 cogitatae
646 3695 714 3768 rei.
778 3693 852 3766 Nec
873 3709 955 3766 sunt
978 3697 1018 3765 in
1068 3691 1221 3783 ipss're,
1247 3697 1344 3788 quod
1365 3720 1447 3767 vere
1473 3719 1539 3766 nos
1559 3708 1668 3774 curet.
1719 3695 1793 3769 Nec
1810 3699 1882 3770 ulla
1899 3710 1952 3770 ιιι
1968 3699 2053 3770 illu-

62 3801 203 3870 rreaturis
224 3797 402 3889 exempla,
433 3821 524 3892 quae
543 3797 690 3890 propius
711 3797 904 3888 depingant
925 3791 1017 3868 hane
1066 3791 1176 3865 atrior
1203 3795 1423 3868 confirmatio
1453 3799 1621 3868 adversus
1649 3797 1831 3890 epicureos
1859 3814 1894 3871 ct
1925 3803 2050 3870 acade-

60 3897 230 3970 mirandam
252 3897 534 3992 generationem,
567 3921 673 3992 quam
693 3892 780 3968 baec
801 3899 890 3968 duo:
916 3921 1017 3970 mens
1067 3895 1177 3966 micds
1196 3895 1353 3982 furores,
1378 3921 1484 3991 quam
1506 3889 1593 3967 baec
1614 3897 1689 3988 ipsa
1711 3899 1874 3989 cogitatio
1890 3901 1935 3970 de
1951 3913 2050 3992 pate-

60 3999 283 4086 togitationem
311 4001 478 4092 gignens,
521 4011 556 4069 et
582 3999 643 4069 lux
672 4005 839 4091 spargens
865 3999 1016 4075 radium.
1065 3999 1219 4068 factione
1242 4010 1277 4067 et
1300 3999 1499 4088 miraculis,
1526 4019 1616 4091 qnae
1637 4000 1756 4070 omnia
1779 4001 1925 4071 fuerunt
1948 4003 2049 4091 prin·

59 4090 123 4169 ldeo
143 4099 297 4195 Epistola
327 4099 375 4173 ad
391 4097 549 4172 Ebraeos
579 4112 681 4170 vocat
699 4101 875 4191 fulgorem
897 4115 1015 4193 pater·
1066 4093 1227 4189 cipaliter
1242 4097 1442 4172 testimonia
1456 4097 1713 4191 patefactiouis.
1765 4097 1913 4189 Quoties
1930 4115 2048 4172 ιιιιιιιι

57 4219 108 4268 ιιι
130 4200 226 4277 locis.
285 4201 357 4276 Sed
389 4216 508 4275 tamen
528 4223 604 4272 non
625 4201 774 4272 omnino
798 4199 1015 4272 conveniunt
1065 4198 1115 4268 sic
1134 4199 1178 4268 de
1193 4194 1289 4268 Filio
1310 4199 1521 4290 cogitamus,
1546 4198 1652 4268 simul
1674 4199 1794 4270 veniat
1816 4197 1854 4268 in
1879 4215 2049 4288 mentem,

59 4289 109 4370 hae
126 4303 385 4378 similitudines.
436 4301 565 4376 Nostra
586 4303 753 4393 cogitatio
775 4325 850 4372 nou
867 4313 918 4374 est
932 4325 1013 4394 per-
1065 4298 1160 4392 quod
1175 4299 1347 4370 mediator
1361 4301 1426 4388 sit,
1453 4313 1487 4371 et
1502 4301 1710 4371 intercessor
1723 4323 1787 4393 pro
1803 4299 1925 4390 nobit,
1944 4306 2047 4397 'quod

60 4419 142 4489 tona,
165 4430 229 4479 nec
253 4421 306 4479 est
326 4405 569 4478 substantialis
590 4404 718 4494 imago.
769 4399 820 4478 ac
834 4400 948 4475 Filius
962 4416 1015 4475 est
1064 4413 1209 4492 propter
1223 4399 1341 4491 ipsum
1355 4401 1596 4474 exaudiamur.
1661 4421 1664 4428 ·
2090 4467 2094 4481 ,

61 4503 273 4580 substantialis
287 4509 403 4596 imago
418 4507 552 4579 aeterni
565 4506 685 4598 patris,
710 4504 848 4578 etsicut
861 4503 1014 4598 inSym-
1167 4497 1287 4574 Tertia
1311 4524 1461 4591 persona
1484 4515 1534 4574 est
1549 4500 1703 4595 Spiritus
1725 4507 1886 4590 sauctus,
1909 4506 1974 4602 qui
1993 4521 2046 4580 est

60 4597 124 4674 bolo
149 4608 293 4682 dicitur:
326 4607 425 4681 Deus
451 4611 495 4680 dc
516 4606 611 4689 Deo,
645 4605 769 4678 lumen
796 4606 841 4674 de
866 4607 1013 4681 lumine.
1064 4603 1226 4695 agitator,
1252 4606 1446 4694 procedens
1462 4603 1600 4676 aPatre
1613 4601 1760 4686 etlilio,
1787 4605 1943 4678 eiusdem
1959 4609 2045 4679 sub-

58 4691 191 4799 thuod
205 4711 251 4784 sit
264 4709 333 4782 alia
349 4733 498 4802 persona
512 4732 531 4780 ι
546 4721 663 4801 patre,
689 4707 773 4778 inde
787 4708 1012 4780 manifestum
1063 4704 1241 4791 eundae,
1262 4726 1451 4800 perquem
1473 4704 1512 4775 in
1534 4705 1713 4779 mentibus
1734 4722 1939 4782 sanctorum
1957 4709 2045 4778 novi
2150 4796 2154 4801 .

59 4816 112 4888 ιιι,
131 4810 208 4902 quia
221 4807 307 4885 baec
320 4813 436 4903 imago
451 4811 562 4904 petris
574 4810 738 4884 assumsit
752 4820 871 4902 postca
886 4804 1013 4881 buma-
1063 4819 1181 4880 motus
1203 4806 1378 4898 placentes
1391 4804 1468 4879 Deo
1489 4805 1702 4894 excitantur,
1727 4821 1761 4878 et
1773 4831 1838 4900 per
1852 4832 1958 4903 quem
1973 4805 2044 4880 Ec-
2152 4807 2158 4882 ’.

59 4921 122 4976 mm
141 4925 316 4998 naturam,
336 4936 451 5008 ¹quam
472 4935 546 4984 non
568 4911 732 4985 assumsit
751 4921 863 5003 pater.
920 4907 1012 4982 Cum
1064 4907 1169 4983 clesia
1197 4907 1288 4978 vivit
1319 4908 1391 4984 rita
1414 4922 1569 4981 aeterna.
1632 4905 1687 4978 Ac
1705 4909 1849 5001 proprie
1872 4909 2044 4982 tribuitur

60 4999 145 5092 ἱιίιιιι
163 5013 308 5086 sellens
328 5015 377 5086 ita
396 5013 617 5108 patefecerit,
642 5015 738 5109 quod
760 5025 861 5105 pater
880 5024 915 5084 ιι
927 5006 1012 5082 haec
1063 5006 1212 5101 Spiritui
1239 5023 1359 5083 murto
1389 5011 1601 5084 vocabulum
1629 5006 1843 5094 Procedere,
1875 5013 1971 5102 quod
2001 5027 2043 5084 ut
2109 5021 2114 5026 ’

59 5098 150 5198 imago
162 5111 232 5189 siut
242 5116 427 5188 distinctae
438 5137 619 5209 personae,
636 5115 912 5188 credamnsDeo
927 5109 1013 5184 hoec
1062 5111 1182 5203 aliquo
1209 5113 1317 5184 modo
1340 5112 1553 5196 declaretur,
1586 5109 1676 5182 sicut
1698 5131 1801 5202 snpra
1819 5111 1867 5180 de
1889 5112 2047 5203 imagine

60 5212 225 5305 revelanti,
249 5231 285 5290 et
300 5232 462 5310 patrem,
487 5239 567 5290 cnm
586 5213 654 5289 hac
669 5239 731 5289 sua
743 5217 898 5306 imagine
906 5237 1011 5290 cose·
1062 5210 1298 5305 quaesivimus
1312 5215 1555 5307 qualecunque
1564 5212 1784 5304 exemplum,
1807 5209 1847 5280 in
1863 5211 2044 5288 intellectu

61 5311 157 5401 tuna,
179 5331 212 5392 et
225 5320 332 5392 simul
347 5321 520 5394 condente
535 5339 609 5400 ιιι,
635 5320 851 5392 invocemus.
1062 5308 1235 5387 hominist
1260 5313 1310 5388 ita
1330 5316 1402 5392 iam
1422 5315 1626 5406 intueamur
1645 5313 1861 5388 voluntatem
1877 5311 2042 5403 hominia

13 5517 14 5520 Ἴ
97 5413 258 5514 Messena.
284 5427 389 5497 Οιιιι.
412 5424 496 5494 Vos.
523 5421 619 5500 xlv.
1508 5401 1560 5488 2⁷
