4620 5814
230 140 311 226 555
402 128 406 138 ’

339 283 411 394 Ι851
433 316 684 390 confirmemus
707 332 773 379 nos
794 307 973 398 exemplo,
999 306 1090 392 sicut
1111 307 1230 376 minor

240 439 360 498 coetus
380 431 537 510 tempore
559 411 749 484 Zachariae
770 409 838 478 1511
858 405 1033 492 Ecclesia,
1060 407 1109 477 515
1133 432 1229 479 5555

240 542 274 600 51
296 547 398 618 saepe
418 522 505 592 alias
529 519 649 586 minor
674 523 792 590 coetos
816 524 867 580 est
881 507 1038 579 Ecclesia
1056 509 1132 584 Dei.
1183 507 1230 580 Et

241 624 310 699 hoc
325 624 524 715 exemplum
540 620 632 689 hene
647 625 872 724 mementote.

349 743 525 822 Secundo,
551 735 738 806 confirmet
751 753 816 800 nos
830 731 933 800 etiam
949 725 1017 799 hoc
1031 729 1229 819 exemplum

241 851 282 918 in
302 847 380 920 aliis
401 838 666 914 tentationibus.
718 831 936 924 Quanquam
960 855 1086 919 rnagna
1104 832 1229 900 crude-

180 997 183 1002 *
243 952 324 1021 litas
346 959 422 1016 erat
444 939 597 1012 Herodis
618 949 653 1006 ct
675 928 966 1011 Pharisaeorum,
992 946 1111 1001 tamen
1135 929 1229 1002 Deus

128 1119 133 1126 .
243 1059 392 1121 servavit
415 1042 597 1136 publicum
621 1035 857 1104 ministerium
873 1028 1062 1102 Zachariae
1085 1045 1119 1102 et
1140 1032 1228 1101 alio-

242 1176 342 1238 rum,
368 1160 403 1216 et
422 1140 582 1214 defendit
602 1140 743 1207 multos.
796 1132 890 1223 Quia
910 1136 986 1206 vult
1005 1158 1141 1225 semper
1157 1141 1229 1203 esse

243 1251 388 1344 aliquod
413 1245 595 1339 publicum
618 1236 866 1311 ministerium.
924 1239 975 1305 115
997 1260 1093 1306 55555
1115 1259 1230 1329 quan·

243 1376 349 1450 quam
361 1349 457 1440 Papa
480 1359 514 1416 et
536 1342 611 1411 cius
633 1335 862 1410 adhaerentes
884 1337 1011 1408 volunt
1030 1338 1147 1406 delere
1163 1361 1229 1405 no-

169 1447 175 1458 ’
244 1470 332 1525 51555
354 1445 548 1527 Ecclesias,
582 1456 701 1512 tamen
722 1440 818 1511 Deus
843 1463 909 1508 555
932 1454 966 1509 51
988 1439 1076 1509 51155
1099 1438 1229 1506 multos

244 1554 416 1631 servabit,
464 1562 498 1618 51
534 1569 607 1614 555
646 1545 737 1614 sinet
773 1540 955 1629 publicum
992 1539 1227 1608 ministerium

244 1655 393 1728 omnino
417 1648 544 1729 deleri,
578 1645 667 1714 51551
689 1657 793 1720 1555,
827 1638 966 1709 etiamsi
986 1639 1174 1710 Pontifices
1197 1653 1230 1707 et

245 1757 451 1831 Sacerdotes
471 1748 575 1818 multi
598 1758 699 1816 erant
720 1743 822 1832 impii
845 1755 877 1810 51
900 1739 1086 1831 Epicurei,
1113 1753 1229 1808 tamen

244 1856 402 1950 oportuit
424 1852 562 1943 aliquos
584 1871 657 1918 5555
679 1845 775 1937 15155,
804 1844 864 1935 5151
890 1837 1229 1911 habebantaudito·

244 1955 479 2048 re'saliquos,
505 1952 591 2020 tales
613 1961 712 2019 erant
730 1944 897 2028 Simeon,
925 1937 1130 2026 Zacharias,
1153 1938 1229 2010 Eli-

245 2054 388 2141 zabeth,
413 2053 541 2125 Maria.
1121 2066 1125 2074 ·

348 2173 486 2244 Horum
509 2166 748 2259 exemplorum
772 2162 936 2252 cogitatio
960 2183 1083 2250 magna
1107 2185 1230 2230 conso-

165 2291 170 2298 '
245 2281 331 2352 latio
348 2290 409 2347 551.
912 2359 916 2376 Ι

347 2393 540 2482 Postquam
553 2386 662 2474 igitur
674 2381 872 2470 exemplum
884 2379 1140 2465 considerastis,
1161 2381 1231 2448 iam

161 2529 166 2554 ·
246 2499 330 2568 inde
355 2491 496 2568 discite,
524 2500 686 2577 oportere
703 2481 822 2551 551151
839 2493 873 2549 51
888 2480 975 2548 11551
991 2482 1137 2549 verbum
1153 2478 1234 2566 Dei,

247 2615 281 2668 51
304 2599 349 2666 15
365 2593 468 2664 vobis
485 2590 570 2680 ipsis
584 2610 665 2656 vere
682 2584 843 2666 statuite,
869 2584 963 2674 quod
981 2581 1058 2650 sitis
1076 2585 1233 2652 membra

246 2697 443 2776 Ecclesiae,
466 2703 499 2760 et
524 2689 678 2781 populus
690 2685 776 2769 Dei,
803 2685 945 2777 quando
969 2683 1036 2752 fide
1053 2685 1234 2774 amplecti-

226 2800 338 2873 mini
366 2793 620 2882 Evangclium,
664 2802 698 2857 et
734 2811 809 2856 non
844 2793 979 2869 curate,
1021 2787 1117 2877 quod
1148 2810 1234 2855 con-

249 2907 418 2974 demnant
435 2918 496 2994 vos
512 2889 715 2963 adversarii.
1028 2907 1031 2914 ·

351 3016 516 3087 Secundo
531 3011 620 3099 agite
634 3008 738 3076 etiam
747 3004 824 3076 Deo
838 3006 984 3095 gratias,
1011 3007 1107 3097 quod
1122 3017 1235 3074 servat

249 3117 463 3199 Ecclesiam,
490 3129 617 3190 etrus,
644 3123 678 3179 et
696 3121 811 3191 orate,
837 3119 876 3176 ut
890 3107 1024 3176 diutins
1041 3123 1166 3180 servet.

721 3338 765 3413 ll.

341 3494 396 3561 115
419 3490 573 3558 missinae
595 3484 837 3570 Prophetarum
860 3489 891 3547 et
913 3482 1056 3548 aliorum
1074 3503 1153 3548 vero

642 3568 834 3634 docentium.

355 3702 428 3772 lam
444 3696 682 3777 considerate,
708 3690 888 3783 quomodo
904 3684 997 3760 Deus
1013 3694 1235 3762 5515151515-

252 3818 384 3881 stauret
401 3797 606 3870 Ecclesiam.

355 3920 403 3993 Et
430 3920 468 3986 in
496 3911 563 3983 hac
592 3909 873 3982 consideratione
896 3909 987 3996 agite
1009 3908 1137 3996 gratias
1161 3908 1235 3978 Deo

254 4020 318 4120 pro
340 4027 509 4094 immensa
532 4014 709 4095 bonitate,
735 4011 829 4102 quod
853 4034 926 4078 non
943 4009 1112 4102 relinquit
1127 4027 1237 4098 genus

252 4125 448 4200 humanum
465 4132 634 4211 perpetuo
650 4115 688 4181 in
704 4112 868 4182 tenebris.

292 4317 294 4320 ,
355 4236 633 4330 QuandoAdam
648 4227 789 4301 etHeva
805 4243 906 4299 erant
920 4229 1026 4319 lapsi,
1054 4229 1123 4296 iarn
1138 4229 1237 4299 nulla

256 4358 329 4419 5551
350 4341 505 4412 Ecclesia
529 4335 666 4426 generis
690 4327 855 4415 humani,
886 4345 920 4400 51
944 4332 1156 4421 oportuisset
1179 4355 1238 4402 eos

254 4446 401 4519 omnino
422 4440 552 4532 perire,
579 4437 609 4504 si
625 4436 724 4504 Deus
748 4456 821 4501 non
845 4433 1016 4500 immensa
1039 4433 1237 4502 misericor·

255 4551 313 4621 dia
346 4546 439 4615 ultro
470 4538 674 4632 prodiisset,
711 4547 746 4603 et
775 4534 926 4602 dedisset
957 4533 1238 4623 promissionem.

255 4647 364 4723 Edita
386 4657 501 4714 autem
521 4637 774 4731 promissione,
801 4657 923 4704 rursus
946 4635 1099 4705 incoavit
1115 4631 1241 4704 Eccle-

255 4755 352 4824 siam.

216 4850 224 4866 ’
345 4867 417 4942 ‘Sic
446 4874 564 4956 postea
594 4873 696 4948 saepe
729 4857 871 4948 quando
902 4856 1056 4924 mundus
1080 4855 1241 4926 15551511

256 4975 387 5044 51511155
402 4963 670 5058 promissionem
685 4975 719 5028 51
733 4953 1134 5044 doctrinamEvangelii,
1156 4971 1240 5026 tunc

257 5073 395 5144 vocavit
416 5075 529 5138 no'vos
551 5066 729 5142 doctores,
756 5071 795 5127 ut
816 5072 893 5149 post
911 5053 1012 5126 Nohe
1030 5073 1063 5126 51
1079 5056 1160 5126 Sem
1178 5083 1240 5127 vo-

257 5175 349 5248 cavit
377 5166 579 5250 Abraham,
612 5162 740 5232 deinde
771 5154 915 5250 loseph,
948 5172 1065 5249 postea
1088 5157 1242 5246 Moisen,

255 5290 375 5369 postea
394 5271 611 5352 Samuelem,
638 5260 753 5333 Eliam
770 5277 802 5332 et
821 5261 919 5332 51155.

826 134 953 211 PHlL.
980 131 1096 210 Mllh.
1120 133 1331 211 SCRlPTA
1357 133 1657 226 EXEGETICA.

2177 145 2240 222 1551

1383 308 1443 381 815
1457 314 1599 402 5155515
1614 311 1684 382 iam
1699 334 1845 402 magnae
1862 313 2024 385 tenebrae
2038 325 2141 398 erant,
2160 311 2241 386 Deus

1282 407 1645 483 vocavitlohannem.
1741 436 1743 445 ’

1381 511 1429 580 Et
1444 535 1579 605 semper
1592 511 1793 584 additDeus
1808 515 1991 598 miracula,
2014 530 2052 586 51
2065 531 2155 586 55515
2167 517 2241 584 scia·
2297 519 2298 594 ξ

1281 637 1359 683 mus
1387 636 1460 684 esse
1491 612 1604 684 aDeo
1631 617 1766 684 missos.
1827 613 1911 685 ldeo
1938 611 2109 686 lohannes
2131 640 2241 706 magno
2297 613 2298 708 1

1281 715 1453 784 miraculo
1494 717 1650 786 nascitur
1687 742 1727 784 ex
1751 731 1863 788 matre
1892 718 2001 787 sterili
2024 732 2154 790 51555.
2205 714 2244 786 Et
2297 711 2298 798 1

1281 839 1483 909 quanquam
1507 813 1652 887 Ethnici
1677 813 1811 902 hahent
1841 819 2028 902 miracula,
2060 842 2146 915 quae
2174 819 2244 886 facit
2297 813 2298 892 l

1281 917 1466 1001 diabolus,
1493 933 1611 988 tamen
1635 915 1704 988 hoc
1725 920 1936 990 miraculum
1955 919 2115 991 diabolus
2132 919 2244 988 imitari
2297 915 2298 998 1

1280 1041 1355 1087 555
1373 1031 1499 1114 potest.

1382 1117 1542 1190 Sciamus
1560 1144 1642 1209 ergo
1658 1118 1854 1192 Iohannem
1872 1145 1946 1192 esse
1961 1125 2136 1192 doctorem
2151 1146 2167 1189 5
2183 1117 2245 1188 Deo
2297 1115 2298 1178 l

1281 1220 1448 1304 missurn,
1474 1235 1508 1291 et
1532 1225 1607 1292 eius
1621 1224 1826 1295 testimonio
1843 1227 2044 1296 credamusr
2069 1235 2102 1293 51
2118 1244 2246 1314 quaera-
2297 1249 2298 1304 1

1281 1345 1379 1406 mus,
1405 1323 1491 1413 quid
1511 1325 1682 1397 docuerit.
1901 1321 1907 1332 ’

2297 1187 2298 1238 1

1744 1539 1810 1632 m.

1566 1666 1621 1733 115
1643 1667 1795 1734 doctrino
1812 1669 1984 1736 1515555515.

1385 1783 1683 1880 Quandocunque
1704 1790 1855 1861 dicimus
1878 1794 1922 1860 de
1938 1791 2095 1876 Sanctis,
2122 1812 2249 1884 5155555-
2297 1787 2298 1852 l

1284 1908 1361 1954 mus
1383 1887 1557 1975 primurn,
1590 1891 1675 1981 quid
1702 1893 1901 1963 docuerint.
1962 1892 2123 1984 Papistae
2145 1893 2250 1962 dicunt
2297 1859 2298 1920 l

1284 1989 1328 2056 de
1351 1985 1491 2057 Sanctis
1512 1989 1578 2073 ita,
1611 2006 1648 2060 ut
1673 1993 1820 2062 iubeant
1844 2017 1901 2062 eos
1925 1995 2104 2077 invocari,
2129 2005 2250 2063 51555-

1285 2089 1428 2158 tumelia
1446 2090 1732 2160 51151551115555
1751 2108 1785 2162 et
1800 2092 1958 2166 Sanctus.

1385 2189 1481 2259 Haec
1514 2191 1677 2261 idolatria
1711 2197 1914 2266 damnanda
1945 2211 1980 2266 51
2011 2196 2172 2286 fugienda
2200 2204 2250 2260 est.

1286 2290 1358 2362 Nos
1380 2294 1429 2363 sic
1450 2293 1636 2363 audiamus
1654 2294 1863 2366 Sanctorum
1888 2292 2074 2381 historias,
2098 2311 2136 2364 ut
2156 2319 2192 2362 ex
2211 2293 2251 2360 515

1285 2394 1480 2476 discamus,
1507 2397 1601 2487 quod
1624 2393 1719 2464 11555
1744 2411 1858 2467 servet
1884 2397 2101 2482 Ecclesiam,
2127 2411 2158 2466 et
2177 2419 2252 2488 quo-

1287 2495 1394 2564 rnodo
1413 2509 1546 2578 servet,
1571 2510 1606 2566 et
1621 2519 1765 2583 agamus
1780 2496 1855 2568 Deo
1872 2503 2020 2588 gratias,
2047 2501 2138 2592 quod
2155 2521 2187 2565 se
2202 2517 2252 2586 pa*

1285 2596 1405 2666 1515511
1420 2596 1523 2665 151155
1540 2597 1653 2667 missis
1669 2595 1858 2690 Prophetis
1874 2614 1908 2669 51
1923 2601 2147 2672 Ductoribus.

1387 2696 1573 2769 Discamus
1596 2700 1719 2783 etiam,
1747 2701 1833 2793 quid
1858 2703 1992 2792 singuli
2013 2701 2207 2782 docuerint,
2227 2709 2253 2764 et

1287 2821 1333 2869 an
1348 2799 1508 2868 doctrina
1524 2823 1645 2872 eorum
1661 2803 1868 2873 consentiat.

1390 2898 1487 2970 Scias
1515 2902 1622 2988 igitur
1647 2897 1842 2972 lohanncm
1872 2906 2116 2995 propriissime
2138 2918 2169 2972 et
2192 2901 2254 2991 pla·

1289 3001 1432 3068 nissime
1463 3003 1678 3094 praedicasse
1708 3002 1955 3093 Evangelinm.
2024 3004 2100 3075 1555
2131 3021 2254 3095 15555555
2297 3039 2298 3060 1

1289 3103 1408 3170 eadem
1434 3117 1484 3171 est
1506 3104 1664 3174 doctrina
1685 3099 1853 3173 lobannis
1878 3122 1911 3175 51
1928 3122 2068 3189 555155,
2094 3105 2160 3173 5151
2175 3099 2253 3195 quod

1254 3291 1256 3298 Α
1290 3197 1465 3273 lohannes
1489 3205 1698 3276 monstravit
1718 3222 1935 3296 praesentem
1958 3223 1992 3278 et
2007 3207 2177 3277 visibilem
2194 3201 2255 3272 Do·

1289 3305 1437 3377 minum.
1489 3305 1562 3377 Nos
1580 3319 1821 3392 monstramus·
1830 3323 2036 3398 regnantem
2053 3310 2090 3378 in
2108 3306 2209 3376 coelo.
2297 3295 2298 3384 1

1390 3403 1536 3500 Reliqui
1554 3407 1693 3477 articuli
1711 3409 1819 3478 iidem
1836 3424 1919 3480 5551
1932 3412 2043 3480 151155
2059 3407 2236 3496 doctrinae.

2297 3553 2298 3584 l

1594 3611 1803 3684 Articuli
1827 3607 1967 3705 fidet.

1391 3741 1548 3830 Agnovit
1565 3741 1798 3831 Trinitatem,
1825 3748 1916 3816 vidit
1931 3748 1970 3814 in
1985 3737 2257 3840 baptismoChri·

1287 3843 1334 3912 511
1351 3857 1421 3912 1555
1438 3866 1614 3932 personas.

1393 3940 1563 4032 Agnoscit
1579 3949 1616 4012 in
1633 3943 1762 4016 Messia
1780 3951 1867 4018 duas
1884 3962 2047 4032 naturas,
2074 3949 2155 4038 quia
2173 3940 2257 4012 dicit:
2297 3943 2298 4018 1

1290 4043 1396 4113 Ρ5155
1420 4069 1476 4112 me
1501 4060 1562 4114 551.
1618 4044 1719 4116 ltem:
1746 4047 1800 4118 Ex
1820 4050 2045 4140 plenitudine
2062 4051 2137 4118 cius
2154 4063 2259 4116 omues

1291 4145 1497 4236 accepimus.
2297 4215 2298 4232 ,

1394 4245 1520 4316 Tradit
1541 4249 1756 4332 doctrinam,
1782 4251 1877 4340 quod
1900 4251 1968 4320 lide
1993 4254 2258 4343 accipiamnsre·

1289 4347 1494 4417 missionem
1515 4364 1759 4439 peccatorum,
1785 4365 1818 4419 et
1840 4352 1948 4422 simus
1971 4355 2057 4424 iusti
2079 4356 2166 4436 fide,
2189 4345 2260 4416 dicil

1272 4449 1410 4520 ¹etiam:
1439 4443 1569 4519 Omnis
1592 4453 1655 4545 qui
1674 4453 1785 4523 credit
1807 4452 1845 4520 in
1861 4451 2014 4539 Filium,
2040 4453 2147 4526 habet
2170 4453 2259 4518 vitam

1292 4568 1478 4623 aeternam.

1394 4643 1576 4722 Praedicat
1599 4654 1852 4743 poenitentiam
1878 4671 1912 4726 51
1930 4659 2213 4734 conversionem,
2235 4661 2262 4716 et

1268 4743 1271 4750 ¹
1293 4754 1394 4824 docet
1417 4754 1658 4823 remissionem
1683 4769 1902 4845 peccatorum
1921 4760 1997 4828 dari
2013 4773 2158 4856 propter
2170 4750 2261 4824 Chri-

1292 4869 1403 4926 stum:
1430 4853 1520 4924 Ecce
1535 4879 1645 4944 agnus
1660 4855 1746 4937 Dei,
1771 4859 1832 4950 qui
1849 4859 1943 4929 tollit
1960 4875 2100 4953 peccata
2114 4853 2239 4926 mundi.

1394 4953 1506 5025 Docet
1520 4957 1683 5032 debonis
1699 4961 1885 5050 5155511555,
1912 4975 2014 5030 vocat
2032 4976 2160 5050 gentes.

1395 5055 1490 5127 llaec
1513 5059 1766 5128 consideranda
1790 5078 1873 5132 sunt
1897 5064 2138 5154 principaliter
2158 5060 2193 5125 in
2214 5049 2262 5122 hi·

1294 5159 1401 5228 storia
1424 5161 1468 5226 15
1487 5155 1658 5230 15155555.
1712 5159 1901 5251 Quomodo
1927 5165 2072 5235 vestitus
2092 5160 2211 5240 luerit,
2235 5167 2262 5218 el

1293 5261 1380 5354 quid
1405 5262 1614 5344 comederit,
1641 5257 1708 5332 hoc
1734 5261 1825 5334 nihil
1849 5268 1892 5335 ad
1918 5290 1983 5336 nos
2005 5266 2174 5356 pertinet,
2198 5257 2262 5328 Do-
