4590 5808
67 186 124 261 aas
275 183 353 260 ιιι.
404 173 799 256 annovavtouns
826 173 892 250 nv
918 167 1199 250 concsonns
1226 169 1276 244 nv
1301 165 1487 244 avano.
1515 121 1797 240 aternani
1972 166 2048 240 aas

304 353 476 450 Sequitur
497 355 568 423 iam
594 351 739 426 Concio.
1063 365 1181 422 tantae
1203 344 1403 436 dignitatis,
1442 355 1477 412 et
1499 341 1660 410 obtineas
1682 339 1842 431 pulcrum
1866 338 2046 430 principa-

1062 469 1148 524 tum.
1205 449 1387 520 Praeterea
1403 467 1509 539 quam
1528 443 1695 528 usitatum
1714 453 1765 510 est
1783 441 1821 509 in
1836 439 1925 511 aulis
1946 440 2047 530 prin-

1062 555 1199 645 cipum,
1240 566 1280 621 ut
1302 550 1370 618 viri
1394 547 1531 618 nobiles
1558 543 1671 614 videri
1696 543 1807 614 velint
1828 539 2047 630 Evangelici,
2133 625 2136 638 ι

138 657 315 750 Regimina
340 657 483 750 politica
508 680 569 726 seu
594 655 720 726 mnndi
743 657 889 748 imperia
912 679 1014 726 suum
1062 673 1096 726 et
1110 657 1251 725 interim
1274 652 1381 721 si'mul
1403 660 1623 739 aucupentur
1640 645 1807 734 gratiam,
1839 656 1873 712 et
1887 643 2049 712 alludant

120 485 224 564 Ncom
235 496 352 586 potest
367 483 502 556 servire
520 478 662 556 duobus
675 477 857 555 Dominis
873 493 937 556 etc.

62 757 168 830 habent
181 761 358 844 ordinem,
379 759 587 829 distinctum
606 758 708 828 certis
724 759 914 850 gradibus,
939 759 1015 828 sin·
1062 762 1103 826 ad
1131 757 1276 826 allectus
1299 765 1500 844 potentum,
1530 748 1593 842 qui
1616 747 1797 843 ductrinae
1824 745 1902 836 piae
1928 745 2047 814 inlesti

59 862 116 948 guli
130 861 213 931 cives
227 876 261 930 et
276 861 411 931 subditi
427 859 558 930 multos
576 853 710 931 habent
734 859 920 944 dominos,
955 861 1014 928 ni·
1061 870 1322 952 persequuntur
1338 850 1587 942 Evangelium.
1870 875 1875 882 ·

60 963 164 1030 mirum
195 964 353 1032 eonsules
384 961 556 1048 civitatis,
599 960 832 1051 praelectum,
881 961 1011 1052 princi·
1162 956 1218 1030 Ex
1234 953 1290 1027 bis
1306 971 1339 1026 et
1355 954 1532 1025 similibus
1546 951 1714 1041 exemplis
1729 950 1822 1018 clare
1845 947 1972 1039 poterit
1993 947 2048 1014 in·

59 1087 137 1152 pem,
164 1078 390 1134 veruntamen
406 1057 445 1132 hi
462 1064 591 1153 gradus
607 1058 675 1132 hoc
690 1063 816 1132 ordine
831 1063 1015 1134 constituti
1062 1062 1173 1150 telligi
1201 1059 1374 1130 sententia
1402 1051 1511 1126 huius
1538 1067 1664 1128 textus.
1723 1048 1858 1142 Estque
1880 1043 1948 1118 boc
1972 1049 2049 1116 locu

58 1179 136 1248 sunt,
165 1180 202 1234 ut
215 1165 459 1258 unusquilibet
473 1163 562 1234 civis
576 1163 819 1256 principaliter
837 1165 965 1235 serviat
979 1179 1015 1236 et
1062 1165 1227 1232 discenda
1251 1175 1285 1232 et
1308 1161 1480 1230 servanda
1505 1155 1642 1244 regula:
1675 1156 1771 1247 quod
1791 1147 1874 1220 Deo
1888 1152 2047 1230 servien-⁸

56 1266 242 1354 obtemperet
259 1290 397 1336 summo
413 1265 519 1356 capiti
536 1287 597 1333 seu
621 1267 871 1354 gubernatori,
894 1279 1013 1357 postea
1062 1266 1146 1334 dum
1163 1266 1209 1335 sit
1223 1277 1304 1333 ante
1318 1261 1457 1343 onmia,
1490 1283 1552 1328 seu
1574 1259 1670 1352 quod
1686 1251 1766 1324 Dei
1787 1254 1902 1324 cultus
1924 1268 1958 1322 et
1981 1247 2046 1320 bo·

57 1388 104 1433 suo
128 1367 199 1436 loco
230 1367 374 1438 caeteris
406 1367 562 1435 dominis
585 1365 827 1442 inferioribus.
891 1366 1014 1460 Neque
1062 1391 1129 1435 nor
1144 1367 1393 1457 praeferendus
1406 1363 1452 1432 sit
1467 1359 1634 1430 omnibns
1650 1359 1838 1440 creaturis,
1861 1357 1956 1426 iuxta
1973 1353 2046 1445 pri·

56 1490 120 1536 vcro
133 1469 318 1538 servientes
334 1463 404 1538 hoc
419 1467 546 1537 ordine
562 1469 812 1558 potestatibus,
844 1471 1014 1540 dicuntur
1062 1493 1159 1536 mrim
1191 1467 1357 1555 Decalogi
1392 1475 1631 1556 praeceptum:
1683 1459 1818 1550 Diliges
1850 1455 2047 1526 Dominum

56 1568 169 1637 duobus
185 1569 340 1664 dominis
355 1570 506 1653 servire,
538 1570 708 1660 quamdiu
721 1572 884 1662 superior
899 1573 1014 1640 domi·
1062 1566 1184 1639 Deum
1199 1585 1299 1640 tuum
1316 1591 1358 1636 ex
1375 1580 1448 1636 toto
1471 1565 1593 1646 eorde,
1629 1585 1670 1630 cx
1693 1587 1765 1656 qno
1789 1559 1969 1630 verissime
1993 1579 2047 1626 se·
2140 1647 2145 1660 ν

55 1691 106 1736 nus
126 1683 155 1738 et
181 1671 403 1760 magistratus
427 1670 613 1740 inferiores
638 1673 818 1742 coniuncti
846 1689 929 1744 sunt
952 1697 1013 1742 vo·
1062 1673 1201 1765 quitur,
1241 1665 1332 1740 nihil
1364 1668 1525 1738 omnium
1557 1687 1675 1734 rerum
1708 1687 1819 1757 aeque
1847 1661 2048 1736 colendum,

24 1843 27 1854 Ι
55 1769 223 1840 luntatibus
246 1787 281 1844 et
305 1773 500 1842 sententiis.
552 1771 622 1854 Sed
648 1798 727 1843 cum
751 1773 805 1842 illi
828 1775 957 1844 animis
981 1788 1015 1844 et
1063 1775 1264 1865 pariterque
1288 1771 1508 1860 diligendum
1533 1789 1607 1837 esse
1629 1789 1669 1836 ac
1685 1763 1802 1837 Deum
1824 1766 1958 1854 ipsum,
1983 1785 2047 1830 nec

55 1872 275 1944 voluntatibus
300 1874 475 1958 distracti,
516 1873 610 1944 inter
634 1899 669 1944 se
693 1875 888 1962 dissident,
929 1891 1014 1946 tnnc
1063 1876 1291 1944 tribuendum
1309 1866 2047 1942 honoremdivinumamoremveDeode-

56 1985 126 2040 certe
146 1999 248 2044 nemo
275 1987 387 2068 potest
410 1977 553 2068 utrique
579 1975 858 2048 discordantium
883 1974 1014 2048 adhae-
1062 1977 1176 2054 bitum
1196 1975 1260 2044 ulli
1278 1988 1476 2054 creaturae,
1503 1981 1640 2038 tantum
1660 1970 1779 2049 abest,
1803 1966 2046 2058 utquicqnam

54 2074 472 2164 “lelifllet'fflervlst,
506 2077 732 2146 sicuteadem
751 2102 933 2173 aquanun
948 2103 1015 2170 po·
1061 2078 1222 2146 omnium
1249 2099 1366 2144 rernm
1392 2073 1469 2142 Deo
1492 2070 1538 2140 sit
1560 2068 1848 2146 anteferendum,
1892 2066 2046 2153 magisve
2142 2070 2148 2090 ⁶

55 2187 101 2242 test
118 2177 216 2246 simul
235 2201 311 2247 esse
332 2177 469 2246 fervida
495 2191 528 2246 et
552 2177 698 2266 frigida,
735 2180 1015 2272 quiacuntraria
1061 2181 1269 2265 colendum,
1304 2191 1365 2247 aut
1386 2173 1567 2244 ardentius
1583 2171 1820 2260 diligendum,
1854 2169 1897 2236 ad
1921 2181 2046 2234 contn-

53 2297 97 2344 seu
122 2279 312 2367 pugnantia
340 2277 434 2347 inter
458 2302 495 2347 se
519 2301 593 2346 non
620 2293 769 2370 possunt
789 2282 894 2353 simul
917 2282 1015 2374 poni,
1061 2283 1201 2350 melium
1218 2281 1328 2373 ipsius
1345 2277 1429 2363 Dei,
1456 2276 1623 2368 qnodque
1645 2286 1818 2363 repugnet
1832 2285 1867 2340 ct
1881 2271 2044 2338 adverse·

52 2379 151 2448 necin
175 2385 301 2450 eodem
324 2380 488 2449 subiecto*
505 2379 693 2480 coniungi,
740 2406 781 2453 ac
803 2397 844 2454 ut
863 2385 1016 2454 maxime
1060 2399 1120 2454 tur
1134 2385 1276 2452 divinae
1292 2380 1455 2452 bonitati.

53 2479 105 2549 sint
117 2482 236 2568 simul,
262 2507 344 2550 mox
359 2494 476 2550 tamen
494 2482 644 2552 alterum
662 2483 806 2572 pellitur
822 2487 866 2556 ab
881 2477 1014 2556 altero.⁸
1161 2484 1258 2554 Haec
1290 2496 1343 2553 est
1375 2505 1511 2552 summa
1546 2480 1712 2551 salutaris
1752 2478 1854 2549 istius
1892 2475 2046 2565 regulae,

130 2580 267 2655 Similis
283 2585 373 2654 ratio
389 2596 440 2652 est
456 2583 492 2650 in
508 2579 575 2652 boc
591 2606 693 2668 casn,
727 2588 771 2653 de
787 2612 858 2680 quo
873 2588 1015 2659 concio-
1061 2611 1167 2680 quam
1184 2587 1222 2654 in
1244 2598 1341 2657 textu
1364 2595 1563 2678 sequnntur
1586 2577 1673 2652 haec
1695 2581 1818 2651 verba:
1841 2577 1925 2649 Non
1946 2590 2047 2668 pote-

51 2693 134 2751 natnr
156 2685 357 2773 Dominus:
405 2682 518 2752 Nemo
546 2698 661 2782 potest
691 2687 832 2759 duobus
861 2689 1015 2758 dominis
1060 2689 1122 2759 stis
1148 2687 1279 2759 servire
1296 2683 1372 2758 Deo
1395 2686 1525 2777 pariter
1545 2699 1579 2755 ct
1598 2680 1843 2764 Mammonae,
1870 2703 1932 2749 seu
1954 2677 2048 2747 divi-

50 2784 174 2869 servire,
215 2785 370 2888 scilicet,
421 2810 494 2854 non
528 2787 829 2860 consentientibus
861 2805 895 2862 et
928 2815 1015 2861 con·
1061 2792 1140 2874 tiis,
1166 2791 1260 2884 quod
1278 2789 1422 2882 quidem
1440 2787 1643 2875 intelligetis
1659 2786 1783 2853 eodem
1801 2784 1905 2873 plane
1927 2781 2048 2860 modo,

51 2887 233 2968 gruentibns
249 2889 345 2956 inter
359 2910 414 2972 se,
447 2887 508 2955 sed
526 2889 741 2961 turbulentis
756 2905 860 2984 atque
880 2895 1014 2963 discor·
1061 2917 1132 2987 quo
1150 2893 1350 2982 superiora,
1376 2889 1475 2983 quasi
1492 2888 1586 2957 dicat
1601 2884 1796 2957 Dominus:
1823 2883 1898 2952 Vos
1913 2904 2048 2972 nequa-

49 2985 140 3056 dibus.
206 2987 319 3073 ltem,
351 2988 494 3081 quando
519 3012 592 3066 non
613 3003 664 3060 est
685 2992 835 3084 imperio
857 2995 1014 3086 legitimo
1061 3018 1168 3088 qnam
1182 2993 1317 3064 debetis
1333 3013 1544 3085 quacunque
1559 2989 1697 3059 ratione
1712 3009 1879 3081 quaerere
1894 2982 2049 3064 divitias,

49 3090 191 3200 gradibus
214 3104 315 3161 certo
338 3089 465 3160 ordine
490 3090 682 3179 distinctis,
708 3092 796 3163 alter
812 3095 915 3166 alteri
930 3097 1014 3166 sub-
1062 3095 1191 3164 omisso
1217 3090 1313 3179 Deo,
1351 3115 1418 3162 nec
1441 3105 1586 3184 propter
1608 3089 1751 3160 divitias
1781 3090 1894 3182 lacere
1926 3099 2047 3154 contra

48 3202 154 3275 tectus,
179 3206 238 3279 ut,
266 3214 373 3262 nemo
396 3204 510 3283 potest
533 3193 665 3283 pariter
687 3192 916 3265 Ferdinando
939 3198 1012 3286 regi
1062 3197 1197 3287 Deum,
1222 3221 1296 3267 non
1318 3193 1453 3264 debetis
1474 3192 1630 3284 accipere
1654 3192 1841 3284 opulentos
1854 3187 2049 3281 Episcopa-

48 3301 74 3402 et
86 3286 231 3363 'l'urcico
254 3307 410 3386 tyranno
430 3293 580 3372 servire,
608 3295 691 3386 quia
716 3289 905 3368 hostilibus
922 3300 1015 3368 odiis
1062 3313 1118 3370 tus
1135 3313 1167 3370 et
1184 3300 1319 3389 opimas
1335 3296 1564 3389 praebendas,
1584 3317 1671 3386 quas
1686 3293 1885 3371 nominant,
1907 3304 1945 3359 ut
1960 3309 2047 3358 con-

46 3403 120 3460 tnter
140 3417 174 3462 se
195 3395 384 3466 dissident.
433 3392 512 3465 Rex
536 3396 631 3463 enim
647 3393 895 3470 Ferdinandus
919 3402 1014 3470 altir-
1062 3401 1207 3472 firmetis
1223 3424 1262 3469 ac
1277 3397 1464 3469 stabiliatis
1479 3396 1624 3487 impiam
1641 3393 1860 3479 doctrinam,
1885 3416 1946 3462 seu
1961 3389 2047 3458 falsa

46 3507 103 3561 nat
115 3491 336 3586 Hungariam
353 3518 426 3564 esse
441 3520 558 3580 suam,
584 3497 734 3591 ideoque
750 3517 852 3591 negat
876 3526 912 3572 se
934 3527 1014 3594 pas-
1063 3507 1238 3591 dogmata.
1290 3498 1395 3571 ltem:
1431 3497 1513 3567 Non
1535 3497 1672 3567 debetis
1696 3509 1842 3593 propter
1863 3491 2048 3584 pecuniam

44 3613 163 3708 speum,
185 3612 228 3668 ut
245 3597 419 3689 eripiatur
434 3622 474 3667 ea
489 3598 569 3668 sibi.
597 3595 640 3668 ln
656 3593 724 3670 boc
739 3604 925 3674 manifesto
941 3605 1015 3673 dis·
1063 3605 1197 3672 violare
1226 3615 1359 3672 caetera
1381 3601 1546 3670 mandata
1569 3598 1710 3683 divina,
1748 3596 2047 3691 quemadmodum

46 3695 139 3788 sidio,
170 3715 202 3768 et
218 3698 387 3791 gravibus
403 3697 600 3770 inimicitiis
615 3717 749 3772 constat
765 3705 902 3776 nullum
919 3706 1016 3774 mili-
1062 3707 1322 3789 foeneratores,
1348 3705 1555 3800 praedones,
1579 3702 1688 3784 fures,
1714 3712 1749 3770 et
1762 3698 1824 3769 ulii
1839 3701 2048 3787 impostores

45 3807 98 3864 tem
118 3823 219 3890 posse
247 3799 424 3889 stipendia
449 3823 583 3871 merere
605 3806 697 3895 apud
724 3817 933 3900 utrumque,
958 3808 1016 3876 vel
1062 3809 1214 3892 iaciunt,
1239 3805 1339 3876 cuius
1353 3805 1491 3894 generis
1514 3815 1650 3894 peccata
1670 3814 1764 3872 certe
1786 3798 1940 3890 plurima
1965 3809 2048 3864 sunt

44 3899 166 3994 utrique
189 3901 338 3975 servire.
397 3898 615 3972 Huiusmodi
640 3907 797 3997 exempla
825 3922 909 3979 sunt
932 3910 1015 3980 illu·
1064 3901 1265 3979 inmundo.
1319 3904 1418 3995 Quid
1439 3907 1534 3974 enim
1558 3918 1628 3973 tam
1652 3903 1821 3973 usitatum
1839 3913 1908 3978 est,
1941 3894 2048 3988 quarn

43 4001 129 4088 ‘lilii
154 4006 264 4094 Plana
283 4003 530 4095 ‘ll'ml’lfflffi
816 4007 819 4014 ¹
1066 4011 1233 4104 pecuniae
1255 4031 1360 4079 cansa
1384 4007 1518 4078 violare
1542 4004 1738 4076 iustitiam?
1795 4000 1893 4072 lusta
1922 4000 2046 4068 tritum

123 4103 183 4178 Sic
200 4119 236 4176 et
257 4102 363 4174 ludas
385 4129 459 4175 non
476 4119 592 4204 potest
609 4107 803 4200 aequaliter
824 4123 930 4207 atque
953 4137 1015 4204 pa-
1064 4111 1260 4183 Tentonica
1277 4112 1396 4200 lingna
1414 4105 1665 4191 vaerbium,
1693 4103 1921 4197 pecuniarum
1937 4100 2050 4190 gratia

43 4201 113 4272 riter
126 4208 318 4297 pecuniam
337 4220 370 4277 et
386 4201 502 4277 Deum
526 4210 708 4296 venerari,
741 4211 856 4280 colere
879 4237 918 4282 ac
941 4239 1015 4284 ma·
1063 4215 1141 4284 lieri
1153 4209 1316 4282 homines
1330 4234 1480 4305 nequam
1498 4223 1532 4279 et
1548 4208 1741 4301 improbos.

41 4304 211 4389 gnilacere.
276 4305 366 4378 Nam
391 4332 458 4378 vox
481 4308 603 4379 divina
628 4311 730 4383 dicit:
769 4311 849 4382 Non
870 4315 1016 4385 adiuves
1165 4313 1326 4383 Viennae
1356 4327 1438 4382 ante
1469 4333 1600 4404 paucos
1623 4331 1735 4380 annos
1762 4306 1907 4400 qnidam
1931 4306 2050 4378 Pistor

41 4409 292 4496 oppressionem
325 4409 544 4496 innocentis3
591 4425 627 4481 at
659 4413 806 4484 avaritia
842 4415 1014 4488 clamitat:
1062 4411 1235 4487 habuerat
1249 4413 1470 4499 ministrum,
1496 4413 1555 4485 cui
1570 4435 1700 4483 nornen
1716 4424 1789 4480 erat
1802 4406 1945 4480 Paulus.
1980 4407 2050 4479 Hic

42 4498 103 4577 luo
119 4528 269 4604 propter
286 4511 471 4602 pecuniam
491 4509 679 4582 confirmes
694 4527 728 4584 et
751 4515 896 4586 adiuves
920 4519 1013 4589 iniu-
1063 4543 1143 4589 cum
1168 4517 1308 4608 penitus
1331 4517 1518 4606 perspectis
1543 4539 1584 4586 ac
1606 4511 1797 4606 exploratis
1818 4513 1966 4582 aedibus
1989 4537 2050 4581 co·

41 4619 113 4726 stam
143 4613 345 4687 saevitiam.
410 4611 489 4682 Hoc
519 4615 716 4704 exemplum
746 4617 890 4707 plurimi
920 4643 1015 4690 nunc
1063 4619 1259 4712 gnovisset,
1285 4617 1416 4713 quibus
1433 4618 1471 4686 iu
1486 4617 1615 4689 arculis
1629 4613 1778 4707 pecunia
1792 4615 1921 4687 soleret
1938 4635 2049 4683 asser-

39 4725 222 4784 umtantur.
248 4712 405 4803 Quidam
423 4716 517 4783 enim
534 4715 641 4787 simul
657 4731 690 4789 et
705 4718 868 4810 amplecti
883 4721 1014 4790 ductri-
1065 4723 1159 4802 vari,
1199 4735 1303 4794 nocte
1326 4721 1478 4814 quadarn
1500 4744 1535 4789 se
1556 4719 1595 4787 in
1619 4719 1766 4786 eandem
1789 4721 1936 4787 domum
1958 4715 2051 4783 insi·

39 4829 108 4880 nam
129 4811 324 4904 Evangelii
346 4830 381 4888 et
400 4812 636 4908 Episcopatus
655 4842 695 4890 ac
719 4818 921 4892 sacerdotia
944 4824 1013 4894 sibi
1063 4847 1197 4910 nuans,
1224 4849 1265 4893 ex
1282 4824 1409 4893 ordine
1431 4825 1554 4892 caedes
1577 4821 1738 4913 quinque
1758 4814 1944 4889 bominum
1964 4839 2048 4884 cru·

41 4915 176 5032 toulerri
203 4919 334 4990 volunt
360 4916 572 4990 aPontifice
595 4917 781 5009 Romano,
816 4920 1012 4994 sedEvan-
1059 4926 1241 4996 delissime
1270 4924 1462 5005 commisit,
1499 4948 1539 4993 ac
1563 4921 1719 5014 primurn
1742 4921 1885 5016 quidem
1907 4939 2049 4986 servum

42 5014 279 5134 telnvoxest:
314 5018 441 5110 Fugite
454 5021 570 5107 idola,
595 5021 632 5092 id
649 5039 719 5106 cst,
747 5048 811 5096 nec
828 5039 936 5097 estote
952 5029 1013 5096 de·
1062 5025 1519 5097 dormientem'inrramno
1542 5024 1754 5108 trucidavit,
1788 5021 1913 5092 exinde
1936 5019 2049 5088 ancil-

42 5114 345 5191 dttvidololatricis
361 5121 527 5208 cultibus,
554 5147 693 5196 nereos
709 5129 911 5218 approbate.
938 5125 1013 5199 lte-
1061 5128 1150 5208 lam,
1193 5144 1312 5220 postea
1337 5127 1625 5220 patremfamilias
1652 5140 1688 5197 et
1708 5121 2047 5211 coniugem'concu-

42 5215 152 5292 clamat
169 5237 290 5292 autem
306 5221 560 5315 Episcopatus,
588 5227 808 5319 praecipiens
829 5230 962 5319 pultum
979 5245 1014 5302 et
1062 5231 1186 5300 bantes
1206 5231 1246 5299 in
1269 5231 1391 5300 eodem
1417 5228 1506 5299 lecto
1532 5228 1718 5319 iugulavit.
1771 5226 1913 5318 Quibus
1935 5227 2046 5298 inter-

40 5325 318 5411 approbationem
334 5326 525 5408 idolorum,
545 5343 585 5400 ut
600 5324 760 5400 eveharis
773 5332 816 5401 ad
833 5332 1012 5430 fastigium
1062 5332 1161 5404 lectis
1182 5356 1261 5404 cnm
1284 5331 1463 5402 accederet
1483 5333 1525 5402 ad
1548 5332 1655 5402 alium
1681 5331 1871 5419 lectulum,
1912 5333 1951 5401 in
1975 5351 2046 5421 quo
