4714 5826
267 137 318 207 o1
516 177 523 202 .
691 103 695 112 ’
853 121 980 196 antu.
1017 117 1133 194 nun.
1161 115 1695 196 meretricorum.
2238 129 2281 200 92

271 305 476 399 acquiesco,
508 314 545 371 et
573 298 693 371 iudico
724 315 897 366 summam
922 292 1041 385 operis
1063 288 1133 363 hoe
1154 294 1262 362 modo
1312 292 1425 363 eiatus
1456 291 1496 360 in
1522 251 1667 363 omriem
1698 292 1941 363 aeternitatem
1973 302 2068 363 certo
2098 257 2278 386 propositos

166 455 172 464 -
272 421 365 477 recte
397 402 583 476 distribui:
624 397 755 469 Totam
788 392 994 466 concionem
1025 415 1100 464 esse
1129 393 1263 466 doctri·
1312 416 1386 463 esse
1402 391 1515 464 novit.

272 530 377 592 narn,
410 503 595 587 videlicet,
621 497 935 570 Adseverationem
959 497 1003 564 de
1027 495 1264 588 providentia,
1414 489 1527 564 Addit
1544 489 1713 564 Salomon
1735 506 1769 565 et
1782 495 2094 581 comminationes,
2116 497 2219 567 tradit
2229 519 2277 566 re·

273 634 313 680 ac
342 607 591 679 refutationem
626 602 663 670 in
697 625 767 694 qua
797 596 1056 669 consolationes
1087 609 1189 680 sunt,
1228 608 1264 664 et
1313 597 1446 686 gulam:
1469 591 1616 664 Atrocia
1630 595 1761 666 scelera
1775 595 1863 666 etin
1878 591 1943 666 hac
1958 595 2031 667 rita
2046 597 2176 691 puniri.
2208 595 2277 668 Non

273 708 578 781 comminationes.
629 699 707 773 Etsi
729 721 855 790 magna
878 711 930 768 est
954 697 992 767 in
1006 693 1162 767 haesita
1178 721 1264 766 cou-
1315 711 1366 768 est
1382 695 1543 780 iniustis,
1568 693 1688 788 inquit
1703 696 1820 768 evasio
1837 696 1875 765 iu
1893 698 2038 789 praelio.
2090 697 2188 768 item:
2212 693 2279 768 Etsi

273 812 388 896 fusio,
412 807 561 901 imperia
583 814 704 874 tenent
720 796 885 878 homines
900 799 1044 884 iniusti,
1069 799 1131 892 qui
1147 797 1263 868 Deum
1314 799 1529 869 differuntur
1558 819 1710 888 poenae,
1742 812 1862 869 tamen
1885 811 1980 869 certo
2003 813 2181 871 secuturae
2199 814 2279 871 suut.

276 922 527 992 contemnunt,
551 907 681 976 florent
703 902 832 995 opibus
851 901 971 992 impii:
998 897 1155 972 Ecclesia
1171 911 1265 969 recte
1313 899 1411 970 Bene
1426 899 1493 970 erit
1507 897 1716 970 timentibus
1727 898 1852 972 Deum.
1904 897 2190 997 Aenequaqnam
2203 901 2281 971 bene

275 1014 445 1084 invocans
467 1008 584 1078 Deum
611 998 834 1076 horribiliter
862 1001 1050 1093 premitur,
1082 1026 1151 1072 vox
1171 1013 1265 1071 recte
1314 1002 1382 1072 erit
1404 1001 1534 1092 impio,
1561 1022 1626 1070 nec
1648 1001 1818 1084 diuturna
1842 1001 1918 1073 eius
1934 1002 2006 1074 vita
2021 1003 2108 1089 erit,
2131 1004 2188 1072 sed
2204 1002 2282 1072 sicut

196 1132 202 1148 '
276 1115 480 1186 docentium
505 1122 541 1180 et
564 1109 659 1180 bona
679 1103 904 1178 suadentium
927 1125 1031 1196 saepe
1046 1116 1097 1174 est
1112 1101 1266 1186 inutilis,
1314 1105 1443 1176 umbra
1459 1101 1645 1174 evanescit.

275 1238 403 1307 magna
424 1212 616 1283 multitudo
632 1219 693 1279 est
709 1203 898 1277 hominum
914 1203 1187 1288 insanabilium,
1211 1217 1265 1274 ta·
1416 1200 1510 1274 llaec
1524 1215 1609 1274 suut
1621 1201 1807 1294 praecipua
1821 1205 1981 1276 membra
1998 1203 2036 1274 in
2050 1199 2117 1274 hac
2131 1205 2283 1274 concione

254 1339 359 1388 ·men
389 1340 462 1386 non
486 1327 669 1407 propterea
693 1308 870 1380 existimes
892 1307 1027 1376 nullam
1050 1328 1123 1378 esse
1144 1305 1267 1399 provi·
1316 1305 1527 1380 Salomonis.
1580 1303 1655 1375 lam
1678 1306 1773 1396 apud
1797 1329 1869 1376 sese
1887 1308 2000 1376 lector
2014 1319 2168 1397 reputet,
2191 1329 2282 1398 qnam

227 1471 230 1481 .
276 1419 452 1491 dentiam:
485 1417 547 1485 sed
570 1427 759 1483 venturum
782 1423 834 1481 est
854 1409 1028 1480 iudicium
1053 1408 1093 1478 in
1115 1431 1186 1502 quo
1208 1407 1268 1478 liet
1317 1410 1362 1480 sit
1383 1409 1485 1479 utilis
1505 1405 1684 1490 doctrina,
1710 1429 1800 1498 quae
1822 1409 2006 1478 confirmat
2029 1409 2068 1475 in
2085 1420 2199 1477 mente
2215 1429 2283 1477 seo-

276 1535 459 1592 aeternum
475 1515 857 1587 discrimenbonorum
875 1511 1115 1585 etmalorum.
1316 1511 1462 1583 tentiam
1494 1511 1539 1578 de
1569 1507 1810 1598 providentia,
1842 1522 1878 1579 et
1906 1511 1951 1578 de
1978 1522 2129 1578 venturo
2157 1504 2285 1589 iudicio,

379 1652 472 1725 som
500 1664 545 1722 oo
569 1645 830 1717 consolationes
862 1645 1035 1730 ingemo,
1068 1645 1107 1714 gn
1137 1645 1267 1739 quibus
1317 1636 1407 1707 quae
1428 1609 1707 1682 admonitionem
1727 1610 1771 1679 de
1787 1609 1914 1680 officiis
1928 1611 2141 1695 vocationis,
2165 1623 2198 1679 ct
2212 1631 2284 1677 cou-

199 1761 207 1768 '
277 1759 458 1826 dooooooo
473 1749 692 1840 Argumenta
714 1771 734 1818 o
756 1747 973 1832 ooooooooio,
1001 1771 1022 1815 ὅ
1046 1747 1206 1838 possibili
1233 1758 1268 1817 ep
1318 1713 1508 1785 solationes
1529 1713 1573 1830 de
1594 1709 1862 1830 difficultatibus
1880 1727 1914 1784 et
1929 1712 2113 1831 eventibus
2129 1709 2286 1803 proponit.

278 1860 324 1929 ab
352 1845 443 1928 utili.
509 1849 599 1924 Cum
632 1871 770 1918 necesse
797 1849 842 1917 oio
864 1847 940 1920 noo
962 1848 1128 1933 obodtoo‚
1161 1847 1268 1918 faci„
1317 1815 1407 1892 Nam
1425 1815 1607 1885 exordium
1624 1836 1662 1880 rn
1679 1835 1778 1882 omna
1796 1836 1896 1903 gravi
1911 1813 2163 1885 deliberatione
2175 1824 2223 1882 est
2236 1835 2285 1878 co-

279 1959 394 2030 officia
410 1953 624 2036 vocationis,
651 1951 854 2044 quicunque
868 1962 974 2020 erunt
988 1963 1143 2022 eventus.
1194 1947 1267 2018 Nec
1297 1937 1300 1948 '
1317 1917 1440 2008 851250
1461 1916 1504 1985 de
1526 1913 1749 2009 Wid‘ffilia
1774 1930 1807 1986 ‘l
1831 1913 1965 1986 iudith
1980 1909 2068 2000 Dei,
2094 1927 2127 1985 el
2144 1916 2186 1983 (le
2201 1913 2286 1982 auxi·

280 2074 387 2132 crunt
409 2078 553 2151 prorsus
572 2053 664 2123 irriti
686 2065 844 2122 conatus.
898 2047 1025 2121 Aderit
1042 2049 1139 2120 Deus
1160 2049 1266 2120 invo-
1317 2021 1367 2089 ¹5⁰
1384 2017 1520 2090 didm·

279 2164 394 2244 canti,
427 2174 462 2230 et
487 2159 645 2240 labores,
679 2152 852 2246 pericula,
883 2153 1134 2244 impedimenta
1160 2165 1268 2242 reget,

278 2265 369 2335 sicut
386 2260 548 2333 Psalmus
565 2255 699 2350 inquit:
727 2255 946 2324 commenda
955 2253 1031 2324 Deo
1047 2255 1142 2325 riam
1158 2269 1268 2334 tuam,

228 2447 233 2456 .
279 2381 313 2436 et
334 2387 434 2456 spera
457 2363 500 2431 in·
517 2383 618 2439 eum,
645 2368 680 2425 et
702 2354 776 2446 ipse
794 2353 909 2427 faciet.
960 2353 1033 2424 Nec
1049 2361 1186 2445 semper
1202 2355 1269 2423 erit

279 2467 404 2536 infelix
426 2464 545 2542 labor,
571 2456 836 2549 respondebunt
849 2455 1041 2548 aliquando
1056 2454 1146 2526 boni
1162 2479 1268 2524 even-

278 2582 348 2639 tus.
409 2563 560 2656 Sparge,
598 2557 734 2653 inquit,
773 2580 899 2648 panem
930 2556 1027 2627 velut
1060 2557 1099 2626 in
1132 2580 1269 2650 aquam,

280 2670 364 2764 quia
393 2680 511 2738 tamen
543 2683 665 2733 rursus
689 2657 886 2732 inveniens.
945 2654 1042 2728 Mira
1065 2658 1182 2748 imago
1206 2670 1270 2743 est,

280 2772 380 2843 iubet
395 2787 556 2860 spargere
570 2763 760 2834 salutarem
775 2760 974 2832 doctrinam
988 2774 1022 2831 et
1037 2759 1203 2843 consilia,
1229 2783 1269 2829 ac

280 2875 312 2944 si
334 2895 461 2964 panem
486 2869 525 2936 in
546 2888 637 2961 aqua
652 2884 912 2956 spargeremus,
937 2860 1001 2954 qui
1017 2859 1132 2954 perire
1146 2860 1199 2932 ibi
1215 2861 1269 2930 ri-

281 2979 396 3046 detur.
463 2967 534 3040 Sed
569 2965 697 3036 melius
734 2963 910 3054 promittit
938 2957 999 3032 hic
1030 2961 1270 3038 concionator.

282 3077 413 3168 Aliqua
431 3095 471 3140 ex
488 3083 586 3162 parte
601 3061 641 3136 hi
656 3065 709 3136 t'ui
724 3066 880 3149 labores,
904 3058 1101 3146 Ecclesiae,
1127 3065 1277 3156 patriae,

281 3172 481 3271 posteritati
511 3167 688 3262 profuturi
719 3180 823 3250 sunt,
864 3165 1002 3236 etiamsi
1032 3189 1108 3235 non
1138 3167 1271 3260 poteris

281 3277 495 3352 constituere
522 3285 652 3343 statum
678 3269 818 3363 qualem
843 3267 1025 3339 constituit
1048 3265 1171 3357 losne,
1204 3266 1271 3339 Sa-

281 3381 396 3462 muel,
426 3374 562 3455 David,
595 3371 787 3455 Salomon,
822 3365 950 3450 losias‚
984 3382 1021 3441 at
1044 3367 1175 3439 servies
1197 3369 1270 3440 uti-

280 3484 364 3555 liter
387 3495 447 3551 tuo
469 3477 568 3556 loco,
595 3474 685 3544 sicut
707 3473 746 3541 in
769 3471 897 3544 misera
918 3483 952 3542 et
973 3494 1140 3563 oppressa
1156 3471 1272 3563 patria

284 3581 483 3655 serviebant
499 3571 707 3654 Zacharias,
733 3571 879 3644 Simeon
902 3585 938 3642 et
958 3572 1022 3642 alii
1044 3566 1102 3643 his
1124 3573 1273 3658 inferio-

283 3709 355 3766 res,
381 3704 532 3776 quorum
548 3694 666 3750 tamen
682 3673 751 3745 fuit
767 3673 893 3744 similis
909 3675 1085 3749 voluntas.
1171 3765 1177 3774 ι

1419 2117 1516 2190 Sciat
1535 2131 1652 2187 autern
1674 2119 1784 2206 lector
1805 2131 1840 2187 et
1863 2111 1951 2201 hoc,
1976 2111 2041 2186 has
2064 2117 2241 2188 conciones
2255 2116 2285 2180 in

1317 2217 1473 2290 Ecclesia
1488 2216 1556 2290 Dei
1578 2217 1739 2304 recitari,
1765 2217 1828 2287 ubi
1851 2231 1973 2290 notam
1995 2241 2070 2288 esse
2084 2232 2220 2312 oportet
2232 2217 2285 2285 do

1319 2323 1468 2392 ctrinam
1491 2322 1536 2390 de
1556 2320 1632 2388 veri
1653 2319 1721 2390 Dei
1746 2319 1988 2402 invocatione,
2022 2335 2059 2391 et
2081 2324 2125 2392 de
2146 2317 2286 2390 Redem-

1320 2434 1420 2513 ptore
1435 2419 1529 2490 Filio
1542 2419 1620 2490 Dei.
1672 2411 1878 2490 Praelu'cere
1893 2418 2111 2510 agnitionem
2127 2420 2208 2492 Filii
2223 2417 2287 2500 Dei,

1319 2519 1617 2612 etRedemptoris
1640 2535 1779 2612 oportet
1801 2516 1857 2590 his
1880 2521 2086 2608 laboribus,
2112 2521 2287 2616 dequibus

1319 2618 1405 2693 haec
1430 2623 1553 2693 concio
1575 2622 1752 2714 loquitur:
1780 2619 1830 2692 Ut
1849 2621 1925 2713 ipse
1944 2622 2118 2695 Salomon
2141 2619 2198 2693 hic
2219 2621 2288 2692 uni-

1319 2747 1456 2794 versam
1493 2725 1688 2794 doctrinam
1721 2717 1898 2794 Ecclesiae
1927 2727 2093 2814 cognosci
2125 2739 2158 2796 et
2186 2720 2287 2794 audiri

1320 2827 1506 2918 praecipit,
1537 2839 1572 2896 et
1600 2827 1715 2896 cultus
1744 2825 1889 2898 inutiles
1913 2839 2007 2896 taxat
2032 2828 2210 2922 inquiens:
2239 2821 2289 2892 ln·
2327 2855 2328 2858 ¹

1320 2928 1481 3020 grediens
1496 2930 1640 2998 domum
1655 2925 1740 3012 Dei,
1764 2928 1888 2996 accede
1903 2941 1943 2997 ut
1957 2924 2111 3003 audias.
2172 2925 2288 2998 Melior

1321 3042 1372 3100 est
1403 3030 1623 3112 obedientia,
1664 3052 1768 3120 quarn
1798 3028 1987 3099 stultorum
2019 3032 2201 3115 victimae,
2238 3025 2289 3118 qui

1321 3132 1483 3218 nesciunt
1501 3143 1672 3224 quantum
1689 3130 1818 3200 faciant
1833 3129 1928 3200 mali.
1980 3130 2092 3203 Vides
2104 3130 2291 3223 gravissime

1321 3234 1491 3325 praecipi,
1524 3245 1563 3302 ut
1584 3231 1781 3302 doctrinam
1805 3231 1844 3300 iu
1866 3234 1972 3304 domo
1996 3232 2086 3321 Dei,
2113 3237 2148 3304 id
2174 3247 2236 3314 est,
2259 3230 2289 3294 in

1322 3358 1402 3404 vera
1433 3331 1588 3403 Ecclesia
1618 3346 1802 3402 sonantem
1831 3334 2037 3421 audiamus,
2078 3361 2167 3430 quae
2196 3347 2289 3406 totam

1322 3433 1544 3506 fundamenti
1559 3436 1756 3505 doctrinam
1772 3427 2026 3536 comple'ctitup.
2071 3438 2161 3508 Nam
2175 3450 2207 3507 et
2219 3447 2290 3504 tuuc

1320 3561 1461 3608 necesse
1489 3551 1565 3607 erat
1593 3530 1747 3606 discerni
1777 3561 1899 3607 verum
1922 3535 2040 3608 Deum
2072 3543 2117 3611 ab
2148 3535 2291 3611 omniun

1321 3639 1478 3732 gentium
1507 3639 1760 3710 commenticiis
1790 3639 2019 3725 numinibus,
2060 3658 2095 3728 et
2126 3639 2293 3732 oportebat

383 3818 412 3889 p
1322 3740 1575 3834 promissiones
1595 3741 1640 3808 de
1655 3737 1894 3832 Redemptore
1915 3754 2019 3812 notas
2037 3767 2131 3824 esse,
2158 3735 2292 3824 intelligi
2325 3769 2326 3778 ε

415 3831 568 3896 ⁰⁵mm⁰
590 3835 670 3884 ‘⁰¹¹¹
691 3833 767 3881 ⁰⁰¹¹
790 3809 1006 3899 '‘⁸9⁰⁰th
1028 3822 1193 3893 ‘veum’
1220 3821 1273 3878 [θ’
1322 3844 1520 3914 doctrinam
1541 3844 1585 3912 de
1606 3841 1745 3912 iusticia
1767 3842 1864 3913 fidei.
1915 3841 2023 3914 Nulla
2041 3849 2111 3918 fuit
2129 3865 2238 3936 neque
2251 3851 2294 3906 est

283 3947 364 3993 ¹¹¹⁰ss
387 3922 433 4042 ⁸5¹¹
449 3918 532 4038 OD⁸⁰
559 3913 791 4034 ³⁰qlli⁶⁸fi¹q’
824 3911 914 3980 ³⁰i³⁵
931 3911 1006 4030 ,ῙΡεἰ
1028 3923 1062 3982 ‘²
1087 3909 1274 4029 i”,⁰ffi⁶ii⁸
1324 3943 1507 4014 invocatio
1521 3956 1617 4034 grata
1632 3938 1727 4024 Deo,
1755 3943 1823 4013 nisi
1839 3967 1937 4013 mens
1952 3962 2120 4035 agnoscat
2132 3963 2294 4017 summum

233 4066 240 4086 .
283 4036 498 4105 voeatroms,
532 4033 567 4089 et
596 4015 726 4086 derude
756 4036 796 4098 ru
823 4013 1011 4083 eventibus
1033 4011 1274 4130 obediendum
1322 4046 1545 4119 sacerdotem
1576 4046 1810 4135 perferentem
1832 4059 1952 4116 noso„
1976 4062 2078 4134 vota,
2116 4063 2150 4120 ,o
2171 4058 2294 4116 nomos

283 4148 374 4208 esse,
398 4125 490 4193 sicut
502 4119 672 4212 seriptum
686 4129 753 4186 est:
781 4110 1035 4216 Humiliamini
1052 4114 1119 4184 sub
1136 4125 1275 4205 potenti
1321 4147 1531 4239 gemam„
1547 4159 1728 4216 aeternum
1744 4143 1898 4228 pamm·

283 4250 391 4296 manu
407 4222 488 4297 Dei·
1341 4295 1345 4304 -
1414 4247 1546 4342 ‘Itaque
1561 4262 1646 4319 tunc
1662 4245 2297 4342 quoqueProphetaedocebantagen·

385 4357 464 4431 Non
491 4368 543 4426 est
563 4353 689 4424 similis
711 4365 911 4442 temporum
934 4349 1098 4436 fortuna,
1121 4365 1156 4422 et
1177 4348 1274 4421 Deus
1319 4365 1374 4420 tes
1404 4350 1656 4440 poenitentiam
1688 4351 1844 4441 accipere
1876 4351 2124 4425 remissionem
2152 4365 2297 4447 peccato-

283 4469 358 4560 ipse
373 4459 546 4554 praedixit
561 4456 713 4524 maiores
726 4452 960 4543 imperiorum
976 4466 1010 4523 et
1025 4447 1203 4523 Ecclesiae
1217 4453 1275 4522 di·
1323 4476 1422 4538 rum,
1455 4452 1610 4544 reputari
1633 4453 1761 4537 iustos,
1794 4453 1922 4523 donari
1943 4452 2083 4545 Spiritu
2107 4463 2297 4535 sancto‚·et

286 4565 517 4638 lacerationes
533 4561 572 4628 in
586 4569 739 4628 extrema
753 4567 892 4624 senecta
907 4555 1035 4624 mundi
1049 4555 1188 4626 futuras
1202 4576 1275 4625 esse
1323 4549 1491 4624 haeredes
1515 4577 1588 4624 esse
1613 4555 1705 4624 vitae
1721 4567 1882 4625 aeternae
1897 4569 1992 4626 certo
2009 4559 2138 4630 fiducia
2156 4557 2298 4630 Redem-

285 4691 391 4764 quam
420 4665 567 4734 fuerunt
591 4657 737 4729 Petrum
762 4669 798 4726 et
822 4649 1081 4747 Prophetarum
1105 4655 1275 4749 tempori·
1324 4657 1456 4747 ptoris,
1496 4679 1569 4726 non
1601 4669 1745 4747 propter
1771 4657 1950 4749 propriam
1984 4659 2213 4749 dignitatem,
2248 4665 2300 4722 aul

285 4775 362 4844 bus.
400 4763 448 4838 Et
462 4777 581 4835 tamen
597 4759 778 4853 quaelibet
793 4769 887 4827 aetas
902 4758 1015 4827 multa
1029 4757 1143 4829 tristia
1158 4781 1276 4829 exem-
1323 4760 1446 4848 legem.
1492 4755 1607 4828 Fulsit
1623 4772 1738 4828 autem
1755 4754 1841 4829 haec
1858 4759 1989 4830 noticia
2005 4757 2253 4854 Redemptoris
2267 4757 2299 4822 in

285 4874 342 4964 pla
363 4867 482 4940 habet.
535 4861 605 4934 Sed
627 4885 724 4932 nunc
745 4881 914 4950 urgemur
929 4881 1004 4928 non
1020 4860 1135 4930 solum
1152 4861 1276 4930 aetatis
1324 4860 1404 4930 aliis
1433 4861 1562 4949 magis,
1594 4861 1633 4928 in
1663 4859 1743 4928 aliis
1774 4861 1910 4945 minus,
1943 4863 2048 4934 multi
2079 4866 2186 4935 etiarn
2210 4874 2245 4932 nt
2268 4858 2300 4925 fit

285 4973 509 5051 infirmitate,
533 4963 718 5035 sedetiam
743 4963 838 5031 mole
860 4984 1080 5052 poenarum,
1105 4957 1275 5056 quae'cu·
1324 4962 1491 5032 omnibus
1521 4961 1694 5031 aetatibus
1724 4974 1863 5032 tantum
1894 4965 2121 5037 somniarunt
2149 4963 2323 5048 homines

285 5075 439 5146 mulatae
456 5083 540 5140 sunt
559 5079 704 5158 propter
719 5063 815 5133 idola
830 5077 864 5134 et
879 5061 947 5131 alia
963 5063 1103 5133 scelera.
1154 5061 1276 5132 Maior
1324 5065 1385 5133 illa
1413 5062 1601 5153 disciplina
1633 5063 1720 5152 legis
1750 5063 1862 5134 iustos
1887 5088 1980 5156 esse,
1998 5081 2047 5136 ,ει
2069 5083 2207 5158 paccata
2231 5061 2299 5134 tolli
2322 5095 2323 5116 1

286 5177 391 5248 etiam
413 5173 453 5242 in
473 5168 617 5242 diabolo
637 5165 753 5236 rabies
769 5179 840 5250 est,
866 5165 1038 5235 sentiente
1054 5165 1126 5234 iam
1142 5165 1275 5235 instare
1324 5165 1535 5237 mactatione
1552 5165 1788 5238 victimarum.
1840 5164 1910 5238 Sed
1927 5181 2043 5237 tamen
2063 5165 2258 5262 Prophetae
2272 5176 2301 5230 et

286 5295 425 5370 tempus
447 5271 594 5345 extremi
618 5266 761 5353 indicii,
786 5266 825 5337 in
848 5290 918 5360 qno
943 5267 1010 5337 sibi
1027 5265 1179 5338 maiores
1195 5290 1276 5338 cru·
1324 5267 1429 5339 multi
1466 5291 1587 5338 eorum
1627 5267 1808 5338 auditores
1839 5271 2001 5340 custodes
2032 5271 2180 5343 fuerunt
2210 5289 2301 5340 verae
