4620 5814
227 103 317 278 'soa
817 176 1104 260 Ιἰιιιιιιιιιι
1130 172 1673 260 mamtmemtca.
1701 193 1720 247 .·
2186 120 2266 262 soe

243 355 418 449 baptistae
431 353 599 426 secedam
613 350 651 424 in
665 351 833 442 angulos,
856 353 996 443 fingunt
1010 353 1083 423 sibi
1102 375 1225 445 specu-
1276 355 1363 426 dum
1378 363 1463 426 sunt
1478 355 1611 441 cultus,
1633 354 1764 448 quibus
1779 349 1923 446 propria
1933 348 2069 429 colitur
2087 366 2123 428 et
2136 375 2270 444 aspre·

243 451 412 542 lotiones,
437 457 568 526 nolunt
582 454 647 524 hac
665 455 738 525 vita
752 453 850 523 civili
866 455 1005 539 vivere,
1028 451 1097 524 His
1111 453 1228 524 modis
1277 449 1448 562 handzmr
1470 454 1588 543 Dens,
1606 457 1689 526 *sola
1711 449 1867 526 Ecclesia
1891 451 1999 527 hahet
2016 477 2118 529 suos
2137 456 2269 541 cultus.
2300 479 2305 488 ·

244 573 372 652 putant
384 557 592 647 se‘acciperc'
602 553 776 646 Spiritum
793 568 965 641 numum,
990 557 1081 626 sicut
1095 567 1129 627 et
1143 553 1229 626 Mo·

244 655 364 742 nachi,
389 670 425 727 et
438 657 645 728 idololatrae
660 653 822 754 Papistae
836 656 995 728 iactitant
1008 678 1047 726 ae
1060 654 1229 749 consequi

245 759 421 848 Spiritum
447 770 607 830 sanctum
637 778 803 846 persnas
828 749 1230 843 ludicrasceremouias,
1303 815 1307 826 .

247 858 378 932 Missas
390 875 425 929 et
439 881 545 952 opera
563 857 807 928 traditionum.

349 975 418 1047 Sed
435 998 500 1044 nos
516 975 691 1045 discamus
704 975 781 1044 dari
800 971 973 1065 Spiritum
996 986 1157 1048 sanctum
1168 995 1231 1066 per

246 1077 397 1146 verbum
420 1074 508 1163 Dei,
535 1077 821 1170 quandocunque
842 1097 907 1145 nos
930 1077 1005 1148 eius
1020 1076 1231 1166 cogitatione

249 1179 494 1258 consolamur,
519 1177 713 1260 audientes,
737 1175 794 1246 vel
811 1177 974 1266 legentes,
1000 1177 1056 1246 vel
1073 1178 1231 1266 cogitan-

249 1293 303 1348 tes
324 1278 471 1348 verbum
497 1275 583 1361 Dei,
613 1287 647 1348 et
668 1277 872 1347 invocamus
897 1276 1029 1358 Deum,
1055 1301 1095 1348 ac
1117 1277 1232 1347 credi-

249 1401 329 1448 mus
342 1377 446 1448 nobis
458 1377 590 1466 ignosci
605 1391 749 1470 propter
762 1373 954 1461 Christum,
975 1389 1009 1449 et
1024 1403 1089 1448 nos
1104 1377 1231 1450 iuvari.

248 1477 347 1548 Haec
364 1480 457 1566 liunt
474 1479 512 1546 iu
528 1501 609 1547 vera
633 1479 867 1569 poenitentia,
894 1493 928 1548 ct
943 1480 1151 1570 quotidiana
1174 1479 1233 1547 in-

247 1580 433 1651 vocatione
448 1579 607 1647 omniurn
626 1580 687 1670 qui
701 1593 809 1666 agunt
825 1579 1088 1670 poeniteutiam,
1109 1593 1143 1650 et
1157 1601 1232 1648 non

248 1692 476 1772 perseverant
489 1680 527 1748 in
546 1680 682 1750 delictis
694 1693 814 1748 contra
832 1680 1094 1755 conscientiam.

351 1795 434 1867 Dixi
449 1795 493 1866 de
506 1797 618 1888 prima
633 1809 742 1889 parte,
764 1796 905 1882 scilicet,
929 1799 973 1866 de
988 1795 1233 1890 promissione.

157 1971 160 1978 Ι
249 1893 355 1967 Nunc
372 1897 488 1966 dicani
502 1897 547 1984 de
569 1899 743 1980 secunda,
770 1897 857 1989 qnid
880 1911 958 1986 agat
973 1897 1127 1992 Spiritus
1150 1920 1233 1971 san·

250 2011 337 2068 ctus.
387 1995 457 2068 Hic
470 1992 634 2068 Christus
652 1997 735 2068 lacit
756 1993 962 2075 antithesin.

461 2179 542 2246 Noa
562 2129 748 2267 relinquam
771 2199 826 2246 oos
846 2179 1021 2266 orphanos.

193 2339 200 2350 -
272 2331 277 2344 ·
308 2308 312 2317 ’
351 2299 475 2372 Brevia
491 2316 542 2373 est
556 2300 689 2387 oratio,
714 2303 774 2371 sed
798 2315 849 2372 est
871 2327 953 2374 vera
976 2305 1091 2394 imago
1107 2299 1234 2376 Eccle-

250 2401 323 2474 siae
338 2425 456 2473 coram
470 2403 617 2480 mundo,
644 2414 678 2471 et
694 2401 784 2473 sicut
800 2403 947 2502 nosipsi
964 2405 1160 2498 plerunque
1175 2407 1233 2476 iu-

249 2503 428 2594 dicamus,
451 2505 595 2595 quando
611 2502 780 2572 sentimus
798 2525 888 2572 onus
904 2527 1151 2575 aerumnarum
1166 2529 1233 2576 no-

251 2615 415 2676 strarum.
466 2599 560 2672 Vide
573 2625 617 2671 an
635 2627 707 2672 uon
725 2625 844 2674 sumus
864 2599 1039 2702 orphani?
1073 2602 1234 2680 Mundus

250 2725 317 2771 nos
340 2704 582 2794 persequitur,
612 2727 733 2773 suasus
755 2719 873 2773 coetus
893 2705 1057 2794 exiguus,
1083 2707 1233 2800 dissipa-

250 2818 324 2887 tus,
364 2804 456 2896 male
479 2800 679 2877 cohaerens.
737 2803 819 2872 Non
842 2801 1011 2876 habemus
1036 2803 1231 2880 humanum

250 2904 466 2995 principem,
501 2927 635 2994 regem,
671 2899 884 2995 pontificem.
940 2903 1148 2978 Ridiculum
1182 2920 1232 2982 est

65 3068 68 3076 .
164 3087 169 3106 ι
248 3003 368 3093 Papae
381 3017 416 3074 et
427 3004 579 3094 regibus,
606 3006 748 3096 quando
764 3027 829 3075 nos
846 3029 1010 3076 vocamus
1026 3005 1231 3084 Ecclesiam.

249 3101 389 3175 Deinde
406 3103 536 3193 singuli
553 3127 631 3173 suas
647 3105 803 3174 miserias
819 3107 1053 3180 considerent.
1102 3109 1232 3180 Nonne

249 3227 372 3276 sumus
393 3199 566 3294 orphani,
591 3205 668 3274 aine
684 3208 885 3292 defensore,
908 3209 984 3276 sine
1005 3211 1109 3279 certis
1131 3212 1232 3281 auxi-

248 3303 332 3374 liis?
380 3301 428 3376 Et
442 3305 645 3397 praesertim
667 3321 753 3387 tnnc
775 3308 1050 3398 intelligeremus
1073 3335 1139 3385 nna
1160 3335 1232 3384 esse

249 3399 447 3498 orphanos,
471 3404 501 3476 si
517 3405 710 3500 potentiam
732 3409 867 3480 diaboli
885 3409 1005 3503 aliquo
1027 3415 1133 3482 ruodo
1156 3437 1231 3484 cer-

248 3528 424 3582 neremus.
705 3523 715 3540 ·

350 3619 448 3714 Ergo
470 3627 639 3696 adversus
658 3639 774 3699 tantos
794 3623 913 3720 hostes
934 3632 1111 3728 promittit
1126 3627 1231 3704 Chri-

248 3736 324 3796 stus
346 3722 520 3816 Spiritum
541 3740 722 3812 sanctum,
745 3726 812 3797 sit:
846 3726 926 3798 Non
945 3731 1144 3826 relinquam
1171 3759 1231 3806 vos

248 3821 448 3917 orphanos,
470 3827 531 3897 sed
551 3848 615 3917 ego
637 3849 726 3897 sum.
742 3827 899 3918 pontifex
920 3844 1049 3914 vester,
1082 3829 1231 3922 Rogabo

245 3941 396 4019 patrem.
454 3923 585 4009 Crede.
610 3951 683 3998 non
709 3925 837 4000 frustra
866 3945 944 4002 urat
964 3927 1093 4016 Filius,
1119 3933 1231 4033 impe-

246 4027 776 4118 tratnobisapatreauxilium.
818 4027 948 4118 Quod?
973 4029 1145 4123 Spiritum
1170 4060 1231 4128 pa-

247 4129 436 4224 racletum,
461 4129 578 4223 quiin
594 4129 697 4200 nobis
716 4130 828 4212 lucet,
853 4133 914 4202 dat
928 4134 1134 4219 consilium,
1161 4137 1231 4206 eri-

249 4228 302 4317 git
317 4230 494 4316 animum,
518 4229 757 4302 incoatvitam
775 4245 952 4301 aeternam
975 4233 1013 4302 in
1035 4237 1157 4328 nobis,
1181 4262 1230 4308 sr-

251 4339 311 4398 cut
325 4323 385 4398 hie
399 4329 544 4403 dicitur:
596 4327 645 4402 Ut
659 4347 798 4403 maneat
814 4333 995 4404 vobiscum
1015 4359 1164 4430 semper.

352 4440 402 4516 Ut
415 4459 532 4518 autem
548 4447 591 4515 de
608 4440 664 4540 his
679 4447 858 4520 beneficiis
874 4451 1028 4540 cogitare
1047 4455 1231 4544 possimus,

250 4558 286 4616 et
300 4565 365 4614 nos
379 4543 473 4636 ipsos‘
493 4547 659 4632 excitare,
682 4571 921 4640 proponamus
944 4551 1046 4624 uobis
1065 4556 1229 4628 dulcissi-

249 4667 348 4718 mum
364 4645 497 4716 dietum
513 4671 555 4717 er
569 4641 758 4733 Zacharia,
781 4651 846 4718 uhi
859 4651 1028 4743 scriptum
1042 4670 1108 4727 cst:

1201 4239 1210 4256 .
1282 4183 1409 4252 cernit:

1277 578 1369 648 quus
1399 565 1573 655 praestat,
1612 579 1694 660 cum
1725 556 1854 650 accipit
1870 553 2046 648 -splritum
2070 557 2206 645 gratiae
2232 571 2269 628 et

1340 678 1433 728 cum.
1591 721 1593 724 ,
1690 716 1696 724 ,
1732 725 1737 735 ,

1276 679 1338 747 lm
1379 756 1478 846 Quid
1494 756 1692 847 significant
1704 751 1791 828 haec
1807 757 1939 828 verba?
1963 755 2119 849 Spiritus
2130 758 2270 848 gratiae

1277 856 1450 947 significat
1465 858 1603 950 Spiritu
1618 867 1740 930 sanun
1762 878 1827 930 nos
1850 859 1984 943 iuvari,
2010 873 2050 932 ut
2069 874 2269 932 statuamus

1279 981 1345 1028 nus
1368 983 1442 1032 esse
1459 961 1501 1028 in
1522 960 1634 1049 gratia
1650 957 1739 1042 Dei,
1762 971 1859 1028 certo
1882 958 2019 1049 placere
2035 959 2132 1051 Deo,
2159 959 2268 1032 nobis

1278 1073 1418 1150 peccata
1434 1061 1507 1130 esse
1519 1061 1663 1132 remissa
1679 1071 1822 1152 propter
1838 1055 2031 1132 Christum.
2065 1059 2164 1132 Haec
2177 1061 2269 1130 fides

1279 1162 1433 1231 inomni
1449 1161 1641 1232 afflictione
1655 1161 1812 1250 agnoseit
1828 1159 1947 1230 Deum
1967 1164 2087 1232 adesse
2109 1162 2270 1252 opitula-

1279 1269 1411 1352 torem,
1436 1283 1511 1330 esse
1532 1263 1746 1352 propicium,
1773 1283 1846 1332 nnn
1867 1283 1941 1334 esse
1961 1264 2182 1334 deserturum
2204 1284 2270 1330 nr-

1280 1359 1428 1453 phanos.
1459 1360 1536 1434 Hac
1550 1361 1781 1454 lideSpiritus
1796 1373 1938 1434 sanctos
1951 1377 2005 1434 est
2019 1357 2268 1461 παράκλητος,

1281 1465 1483 1534 consolator
1497 1478 1532 1534 et
1547 1464 1753 1537 vivificator.
2265 1531 2270 1542 ,

1382 1561 1552 1656 Sequitur
1571 1565 1680 1634 altera
1701 1563 1891 1656 particula,
1914 1562 2086 1656 Spiritum
2109 1585 2269 1654 precum.

1281 1661 1372 1736 Cum
1390 1664 1500 1736 simus
1515 1659 1667 1756 orphani
1682 1666 1721 1736 in
1738 1665 1885 1745 mundo,
1911 1688 2001 1758 opus
2017 1679 2067 1736 cat
2083 1664 2188 1762 nobis
2204 1666 2270 1732 de-

1281 1765 1421 1839 temore
1439 1779 1473 1838 et
1491 1765 1697 1856 auxiliatore
1710 1765 1801 1839 Deo.
1844 1763 1928 1837 Ideo
1944 1766 2142 1836 excitantur
2158 1767 2270 1836 corda

1282 1864 1419 1956 Spiritu
1433 1881 1565 1954 sancto,
1590 1882 1630 1938 nt
1645 1868 1811 1939 invocent
1820 1867 1955 1954 Deum,
1980 1868 2070 1936 sicut
2084 1881 2119 1936 et
2132 1863 2270 1936 Paulus

1282 1965 1416 2059 inquit:
1442 1967 1598 2057 Spiritus
1621 1970 1765 2040 adiuvat
1788 1990 1872 2052 nos,
1895 1982 1934 2060 Ιιιι
1956 1967 2144 2039 clamemus
2161 1967 2271 2036 Abba

1282 2081 1394 2159 pater.
1444 2066 1529 2140 Ideo
1545 2064 1701 2150 Ecclesia
1715 2085 1766 2140 est
1780 2082 1922 2138 onerata
1944 2069 2149 2157 ingentibus
2171 2067 2270 2160 peri-

1284 2169 1373 2240 culis
1392 2181 1426 2240 et
1439 2171 1637 2257 aerumnis,
1662 2185 1703 2241 ut
1718 2166 1809 2241 hauc
1831 2171 2091 2241 invocationem
2107 2189 2270 2238 exercea-

1283 2291 1381 2354 mus,
1405 2271 1474 2342 hdc
1489 2271 1678 2342 clamemus
1700 2275 1744 2343 ad
1760 2269 1895 2358 Deum,
1918 2285 2140 2363 expectemus
2163 2267 2269 2340 auri-

1282 2370 1382 2446 lium.
1433 2370 1507 2442 Nec
1537 2385 1636 2463 putes
1665 2369 1753 2444 haec
1783 2385 1920 2445 tantum
1949 2373 2133 2462 magnifica
2158 2369 2271 2464 verba

1282 2493 1367 2546 esse.
1409 2469 1465 2540 Pii
1480 2476 1662 2554 credentes
1674 2472 1904 2560 experiuntur
1920 2495 2000 2544 vera
2014 2475 2133 2542 adesse
2149 2467 2268 2540 Deum

1282 2571 1531 2662 opitulatorem
1560 2591 1594 2646 et
1625 2575 1888 2658 auxiliatorem,
1921 2585 1955 2643 et
1979 2597 2034 2644 scs
2063 2595 2210 2662 magnae
2231 2583 2269 2642 et

1282 2695 1406 2761 magna
1423 2673 1592 2742 miracula
1608 2675 1657 2742 sic
1673 2674 1761 2743 fiunt
1777 2674 1814 2742 in
1832 2677 1982 2744 mundo.
2031 2675 2092 2744 Sic
2106 2687 2270 2744 servatur

1283 2787 1340 2843 tua
1355 2773 1488 2842 familia
1504 2790 1625 2844 contra
1640 2775 1834 2845 diabolum.
1865 2775 1926 2844 Sic
1942 2787 2130 2844 serrantur
2145 2797 2268 2862 regna,

1282 2886 1321 2942 nt
1337 2868 1505 2943 Ezechias
1521 2888 1555 2945 et
1569 2873 1694 2945 Esaias
1717 2875 1875 2963 precibus
1900 2873 2077 2965 pellebant
2089 2873 2268 2966 Assyrios.

1282 2973 1363 3042 Alia
1381 2975 1571 3055 miracula,
1596 2990 1636 3049 ut
1655 2974 1781 3060 Moiai,
1805 2976 1915 3064 magis
1930 2989 2127 3048 cernuntur
2141 2975 2268 3063 oculis,

1282 3074 1364 3167 qnia
1380 3073 1479 3148 Deus
1499 3077 1577 3145 vult
1598 3071 1716 3146 estare
1739 3075 1888 3147 illustria
1912 3079 2084 3169 quaedam
2107 3076 2268 3146 testimo-

1283 3175 1353 3246 nia.
1404 3174 1474 3247 Sed
1489 3190 1606 3246 tamen
1622 3173 1779 3248 Ecclesia
1798 3200 1934 3268 semper
1953 3173 2057 3247 habet
2077 3199 2141 3252 sua
2157 3177 2268 3246 mira-

1282 3277 1372 3360 cula,
1399 3301 1489 3370 quae
1504 3277 1592 3348 fiunt
1608 3278 1646 3346 in
1664 3277 1856 3362 vocatione,
1882 3291 1919 3348 ut
1936 3275 2087 3362 Moises,
2112 3291 2153 3347 ut
2167 3271 2268 3345 Elias

1282 3377 1318 3444 in
1337 3402 1398 3447 sua
1415 3379 1599 3448 vocatione
1615 3379 1905 3467 gubernabantur
1920 3375 2058 3470 Spiritu
2072 3391 2206 3463 sancto,
2231 3390 2267 3447 et

1282 3501 1337 3549 rea
1361 3501 1503 3565 magnas
1523 3493 1557 3550 et
1578 3479 1733 3548 illustres
1755 3481 1933 3568 gerebant.

1381 3575 1434 3648 lta
1450 3591 1607 3670 petamus
1622 3603 1687 3648 nos
1702 3579 1892 3667 gubernari
1912 3579 2048 3672 Spiritu
2062 3595 2203 3663 sancto,
2230 3595 2268 3650 et

1282 3679 1432 3748 sciamus
1457 3703 1574 3748 veram
1602 3701 1675 3750 esse
1698 3677 1833 3751 Christi
1858 3702 1996 3750 vocem:
2030 3678 2140 3750 Dabit
2163 3681 2268 3752 vohis

1282 3779 1455 3871 Spiritum
1478 3781 1705 3871 paracletum.
1757 3780 1916 3852 Sciamus
1931 3783 2007 3850 dari
2032 3780 2269 3872 nobisSpiri-

1282 3891 1357 3950 tum
1369 3892 1545 3960 sanctum,
1572 3881 1728 3951 exaudiri
1751 3895 1889 3952 nostras
1910 3883 2182 3974 preces.,iusari
2201 3907 2269 3952 nos

1281 3980 1321 4052 in
1338 3981 1502 4051 omnibus
1518 3981 1682 4072 periculis
1699 3983 1848 4072 publicis
1867 3995 1899 4052 et
1918 3984 2084 4076 privatis,
2112 4002 2167 4053 res
2189 4007 2268 4054 ma-

1281 4103 1366 4173 gnas
1388 4083 1475 4152 ellici
1493 4097 1614 4152 contra
1629 4084 1830 4166 diabolum,
1856 4085 1993 4166 etiamsi
2015 4087 2169 4154 mundus
2191 4109 2267 4153 ιιοιι

1436 4185 1520 4277 quia
1545 4184 1677 4254 hellam
1705 4185 1798 4254 inter
1819 4180 2001 4255 Christum
2023 4199 2058 4255 et
2079 4185 2268 4268 diabolum

1280 4284 1436 4353 mirabili
1453 4287 1558 4354 modo
1575 4285 1724 4373 geritur,
1750 4308 1908 4376 pervasa
1931 4287 2068 4354 infirma
2086 4287 2124 4355 in
2138 4283 2268 4356 Eccle-

1196 4411 1208 4430 ,
1279 4384 1348 4466 sis,
1380 4408 1472 4478 quaa
1492 4382 1656 4457 Christus
1678 4400 1796 4456 tamen
1819 4387 1925 4458 efficit
1955 4389 2113 4478 potentia
2138 4387 2266 4458 divina

1280 4485 1530 4578 perspiritum
1545 4497 1716 4562 sanctum.
2263 4561 2269 4578 ¹

1380 4587 1564 4658 Memento
1576 4611 1658 4677 ergo
1674 4583 1766 4658 hauc
1778 4611 1919 4660 vocem:
1946 4583 2141 4660 Effundam
2157 4591 2268 4681 spiri-

1279 4698 1352 4760 tnm
1370 4691 1501 4778 gratiae
1518 4703 1551 4758 et
1568 4713 1722 4777 precum.
1770 4685 1911 4760 Excitas
1928 4704 1961 4760 te
1982 4691 2061 4773 fide,
2084 4706 2124 4764 ut
2140 4695 2268 4762 credas

373 4757 568 4834 Effundam
599 4787 706 4857 super
733 4765 877 4836 domum
906 4762 1023 4840 David
1055 4769 1229 4864 spiritum
1277 4803 1313 4860 a
1336 4785 1672 4881 propterchrismn.
1697 4795 1771 4860 esse·
1796 4790 1834 4858 in
1858 4792 1986 4880 gratia,
2013 4789 2129 4863 Petito
2146 4791 2267 4883 spiri-

346 4914 351 4922 ·
376 4862 508 4954 gratiae
524 4875 558 4934 et
571 4888 727 4956 precum.

1277 4905 1352 4961 tum
1368 4906 1527 4962 sarnetum
1543 4891 1797 4972 auxiliatorem,
1819 4891 1943 4962 invoca
1960 4889 2075 4964 Deum
2089 4893 2128 4962 in
2140 4897 2268 4963 omni·

320 4975 420 5056 Ilaec
441 5003 510 5052 vox
532 4981 652 5053 omnia
675 4984 935 5078 complectitur,
956 4957 993 5058 et
1015 4989 1116 5061 docet
1139 5013 1229 5083 qaae
1277 4995 1344 5064 bus
1365 4992 1520 5084 negociis
1526 5039 1540 5079 ,
1566 5005 1607 5064 ut
1627 4992 1816 5084 experiaris
1840 4995 1959 5068 adesse
1987 4988 2084 5066 hunc
2106 4995 2268 5086 opitula-

246 5087 319 5160 sint
333 5084 427 5174 hona
442 5103 561 5175 opera,
582 5083 644 5176 qui
658 5084 730 5156 sint
744 5088 872 5159 summi
888 5101 922 5160 et
938 5089 1013 5162 veri
1027 5090 1142 5162 cultus
1158 5088 1229 5162 Ec·
1276 5108 1399 5168 torem.

248 5184 383 5258 clasiae.
432 5178 571 5256 Omnes
590 5198 727 5272 gentes,
752 5186 856 5258 ctiam
880 5189 1069 5276 barbarae,
1094 5185 1227 5266 habeut

1378 5193 1482 5265 Nunc
1499 5159 1605 5268 etiam
1618 5215 1758 5264 memus
1776 5219 1841 5287 pm
1856 5191 2027 5281 Ecclesia,
2052 5209 2093 5271 ut
2108 5189 2266 5272 retinea-

247 5288 362 5360 cultus
380 5285 451 5357 Dei
465 5299 644 5380 externos,
671 5280 816 5366 honera
832 5313 952 5382 opera.
985 5293 1055 5365 Sed
1076 5287 1115 5363 hi
1130 5317 1222 5388 non·
1274 5317 1355 5380 mus
1371 5293 1544 5388 Spiritum
1564 5294 1733 5382 veritatis,
1755 5297 1840 5390 qstia
1855 5297 2023 5373 diabotus
2033 5298 2266 5373 callidissime
2300 5299 2301 5302 ’
