4674 5822
85 181 178 262 uss
344 179 439 259 xu.
498 177 896 289 tunoruuouns
923 179 991 258 ur
1016 171 1299 258 sonorosus
1324 175 1377 254 ru
1400 173 1583 256 meuc.
1609 177 1821 258 toruus.
1847 135 1852 172 ²
2015 191 2115 268 usa

80 377 216 426 monem
229 352 426 446 creditum,
449 354 487 428 id
511 366 583 441 est,
604 355 761 434 mundos
782 378 863 449 esse
878 356 1068 450 Apostolo
1123 361 1334 446 quanquam
1355 353 1562 428 viduum.
1587 376 1663 426 esse
1683 325 1883 454 palmitem-
1907 357 2109 458 quenquam

79 469 277 550 propterea,
291 455 387 555 ,quie
404 479 603 577 sermpneru
619 451 754 580 Christi
770 461 926 530 credant.
960 572 967 582 ι
1122 449 1276 526 habeant
1289 454 1463 529 iusticiam
1480 455 1614 539 camis,
1641 459 1846 530 moriuntur
1864 475 2002 550 tumen,
2027 469 2111 560 quin

1122 581 1196 628 uon
1210 550 1345 630 liabent
1359 556 1518 628 vividum
1542 580 1684 630 suren·
1710 561 1803 633 vitis.
1855 561 1975 652 Quare
1993 569 2108 640 subii.

235 729 241 751 ,
315 618 474 721 Palm
494 645 695 759 “mmm
720 621 831 722 Μ’)
1120 657 1184 730 cit:
1234 657 1275 730 si
1306 657 1387 752 quis
1413 659 1453 730 in
1475 682 1532 732 me
1554 681 1631 730 nou
1655 663 1846 750 merserit,
1876 667 1947 744 te.
1970 671 2107 742 etiarnsi

177 757 412 832 Memorabile
440 761 510 844 est,
539 759 635 854 quod
663 755 730 830 hoc
754 759 833 829 loco
851 759 1005 850 disputat
1023 762 1066 828 de
1119 759 1298 849 praeditus
1314 761 1359 830 sit
1386 761 1485 830 omni
1507 761 1643 833 iusticia
1664 757 1841 852 humana,
1870 769 1966 841 foras
1988 772 2107 844 mitte-

78 861 312 938 Sacramentis
326 859 560 951 Augustinus.
613 857 685 934 Cur
701 858 760 932 hic
776 857 939 932 Christus
955 861 1064 932 dieat:
1126 885 1188 947 ur,
1212 863 1237 934 i.
1259 885 1290 934 e.
1312 875 1455 937 arescet.

75 966 222 1057 Propter
239 955 438 1034 sermonem
456 976 591 1048 meum,
618 984 698 1034 curu
713 975 829 1034 tamen
839 961 1063 1034 Sacramenta

74 1056 270 1159 purificent.
309 1061 535 1158 Respondet,
560 1086 627 1136 nec
643 1061 870 1136 sacramento
886 1062 1063 1154 purificari

75 1169 143 1240 nisi
192 1188 230 1238 er
253 1189 471 1252 sermonem,
496 1165 667 1262 docetque
684 1167 811 1258 probe,
836 1163 1063 1238 Sacramenta
1216 1161 1295 1237 Hoc
1316 1163 1394 1236 loeo
1416 1189 1495 1240 cum
1511 1167 1623 1242 'fidem
1647 1181 1723 1238 tum
1750 1195 1857 1263 opera
1877 1174 1978 1249 docet
1999 1173 2107 1249 Chri-

72 1293 135 1362 per
174 1259 532 1360 demclficaela¹esse.·
590 1263 638 1341 Et
657 1267 803 1362 exponit
823 1270 899 1360 ipse
920 1283 1062 1338 senten·
1113 1274 1199 1338 stus.
1252 1261 1321 1347 Ad,
1342 1266 1446 1336 fidem
1471 1259 1750 1342 confirmandam
1769 1273 1970 1363 pertinent,
2015 1305 2105 1374 quae

71 1371 157 1443 tiam
172 1361 278 1469 vulgo
308 1369 470 1442 iactatam
498 1367 537 1437 in
562 1365 708 1441 scholis:
744 1367 893 1440 Accedit
914 1363 1062 1439 verbum
1115 1369 1275 1460 proxime
1290 1384 1502 1462 sequuntur:
1529 1365 1567 1439 Si
1584 1371 1784 1444 manseritis
1799 1375 1838 1444 in
1855 1401 1923 1462 me,
1948 1394 1981 1451 et
1996 1383 2102 1453 verba

69 1469 366 1556 ad'elernentuin,
400 1483 434 1542 et
456 1469 789 1545 lltS‘acramentum.
852 1469 1060 1541 Verba‘Au·
1115 1495 1190 1540 mea
1204 1472 1245 1538 in
1261 1463 1362 1539 vobis
1379 1467 1579 1542 manserint
1597 1486 1662 1546 etc.
1712 1471 1776 1546 Est
1791 1477 1886 1546 enirn
1901 1484 2103 1572 promissio,
2164 1524 2169 1534 ,

70 1575 203 1665 gussini
232 1565 445 1644 haec'sunt:
485 1569 604 1661 Quare
627 1585 701 1644 non
725 1571 791 1642 ait:
825 1569 958 1643 Mundi
979 1575 1071 1645 estis-
1113 1597 1181 1666 qua
1207 1568 1441 1641 conscientiae
1473 1588 1586 1647 certae
1616 1568 1835 1662 redduntur,
1879 1583 1975 1674 quud
1996 1609 2103 1658 exau·

68 1692 216 1769 propter
237 1675 470 1768 baptismum,
502 1697 574 1767 quo
600 1672 665 1750 loti
690 1675 791 1760 estis,
825 1676 886 1744 sed
910 1676 1061 1767 aitpro-
1113 1673 1278 1759 diantur,
1312 1687 1352 1744 ut
1372 1671 1443 1742 sint
1465 1694 1581 1764 preces
1605 1691 1747 1752 nostrae
1770 1681 1867 1749 velut
1890 1685 2103 1776 experientia

70 1793 148 1870 pter
166 1778 453 1876 vertumnund
477 1775 617 1848 locutus
637 1799 716 1846 suru
741 1777 861 1860 vobis,
886 1777 957 1848 uisi
978 1777 1060 1870 quia
1113 1777 1284 1870 quaedam
1300 1771 1383 1842 fidei
1397 1797 1456 1844 scu
1477 1777 1652 1869 probatio.
1701 1769 1761 1852 'Ad
1780 1784 1931 1852 eundem
1955 1790 2102 1872 modum

67 1895 99 1951 et
118 1882 158 1950 in
177 1879 430 1973 aquaverbum
449 1878 611 1952 mundat.
663 1873 1001 1964 Detraheverbum,
1027 1892 1061 1948 et
1112 1901 1217 1970 supra
1242 1874 1405 1968 promisit
1428 1872 1634 1968 cap.XIV.:
1663 1875 1843 1976 Quicquid
1867 1887 2040 1978 petieritis
2063 1891 2102 1960 in

67 1983 156 2077 quid
176 1989 228 2052 eet
244 1983 346 2074 aque,
371 1979 440 2050 nisi
459 1967 574 2074 apua?
599 1977 746 2051 Accedit
759 1981 908 2050 verbum
927 1977 972 2050 ed
989 1978 1061 2050 ele-
1112 1980 1258 2049 nomine
1279 2001 1377 2059 meu,
1401 1971 1470 2048 hoe
1494 1978 1619 2047 faciam
1642 1993 1706 2052 ete.
1759 1979 1807 2056 Et
1823 1983 1953 2062 Mattlr.
1968 1987 2102 2063 xxm:

66 2097 249 2175 ruentum,
283 2095 317 2152 et
337 2077 676 2161 lltSeerameutum,
716 2080 821 2153 etietu
844 2081 960 2171 ipsum
981 2093 1064 2152 ten·
1113 2075 1352 2173 Omniaquae
1376 2077 1547 2170 petieritis
1571 2077 1609 2149 in
1633 2078 1794 2154 oratione
1815 2089 2015 2184 credentes¹
2043 2119 2102 2164 ac.

67 2209 181 2280 quam
199 2182 342 2253 visibile
365 2183 524 2252 verbum.
575 2179 667 2252 Nam
683 2195 718 2252 et
732 2182 802 2252 hoe
817 2183 940 2276 utique
958 2183 1064 2254 elire-
1113 2183 1260 2273 cipietis.
1320 2176 1454 2274 Estque
1477 2179 1607 2252 talibus
1632 2185 1926 2274 promissionibus
1947 2215 2009 2261 cor
2032 2197 2102 2265 eri-

65 2302 141 2374 rat,
168 2287 314 2380 quando
329 2285 435 2376 pedes
451 2281 635 2374 discipulis
656 2284 760 2356 lavit:
794 2281 869 2374 Qui
894 2287 988 2356 loeus
1010 2298 1061 2356 est
1113 2285 1286 2373 gendum,
1322 2297 1362 2354 ut
1384 2297 1479 2352 certo
1501 2284 1650 2370 sentiat,
1683 2307 1720 2355 se
1739 2289 1917 2376 exaudiri,
1942 2297 2102 2366 essesibi

64 2414 141 2460 non
156 2387 294 2478 indiget
313 2385 382 2456 uisi
407 2399 447 2456 ut
471 2387 577 2476 pedes
599 2385 712 2469 lavet,
745 2388 805 2455 sed
830 2399 882 2456 est
904 2388 1061 2458 mundus
1113 2387 1150 2460 in
1198 2385 1366 2454 omnibus
1411 2384 1667 2455 tentationibus
1715 2401 1848 2461 certum
1888 2395 2100 2486 perfugium.

62 2504 174 2564 totus.
223 2479 334 2562 ¹Unde
358 2485 423 2558 iste
445 2500 540 2558 tante
565 2483 679 2558 vlrtus
706 2508 835 2580 aquae,
866 2499 905 2558 ut
932 2510 1061 2580 corpus
1109 2485 1238 2582 Huc⁸)
1256 2486 1455 2577 pertinent,
1479 2510 1571 2580 quae
1586 2487 1992 2580 de'puutificstuChristi
2007 2497 2101 2570 dicta

60 2606 188 2683 tangat
209 2604 245 2662 et
267 2613 329 2662 eor
354 2590 492 2673 abluet,
532 2587 603 2660 nisi
635 2589 786 2663 leniente
813 2589 947 2670 verbo?
985 2615 1060 2661 non
1112 2603 1206 2660 suut.
1267 2585 1365 2678 Quid
1399 2589 1445 2660 sit
1466 2613 1610 2660 manere
1630 2591 1668 2660 iu
1693 2591 1793 2682 ipso,
1822 2597 1985 2685 exponit,
2018 2624 2099 2670 cunr

63 2697 152 2788 quia
167 2683 318 2777 dieitur,
341 2691 501 2783 sedunis
518 2690 689 2768 creditur.
723 2689 1068 2786 HaeeAugustinus.
1112 2691 1245 2784 inquit:
1273 2688 1390 2762 Verba
1413 2715 1489 2762 mea
1513 2691 1543 2770 sl
1566 2693 1762 2765 manserint
1777 2695 1816 2764 iu
1834 2697 1954 2780 vobis,
1981 2703 2101 2773 utdo-

61 2793 332 2868 Deindedieit:
368 2790 485 2881 Quem
503 2809 569 2882 ego
584 2792 723 2867 locutus
736 2795 950 2881 sumnspis,
976 2794 1062 2888 quia
1112 2807 1209 2878 csat,
1230 2793 1326 2886 quod
1343 2813 1487 2865 manere
1500 2792 1539 2864 in
1554 2787 1698 2868 Christo
1715 2790 1807 2868 nihil
1820 2796 1918 2868 aliud
1937 2801 2001 2888 sit,
2027 2803 2100 2874 nisi

59 2899 218 2976 verbum
238 2891 372 2976 Cbsistl
395 2896 569 2988 'estquod
589 2895 772 2981 iustificam
796 2890 971 2968 humanae
987 2911 1067 2987 tra·¹
1113 2895 1221 2971 uerbo
1243 2894 1502 2980 eius,credere,
1536 2908 1588 2976 et,
1612 2896 1703 2969 sicut
1724 2897 1798 2988 ipse
1817 2899 1996 2993 loquitur,
2020 2927 2102 2976 ver-

59 3001 222 3074 ditiones
251 2996 561 3082 uon,iustilieant‘‚
601 2997 686 3089 quia
717 3021 792 3069 nou
821 3011 975 3092 possum,
999 3021 1061 3075 cor
1112 2995 1294 3071 burueius
1312 2989 1463 3082 habere3
1496 2999 1795 3088 quemadmodum
1820 3001 2101 3093 capillum..

61 3105 217 3174 reddere
239 3100 442 3182 ‚certumde
469 3097 646 3189 potentis,
670 3099 932 3185 misericordia,
958 3100 1063 3182 iusti·
1113 3100 1231 3190 ponit:
1272 3093 1347 3188 Qui
1362 3097 1460 3177 uenit
1484 3101 1529 3168 sd
1555 3123 1629 3184 me,
1662 3123 1737 3172 nou
1760 3104 1908 3191 esuriet3
1940 3119 1991 3177 et:
2025 3107 2100 3198 Qui

59 3202 279 3288 eiadivina,
325 3197 563 3281 sieutflnts
585 3198 674 3275 dicit
696 3224 774 3290 cap.
788 3198 940 3284 xxm:
967 3199 1060 3277 Fru-
1111 3199 1371 3284 creditinme,
1397 3219 1473 3268 uon
1495 3200 1864 3298 sitietsiuseteruum.
1917 3203 2008 3280 Nam
2033 3206 2111 3282 hoc*

57 3321 133 3377 stra
152 3301 279 3383 colunt
293 3324 351 3374 me
364 3301 542 3384 manentis
555 3296 744 3373 homiuum
760 3314 825 3376 etc.
877 3297 1069 3381 observo,
1111 3317 1164 3374 est
1192 3323 1335 3372 manere
1364 3296 1587 3390 inChristu3
1622 3304 1727 3378 docet
1750 3305 1845 3377 enirn
1862 3309 2102 3385 eonscientiae

57 3409 116 3478 bis
157 3400 371 3480 deutheria:
427 3400 467 3472 Si
506 3416 650 3493 propter
685 3425 886 3492 sermonem
922 3398 1059 3478 Christi
1111 3427 1185 3493 pon
1199 3425 1300 3494 posse
1315 3401 1385 3472 nisi
1401 3402 1441 3472 in
1458 3405 1566 3475 verbo
1583 3405 1779 3478 certificari.
2014 3402 2020 3411 '

56 3509 197 3580 mundi
213 3529 355 3588 suenus,
374 3527 460 3594 ergo
474 3527 549 3577 nou
564 3518 709 3596 propter
726 3527 836 3596 opera
850 3518 915 3578 etc.

1195 1025 1243 1102 St
1260 1028 1474 1100 manswitt's
1496 1027 1536 1100 in
1561 1053 1633 1116 me,
1667 1040 1699 1100 st
1722 1031 1831 1105 esron
1854 1059 1934 1106 meo
1959 1049 2021 1117 ets.

1237 3566 1286 3639 In
1313 3563 1382 3642 tos
1409 3565 1636 3666 clarificatus
1662 3579 1714 3641 est
1739 3580 1845 3670 pater
1866 3598 1979 3652 meus.

222 3669 381 3748 M‘mm
403 3671 443 3747 ἰη
469 3695 543 3757 ”¹²2
569 3681 601 3742 θ’
625 3696 690 3768 08⁰
715 3671 755 3743 ’ἢ
781 3669 894 3800 ξ’θύἰῆ
1212 3701 1255 3773 Id
1272 3717 1342 3788 est,
1367 3703 1407 3771 in
1423 3704 1684 3777 sanctificandis
1698 3703 1799 3781 vobis
1816 3708 1906 3780 etin
1920 3710 2100 3791 audiendo

54 3814 201 3886 scilicet
225 3813 317 3896 fide.
361 3810 446 3902 quia
472 3805 551 3882 'fide
589 3809 763 3880 efficimus
791 3831 886 3880 uuus
914 3805 1059 3898 spiritus
1112 3808 1221 3876 verbo
1235 3831 1328 3876 meo.
1363 3802 1596 3877 Hebraiseuus
1607 3819 1676 3876 est:
1702 3805 1917 3896 glorificatus
1931 3825 1993 3896 eet,
2016 3803 2099 3903 p'ro:

54 3913 214 3990 Christi.
243 3952 246 3963 ·
271 3911 311 3984 Si
332 3935 431 3985 nunc
455 3911 494 3985 in
516 3935 571 3981 me
593 3911 809 3995 manseritis,
842 3923 875 3980 et
898 3932 961 3998 ego
983 3931 1058 3980 ma·
1110 3909 1345 4002 glorificatum
1372 3921 1501 4000 estque
1529 3907 1722 3983 sententia:
1764 3905 1889 3982 Gloria
1911 3913 2021 4004 patris
2042 3916 2101 3985 in·
2164 3973 2170 3996 ,

54 4021 157 4090 nebo
175 4017 216 4088 in
232 4015 355 4099 volis,
377 4013 414 4089 id
429 4025 500 4096 est,
524 4014 643 4082 efficax
667 4027 704 4084 et
718 4025 845 4102 puteus
861 4010 1057 4085 eroiuvo·
1111 4011 1260 4080 notescit
1301 4005 1425 4092 vobis,
1467 4029 1547 4090 cum
1582 4030 1646 4078 vos
1685 4009 1829 4081 uberius
1868 4013 2098 4088 lruetificatia.

50 4122 128 4206 bis,
158 4116 301 4193 etiamsi
323 4129 478 4188 terreant
501 4128 623 4206 portae
646 4113 855 4186 inferorum.
953 4145 954 4149 ¹
1110 4111 1366 4204 Complectitur
1379 4126 1495 4183 autern
1510 4105 1595 4227 haef
1609 4111 1782 4230 sententie
1799 4113 1884 4232 duo.
1928 4113 2102 4240 Primum,

208 4280 314 4358 ωω
332 4279 477 4387 μω
596 4289 712 4381 μω
729 4281 834 4380 μω
1065 4211 2100 4406 u„

166 4422 219 4498 lta
233 4415 415 4504 Christus,
440 4402 524 4513 quia¹
540 4418 665 4510 implet
678 4419 810 4504 omnia,
834 4417 1060 4490 transfundet
1112 4417 1223 4511 ldque
1238 4407 1395 4508 'etpaulo
1417 4430 1500 4486 ante
1518 4415 1625 4496 dixit,
1652 4439 1732 4486 euru
1754 4417 1823 4497 ait,
1850 4433 1989 4510 petrem
2005 4424 2099 4511 agri-

51 4527 230 4620 spiritum
245 4521 599 4611 inemetoenpinrat
614 4543 688 4614 eos,
702 4520 857 4614 vivificat
871 4543 943 4604 eos,
968 4520 1059 4591 sicut
1110 4521 1223 4590 colam
1256 4540 1406 4610 purgare
1439 4518 1637 4608 palmitem,
1673 4517 1745 4591 i.e.
1774 4521 1883 4608 patris
1906 4546 1995 4614 opus
2026 4547 2099 4596 esse
2213 4567 2216 4575 ·

50 4631 200 4724 palmes
216 4623 438 4699 transluudit
449 4623 648 4695 naturalem
666 4645 809 4696 succum
822 4623 861 4692 in
879 4644 1008 4694 remos.
1109 4621 1348 4702 sanctificare,
1373 4643 1447 4688 non
1469 4614 1706 4691 humanarum
1730 4620 1878 4708 virium,
1904 4624 1995 4696 sicut
2012 4627 2098 4697 etin

289 4791 301 4812 ,
479 4789 487 4804 .
522 4791 530 4810 ‚
695 4789 702 4811 ,
955 4711 984 4770 ¹.
1110 4725 1335 4806 universum,
1366 4719 1601 4810 Evangelium
1625 4722 1802 4812 praedicat
1824 4747 1988 4814 regnum,
2020 4725 2099 4814 glo·

251 4788 341 4867 S‘m
364 4815 420 4903 ¹⁷¹?
444 4783 547 4864 ”M
569 4799 718 4891 mmm
735 4789 875 4894 [ΜΨ
1110 4827 1218 4910 riam,
1238 4819 1527 4916 potentiemDei,
1553 4823 1590 4892 id
1605 4835 1669 4908 est,
1693 4817 1761 4896 hoc
1778 4828 1974 4916 praedicat,
2001 4829 2097 4920 quod

51 4942 196 5018 idest,
223 4933 319 5007 sicut
344 4928 507 5020 palmites
530 4942 694 5008 arescunt
718 4953 735 4998 a
757 4924 829 4999 vite
852 4922 973 5008 recisi,
997 4921 1054 5000 its
1110 4929 1357 5012 iustificemur,
1391 4924 1648 5019 sanctificemur
1675 4939 1737 4996 aut
1766 4941 1800 4997 et
1827 4927 2004 5002 salvemur
2024 4953 2097 4998 non

50 5039 272 5112 moriuntur
318 5032 458 5118 omnia,
512 5054 605 5124 quoe
631 5053 706 5100 non
728 5027 879 5115 suntin
898 5019 1057 5112 Christo,
1109 5024 1277 5100 humanis
1299 5027 1456 5112 viribus,
1480 5029 1541 5096 sed
1560 5027 1809 5125 potentiaDci.
1852 5024 2016 5102 Secundo
2031 5033 2102 5112 elo·-¹

1109 5146 1181 5218 eet,
1207 5132 1302 5225 quod
1328 5144 1427 5222 pater
1451 5129 1645 5199 innotescat
1667 5151 1745 5198 cum
1769 5123 1925 5198 fructum
1940 5132 2097 5216 ferimus,

51 5207 290 5231 ...Μ

89 5311 126 5370 2)
147 5303 232 5358 liaeo
249 5300 335 5354 v‘erts
352 5303 379 5352 tn
395 5301 465 5354 ret.
483 5298 573 5365 postte
590 5303 655 5351 sont
671 5286 739 5351 rute
754 5297 868 5367 rectu,
885 5301 950 5362 pest
966 5299 1058 5353 totum

129 5373 338 5440 mettano
1143 5367 1176 5426 u)
1194 5367 1289 5418 secer.
1313 5361 1378 5414 tlte.

58 5455 251 5520 illusura.
282 5449 384 5513 Oeen.
415 5438 611 5532 VenXlV.
744 5515 758 5526 „
1254 5521 1257 5532 .
1352 5430 1401 5504 76
