4714 5826
85 195 143 266 129

80 383 140 432 non
152 361 286 452 prodest
300 356 475 430 sceleratis
488 356 652 427 scelerate
667 354 799 436 facere,
825 353 909 448 quia
924 368 1041 424 tamen
1067 364 1071 452 ζ

81 477 193 534 certum
212 475 262 533 est
278 483 337 532 eos
353 460 492 553 puniri,
519 471 554 529 et
568 457 619 526 ibi
636 456 833 548 exemplum
851 455 1043 548 providen-

80 568 135 634 tiae
147 561 206 634 Dei
221 563 445 654 conspicitur.
497 556 548 632 lta
568 581 638 629 una
664 581 743 656 pars
758 557 969 628 obiectionis
984 579 1042 625 ra-

81 667 158 736 tione
170 665 314 734 iudicari
330 677 455 754 potest,
481 677 519 733 ut
535 661 640 731 etiarn
658 661 695 728 in
711 660 884 750 poiirnatis
900 659 1041 728 dicitur.

79 767 146 837 Sera
159 779 270 837 tamen
287 767 399 837 tacitis
413 787 523 857 poena
538 764 636 833 venit
652 763 811 853 pedibus.

163 917 279 991 Altera
300 943 381 1012 pars
404 917 633 1001 obiectionis,
666 911 751 1008 quid
774 915 818 983 de
841 913 947 984 bonis
967 914 1040 1003 fiat,

80 1046 138 1090 non
162 1021 332 1092 iudicatur
358 1015 514 1090 humana
543 1019 735 1108 sapientia,
771 1017 831 1086 sed
847 1016 901 1092 ,in
930 1017 1038 1083 verbo

79 1119 132 1190 llei
154 1123 327 1213 proposita
350 1136 403 1192 est
423 1121 509 1212 ipsis
532 1119 715 1198 liberatio,
742 1117 781 1186 in
805 1141 873 1209 qua
896 1117 965 1184 lide
981 1141 1039 1185 ac-

79 1225 305 1316 quiescendum
321 1237 383 1294 est.
435 1223 546 1305 Abel,
573 1217 750 1310 Baptista,
776 1231 910 1286 norunt
923 1215 1038 1286 Deum

80 1348 136 1393 esse
156 1327 303 1410 iustum,
328 1337 363 1395 et
385 1337 567 1417 expectant
582 1323 737 1392 futuram
753 1315 931 1390 Ecclesiae
948 1319 1038 1388 libe-

80 1427 228 1494 rationem
250 1440 283 1495 et
307 1427 475 1508 salutem,
498 1417 546 1493 ¹de
569 1448 637 1517 qua
659 1422 864 1492 testificatur
880 1443 1038 1489 resurre-

80 1528 134 1596 ctio
147 1526 224 1596 Filii
241 1525 326 1611 Dei,
351 1541 386 1598 et
406 1528 559 1596 aliorum
582 1538 805 1607 sanctorum,
830 1537 861 1591 et
886 1521 954 1590 alia
970 1519 1039 1589 mi-

80 1629 175 1698 racula
190 1630 227 1697 in
243 1627 412 1702 Ecclesia.
463 1625 549 1698 ldeo
565 1642 600 1697 et
615 1626 701 1694 alibi
718 1623 836 1718 inquit
851 1622 1038 1693 Salomon:

81 1727 157 1798 lusto
179 1753 253 1822 spes
273 1743 325 1800 cst
348 1730 386 1797 in
410 1743 532 1799 morte.
582 1725 628 1796 Et
643 1725 706 1796 lob
729 1726 863 1819 inquit:
890 1721 1040 1793 Etiamsi

80 1831 192 1900 occidet
219 1857 293 1914 me,
325 1831 473 1922 sperabo
503 1831 540 1898 in
570 1830 663 1898 eum.
719 1826 779 1899 Sic
802 1823 961 1897 Ecclesia
983 1848 1040 1894 re-

80 1934 202 2019 spondet
216 1935 261 2002 ad
281 1932 380 2014 illam
397 1933 642 2002 obiectionem.

162 2063 223 2136 Sed
247 2066 334 2158 quie
358 2065 575 2134 differuntur
596 2085 752 2152 poenae,
777 2061 899 2130 crescit
921 2061 958 2128 in
974 2054 1040 2128 ho·

80 2165 212 2238 minibus
233 2167 404 2237 securitas
427 2181 461 2236 et
481 2165 640 2236 audacia.
691 2159 794 2230 Hauc
811 2161 989 2254 querclam
1007 2173 1042 2230 et

81 2262 125 2336 bic
144 2269 265 2338 intexit
291 2266 480 2351 Salomon,
507 2267 589 2359 quia
614 2287 688 2332 non
710 2265 778 2333 cito
802 2263 841 2332 fit
862 2265 1039 2332 decretum

81 2384 178 2438 contra
207 2371 301 2438 mala
329 2370 439 2448 facta,
473 2380 635 2438 aestuant
654 2365 840 2433 hominum
865 2367 970 2433 corda
997 2365 1039 2431 ad

81 2473 219 2540 scelerate
239 2470 458 2542 faciendum.
510 2467 605 2537 Huic
624 2466 787 2558 querelae
805 2487 928 2534 rursus
943 2466 1041 2534 addit

81 2572 268 2642 solutionem
292 2586 326 2641 et
340 2571 650 2642 adseverationem.
704 2565 854 2636 Etiamsi
872 2566 934 2634 diu
952 2566 1040 2635 tole·

82 2689 182 2742 rantur
207 2669 389 2757 scelerati,
426 2695 545 2742 samen
572 2671 663 2751 scio,
695 2667 791 2760 quod
818 2666 884 2736 erit
905 2667 1041 2736 bonurn

82 2774 261 2846 timentibus
277 2771 411 2858 Deum,
437 2775 499 2865 qui
514 2774 642 2843 timent
659 2793 678 2838 a
694 2768 781 2839 facie
800 2767 894 2852 eius,
920 2780 955 2836 et
969 2792 1042 2836 uon

81 2875 131 2944 erit
148 2878 282 2948 honum
304 2876 415 2968 impio
437 2895 502 2943 nec
525 2872 832 2965 prolongabuntur
857 2870 932 2938 dies
956 2869 1041 2954 eius,

81 2977 124 3044 sed
145 2979 229 3050 sicut
245 2977 376 3048 umbra
396 2977 597 3047 transibunt
614 2974 675 3067 qui
692 2996 764 3040 non
778 2972 904 3042 timent
918 2971 1041 3040 faciem

82 3079 147 3150 cius.
193 3078 306 3151 Docet
328 3079 437 3168 igitur
458 3076 652 3158 Salomon,
685 3099 731 3142 ne
752 3073 878 3164 offensi
900 3073 962 3142 illa
983 3073 1043 3141 in-

82 3182 265 3270 aequalitate
290 3181 328 3248 in
350 3177 416 3250 hac
439 3181 509 3249 vita
533 3177 736 3247 deficiamus
753 3199 773 3243 a
790 3171 884 3256 Deo,
910 3175 969 3243 sed
986 3197 1043 3243 ac-

83 3281 277 3369 quiescamus
300 3283 337 3349 in
364 3284 472 3351 verbo
488 3279 573 3363 Dei,
599 3279 693 3370 quod
717 3274 893 3366 promittit
913 3276 1044 3345 libera-

51 3415 54 3426 ·
83 3381 208 3469 tionem,
241 3397 278 3453 et
303 3383 453 3452 salutem
484 3382 604 3464 iustis,
636 3399 771 3469 poenae
796 3399 880 3445 vero
904 3377 1044 3446 denun-

84 3483 197 3554 ciantur
221 3484 361 3576 impiis,
397 3497 430 3553 et
456 3485 565 3553 verbo
589 3496 623 3551 et
646 3478 815 3568 exemplis
837 3478 1044 3549 manifestis.

84 3579 146 3654 ldeo
171 3589 213 3656 de
245 3586 372 3678 poenis
398 3586 508 3654 multa
539 3581 780 3653 extantdicta
813 3580 916 3649 etiam
950 3581 1043 3671 apud

85 3687 196 3778 petras,
223 3703 264 3758 ut
283 3687 377 3777 apud
394 3684 649 3756 Claudianum:
691 3703 697 3721 ·

144 3825 237 3902 Saepe
259 3821 332 3880 mihi
354 3821 470 3880 dubiam
492 3820 581 3878 traxit
602 3819 750 3877 sententia
771 3825 912 3890 mentem,

145 3923 289 3982 Curarent
310 3924 409 4003 superi
431 3934 544 3998 terras,
571 3939 609 3979 an
632 3919 730 3980 nullus
751 3919 861 3976 inesset

145 4025 270 4098 Rector,
300 4031 329 4080 et
349 4024 462 4080 incerto
485 4021 613 4079 fluerent
635 4019 770 4077 mortalia
791 4035 870 4090 casn,

147 4127 218 4184 Nam
242 4143 308 4184 cum
331 4123 463 4202 dispositi
485 4123 650 4200 spectabam
672 4119 794 4178 foedera
815 4113 927 4192 mnndi,

146 4229 401 4305 Praescriptosque
423 4225 513 4283 maris
535 4224 610 4281 fines
629 4223 757 4299 annique
779 4229 904 4292 meatus,
955 4215 958 4228 '

149 4329 186 4389 Et
206 4331 282 4390 lucis
303 4329 454 4405 noctisque
476 4326 572 4402 vices,
600 4337 670 4383 tunc
692 4324 788 4402 omnia
809 4320 895 4379 rebar

148 4433 273 4491 Consilio
295 4429 409 4488 firmata
430 4427 582 4504 Dei,„qni
604 4427 672 4502 lege
693 4425 804 4482 moveri

148 4536 267 4611 Sidera,
296 4535 346 4612 qui
368 4531 470 4609 fruges
492 4528 607 4588 diverso
630 4539 764 4603 tempore
790 4527 881 4599 nasci,

148 4637 200 4703 Qui
222 4637 333 4694 sariam
354 4631 494 4690 Phoeben
515 4629 612 4686 alieno
634 4626 751 4685 iusserit
772 4627 842 4703 igne

149 4735 313 4814 Complerl,
343 4731 502 4808 Solemque
525 4747 593 4799 suo,
622 4727 790 4804 porrexerit
811 4722 896 4782 undis

148 4839 275 4913 Littera,
304 4835 445 4901 tellurem
466 4830 562 4889 medio
583 4828 733 4888 libraverit
755 4843 823 4885 axe.

151 4935 210 4994 Sed
231 4953 296 4993 cum
319 4947 368 4991 res
388 4929 537 4989 hominum
559 4936 640 4985 tanta
662 4926 787 5004 caligine
809 4923 887 4981 rolul

49 5029 50 5040 ’
152 5037 336 5114 dspicerenr,
366 5033 520 5109 laetosque
542 5029 592 5089 diu
615 5029 722 5087 florere
743 5035 894 5100 nocentes,

50 5195 51 5216 ,
150 5139 318 5215 Venerique
340 5136 423 5212 pios,
453 5151 554 5190 rursus
577 5130 721 5190 labefacta
743 5127 865 5187 cadebat

50 5271 51 5322 ,
152 5239 296 5316 belligic,
324 5247 488 5310 muneque
509 5231 587 5288 uam
608 5247 667 5288 uon
688 5238 794 5306 sponte
816 5225 961 5304 sequebar

151 5339 293 5414 Alterius,
314 5355 405 5395 vacuo
428 5350 504 5412 quae
524 5331 636 5392 semiue
659 5349 778 5391 currere
800 5339 879 5388 ruote

94 5421 244 5496 luisse.
274 5429 376 5496 Orsa.
401 5426 484 5488 Ver..
512 5420 607 5488 XlV.

583 183 676 298 'xi
727 175 1028 258 uuauua'uo
1064 179 1116 254 IN
1148 115 1528 260 Eccduslasrsu.

2012 194 2086 266 180
2161 301 2166 314 Ι

1177 353 1338 432 Adfirmat,
1365 373 1564 435 magnumque
1586 376 1676 419 noras
1697 361 1860 438 perinane
1883 363 1990 442 figures

1176 457 1307 515 Fortuna
1327 475 1386 516 aon
1406 469 1473 519 arte
1493 458 1574 536 regi,
1602 477 1679 537 qnae
1700 461 1819 522 nemim
1841 479 1929 521 sensu

1176 558 1316 636 Ambiguo
1337 559 1387 618 rel
1408 559 1491 618 nulle
1511 569 1595 638 putat
1617 561 1666 620 rel
1687 563 1787 624 nescia
1809 565 1911 623 nostri.

1174 659 1299 718 Abstulit
1320 658 1400 718 benc
1421 659 1541 719 tandem
1562 659 1674 722 Ruftini
1696 679 1793 740 poene
1814 663 1971 724 tumultuin

1175 760 1362 838 absolvitque
1383 760 1478 838 Deos,
1505 761 1562 820 iana
1584 780 1643 820 non
1665 763 1703 822 ad
1724 765 1852 824 culmina
1873 781 1973 822 rerum

1174 862 1299 920 iniustos
1321 863 1446 920 crevisse
1469 879 1594 940 queror,
1622 865 1765 924 tolluntur
1785 865 1815 923 in
1837 866 1941 940 altum,

1175 963 1216 1022 Ut
1238 961 1322 1041 lapsu
1344 963 1479 1040 graviore
1501 973 1597 1023 ruent.
1637 1000 1641 1006 ·

1142 1182 1238 1255 Sunt
1248 1183 1346 1276 ¹iusti
1359 1181 1610 1296 quibusmolo
1627 1177 1811 1258 accidunt.

1191 1354 1406 1440 immoratur
1428 1353 1609 1425 institutae
1631 1353 1795 1423 concioni
1818 1355 1861 1424 de
1886 1359 2075 1447 providen-

1089 1457 1158 1544 tia,
1188 1470 1223 1526 et
1252 1457 1379 1548 repetit
1408 1456 1626 1541 doctrinam,
1660 1455 1699 1524 in
1728 1479 1797 1546 qna
1826 1471 1876 1528 est
1900 1481 2078 1530 assevera-

1091 1559 1157 1631 tio:
1185 1557 1267 1627 Non
1288 1571 1472 1650 propterea
1498 1559 1694 1646 negandam
1720 1579 1792 1626 esse
1807 1543 2079 1648 providentiam,

1091 1660 1227 1730 etiamsi
1243 1683 1377 1752 poenae
1392 1660 1640 1730 sceleratorum
1658 1657 1893 1741 differuntur,
1920 1675 1979 1731 aut
1994 1661 2078 1732 iusti

1094 1765 1131 1830 in
1149 1757 1214 1830 bac
1231 1763 1302 1829 vita
1321 1774 1543 1853 premuntur.
1594 1755 1647 1828 Ac
1664 1782 1745 1829 vera
1761 1761 1926 1832 refutatio
1943 1775 1993 1834 est
2010 1764 2076 1832 ob-

1092 1862 1273 1946 iectiouis,
1314 1874 1445 1932 restare
1474 1862 1573 1932 aliud
1599 1859 1793 1946 iudicium,
1832 1862 1871 1930 in
1901 1886 1971 1956 quo
2003 1888 2076 1934 non

1092 1977 1337 2034 momentanea
1353 1963 1592 2052 compensatio
1606 1962 1677 2045 fiet,
1703 1963 1763 2031 sed
1778 1975 1931 2034 aeterna.
1975 1961 2077 2034 Hanc

1093 2065 1339 2158 refutationem
1375 2058 1661 2156 comprehcndit,
1708 2087 1786 2132 cum
1821 2065 1919 2134 iubet
1954 2067 2077 2135 timere

1092 2165 1226 2246 Deum,
1261 2180 1295 2236 et
1325 2165 1426 2254 ponit
1456 2165 1765 2238 asseverationem:
1801 2159 1903 2234 Beue
1932 2173 2000 2235 erit
2030 2166 2077 2236 ti-

1092 2265 1273 2338 mentibus
1288 2261 1423 2338 Deum.
1476 2264 1545 2337 Sed
1569 2265 1665 2358 quod
1688 2267 1824 2358 quaerit
1846 2261 2001 2336 humana
2021 2291 2078 2338 sa·

1093 2371 1225 2460 pientia
1249 2391 1387 2453 causas,
1411 2389 1520 2461 quare
1538 2368 1622 2436 iusti
1641 2389 1742 2457 saepe
1759 2369 1894 2438 duriter
1911 2392 2077 2458 preman-

1092 2487 1152 2542 tur
1167 2487 1201 2544 et
1218 2471 1302 2540 mali
1319 2471 1483 2559 floreant,
1508 2469 1644 2538 vanitas
1659 2481 1721 2548 est,
1748 2469 1784 2538 id
1803 2484 1866 2560 est,
1885 2470 2008 2541 irritus
2024 2472 2077 2540 la·

1093 2575 1179 2656 bor,
1208 2574 1290 2664 quia
1315 2566 1384 2642 hoc
1406 2570 1595 2640 consilium
1613 2567 1679 2639 Dei
1704 2591 1777 2640 non
1800 2571 1984 2643 invenitur
2003 2573 2077 2642 acie

1093 2670 1270 2743 humanae
1300 2674 1447 2757 mentis,
1479 2674 1539 2741 sed
1565 2666 1743 2740 Ecclesiae
1772 2673 1963 2762 patefactae
1995 2687 2080 2746 sunt

1093 2798 1215 2856 causae
1238 2777 1275 2843 in
1300 2797 1427 2863 genere
1453 2786 1597 2865 propter
1620 2795 1707 2864 quas
1730 2774 1825 2844 cruci
1843 2773 1999 2846 subiecta
2016 2789 2078 2860 est,

1094 2892 1132 2948 ut
1147 2901 1210 2946 suo
1226 2877 1304 2947 loco
1322 2876 1463 2946 dicitur.
1824 2879 1829 2890 “
2092 2893 2093 2900 “

1198 3027 1300 3115 lubet
1327 3027 1437 3118 igitur
1457 3025 1646 3112 Salomon,
1679 3028 1807 3096 omissa
1834 3022 1901 3097 lrac
1927 3029 2090 3124 inquisi-

1094 3131 1191 3200 tione
1217 3126 1391 3198 bumanae
1411 3130 1581 3211 rationis,
1605 3152 1749 3198 manere
1767 3129 1948 3200 intimore
1962 3129 2030 3201 Dei
2045 3145 2081 3202 et

1094 3233 1337 3323 praesentibus
1360 3231 1464 3301 donis
1479 3229 1548 3300 Dei
1569 3230 1666 3300 iuxta
1687 3243 1868 3321 praecepta
1887 3233 1959 3311 uti,
1986 3233 2081 3316 cibo,

1095 3347 1202 3425 potu,
1229 3333 1413 3401 vocatione
1435 3331 1597 3423 politica,
1622 3331 1857 3401 oeconomica.
1909 3331 2006 3404 Haec
2029 3349 2081 3424 est
2115 3417 2120 3424 ἱ

1096 3458 1232 3502 summa
1248 3434 1374 3522 longae
1389 3433 1602 3520 narrationis
1616 3433 1653 3500 in
1668 3426 1736 3500 lroc
1752 3432 1829 3522 ipso
1842 3434 1966 3524 capite.
2008 3431 2080 3505 Ex·

1097 3537 1229 3604 cruciat
1258 3535 1352 3603 enim
1382 3531 1468 3602 baec
1496 3534 1656 3626 quaestio
1686 3555 1808 3602 omnes
1831 3528 2012 3619 homines,
2047 3551 2081 3608 et

1097 3637 1200 3705 multi
1232 3635 1314 3728 quia
1345 3634 1468 3705 rident
1496 3659 1553 3705 res
1576 3637 1749 3736 secundas¹
1771 3633 1946 3705 malorum
1970 3651 2004 3706 ct
2026 3661 2081 3708 res

1099 3741 1264 3807 adversas
1290 3737 1485 3822 iustorum,
1520 3737 1675 3823 cogitant
1697 3759 1769 3804 uon
1796 3759 1869 3805 esse
1890 3739 2082 3827 providen-

1098 3841 1182 3910 tiam
1206 3840 1264 3908 sed
1289 3839 1461 3908 excellens
1478 3834 1592 3908 'robur
1615 3837 1698 3906 fidei
1722 3850 1772 3906 est
1795 3832 1852 3905 his
1875 3831 2082 3929 spectaculis

1098 3966 1171 4012 uon
1187 3942 1322 4029 frangi,
1348 3964 1387 4009 ac
1402 3939 1554 4010 retinere
1568 3962 1686 4008 veram
1702 3938 1918 4026 agnitionem
1934 3939 2022 4032 Dei,
2049 3958 2083 4013 et

1099 4056 1278 4132 expectare
1302 4041 1486 4115 iudicium.
1536 4035 1671 4110 Eadem
1692 4039 1816 4109 concio
1837 4040 1977 4128 copiose
1994 4044 2094 4112 reci-v

1099 4159 1194 4216 tatur
1216 4141 1501 4212 inpetrasse:
1528 4139 1611 4210 Noli
1635 4140 1814 4210 aemulari.
1868 4139 1915 4211 Et
1935 4135 2083 4214 studiosi

1101 4244 1344 4324 considerent,
1370 4243 1434 4314 ubi
1450 4248 1572 4332 poetae
1585 4255 1648 4314 aut
1663 4239 1724 4311 alii
1739 4243 1925 4334 scriptores
1940 4245 1977 4314 in
1993 4241 2085 4317 banc

1103 4349 1283 4417 materiam
1312 4345 1576 4436 ingrediantur,
1609 4358 1650 4415 ut
1681 4367 1783 4433 saepe
1808 4345 1863 4414 fit:
1905 4344 2084 4418 interdurn

1102 4449 1249 4519 recitant
1265 4447 1516 4526 dubitationes,
1539 4447 1718 4517 interdum
1733 4447 2016 4534 asseverationes,
2036 4465 2086 4536 ut,

1102 4549 1235 4620 Discite
1257 4549 1432 4630 iusticiam
1455 4547 1603 4631 moniti,
1629 4561 1665 4618 et
1686 4569 1767 4616 non<
1785 4565 1948 4638 spernere
1971 4551 2085 4624 divos.

1103 4647 1149 4720 Et
1166 4648 1375 4720 Aristoteles
1397 4651 1435 4718 in
1452 4643 1655 4720 Rhetoricis
1677 4649 1798 4717 recitat
1816 4645 2008 4720 Stesichori
2030 4653 2086 4722 di·

1103 4766 1214 4821 ctum:
1248 4751 1433 4821 Neminem
1462 4749 1592 4820 afficias
1616 4749 1760 4820 iniuria.
1828 4747 1922 4838 Quia
1948 4752 2088 4824 cicadae

1105 4866 1232 4922 canent
1254 4848 1323 4922 boc
1346 4853 1384 4919 in
1409 4850 1558 4942 campis,
1586 4851 1622 4922 id
1646 4864 1715 4936 est,
1742 4872 1910 4941 pauperes
1929 4857 2087 4942 oppressi

1105 4956 1143 5023 in
1160 4954 1233 5023 suis
1246 4953 1339 5044 agris
1356 4966 1485 5025 sonant
1498 4947 1561 5025 lias
1576 4953 1736 5048 querelas
1751 4965 1785 5022 et
1801 4957 1943 5025 molent
1960 4949 2089 5043 Deum,
2131 4985 2134 4990 ’

1105 5068 1145 5126 ut
1159 5055 1284 5148 puniat
1302 5069 1483 5150 tyrannos.

1604 5241 1623 5274 Χ
