4590 5808
66 163 123 240 ιιι
251 157 354 258 ¹nt
405 107 801 236 aanorauroars
825 151 894 232 ur
919 151 1202 232 concinnus
1229 153 1280 230 ιιι
1304 149 1491 233 avana.
1517 151 1796 234 namnam.
1976 155 2052 240 asa

60 357 140 426 saepe
159 333 261 428 repeti
277 334 383 406 solet:
414 345 623 426 propterea,
654 333 751 428 quod
766 330 899 423 singuli
914 330 1013 404 indi·
1063 333 1185 428 quales
1208 345 1293 408 sunt
1307 324 1465 416 Pharao,
1502 327 1590 402 Saul
1611 341 1647 402 et
1669 329 1773 402 multi
1797 329 1859 400 alii
1874 327 2053 422 Epicurei,

59 459 157 528 gemm
175 431 235 506 hac
258 435 599 508 commonefactione
624 459 687 507 seu
708 434 940 528 repetitione,
971 447 1013 508 ut
1063 435 1225 530 profani,
1262 430 1469 530 hypocritae
1500 446 1533 505 et
1562 445 1798 504 contemtores
1818 430 1888 504 Dei
1920 433 2050 524 passim

59 538 188 631 quotidie
203 539 294 609 inter
305 538 521 630 precandum
536 537 649 630 capita
666 561 729 609 seu
743 539 850 624 locos,
870 539 915 609 de
930 538 1013 634 qui-
1062 537 1438 634 omnibusuaetatibus,
1462 535 1526 629 qui
1547 535 1705 608 retinent
1726 535 1947 628 propositum
1971 535 2050 605 vio-

58 641 110 710 bus
123 640 291 734 admonui,
316 640 583 713 consideremus
596 639 739 711 animo:
764 639 934 733 inprimis
947 663 1012 712 au·
1062 640 1164 711 laudi
1193 641 1358 712 mandata
1381 638 1504 708 diviua
1526 649 1650 708 contra
1677 637 1948 724 conscientiam,
1984 657 2051 708 uec

57 754 111 812 tem
128 741 321 814 iutueamur
342 740 584 814 dulcissimam
611 741 884 834 promissionem
907 743 1012 816 toties
1063 755 1323 814 convertuntur
1334 742 1378 812 ad
1393 737 1525 812 Deum.
1585 736 1640 809 De
1659 733 1717 810 his
1733 741 1876 834 proprie
1891 754 1927 812 et
1940 739 2052 810 veris

54 840 150 914 alico
175 843 373 936 repetitam,
411 856 452 916 ut
479 842 681 917 firmissima
708 843 778 914 lide
804 856 1011 930 statuamus,
1062 845 1151 917 sime
1165 844 1310 916 dicitur:
1335 843 1539 914 Peccatores
1552 839 1740 914 Deusnon
1756 843 1910 918 exaudit.
1938 839 2051 912 ,laem
2155 844 2158 852 ’

53 941 146 1015 Βιιιιιι
161 947 246 1017 velle
260 971 327 1018 nos
342 946 532 1017 clementer
546 945 712 1018 exaudire
724 958 871 1039 propter
886 947 1012 1032 filium,
1062 944 1315 1022 Proverb.2d.:
1343 944 1418 1037 Qui
1435 943 1590 1015 declinat
1604 965 1707 1015 aures
1723 967 1814 1030 suas,
1839 969 1886 1014 ne
1902 944 2052 1018 audiant
2093 977 2100 984 ·

54 1059 81 1118 et
101 1061 269 1141 propterea
291 1049 536 1139 confugiamus
559 1050 604 1119 ad
627 1048 764 1142 ipsum,
805 1061 843 1120 et
863 1050 908 1120 ab
933 1050 1011 1142 ipso
1061 1047 1205 1140 Legem,
1220 1049 1297 1120 eius
1305 1048 1420 1120 oratio
1429 1060 1483 1118 est
1491 1046 1714 1118 exsecrabilis
1722 1047 1953 1121 abominatio.
1980 1043 2051 1115 llic

53 1164 259 1240 exspectemus
272 1150 456 1224 auxilium.
1062 1152 1164 1223 audis
1179 1175 1299 1223 veram
1319 1163 1354 1222 et
1377 1170 1582 1242 germanam
1604 1148 1934 1241 interpretationem
1951 1147 2050 1242 prio-

131 1249 180 1322 Ac
201 1253 240 1322 in
262 1252 422 1345 proxima
443 1252 616 1324 concione
639 1252 847 1344 collegimus
873 1251 1012 1347 aliquot
1061 1254 1112 1325 ris
1125 1253 1228 1325 dicti:
1262 1251 1338 1344 Qui
1356 1251 1483 1324 avertit
1503 1272 1625 1337 aures,
1657 1273 1723 1320 nec
1739 1251 1816 1323 vult
1830 1251 1953 1322 audire
1969 1273 2050 1319 ver·

52 1354 213 1426 sententias
237 1354 537 1448 promissionibus
565 1354 794 1448 amplissimis
818 1355 1011 1427 invitantes
1061 1359 1149 1429 bum
1165 1353 1254 1439 Dei,
1280 1351 1348 1426 hoc
1369 1365 1440 1440 est,
1475 1353 1538 1447 qui
1562 1353 1713 1447 superbe
1739 1364 1773 1424 et
1795 1351 2050 1425 contumaciter

50 1456 82 1524 ad
95 1455 353 1542 invocationem,
372 1469 413 1528 ut
426 1453 645 1528 dictnmlolr.
658 1457 731 1531 tii:
757 1453 887 1544 Amen,
905 1479 1010 1527 amen
1061 1470 1262 1553 perseverat
1284 1458 1323 1527 in
1344 1469 1526 1529 contemtu
1544 1453 1613 1525 Dei
1639 1454 1716 1526 sine
1736 1455 1975 1548 poenitentia,
2010 1466 2052 1525 ut

13 1649 14 1660 ἵ
51 1556 112 1626 dico
126 1559 237 1628 robis:
265 1556 446 1652 Quicquid
465 1558 637 1650 petieritis
652 1557 794 1632 Patrem
812 1560 851 1630 iu
865 1558 1012 1630 nomine
1061 1561 1124 1656 qui
1146 1583 1221 1632 non
1246 1560 1374 1632 volunt
1397 1558 1550 1630 abiicere
1575 1558 1692 1629 cultus
1712 1556 1912 1644 idolorum,
1936 1557 2050 1626 vitare

50 1681 128 1744 neo,
149 1659 246 1732 dabit
261 1661 374 1734 vobis.
408 1657 512 1730 Hanc
528 1674 563 1732 et
577 1661 711 1732 similes
727 1663 918 1735 sententias
933 1685 1010 1732 cre·
1061 1665 1231 1736 libidines
1252 1676 1286 1734 et
1302 1662 1496 1749 adulteria,
1527 1659 1691 1733 omittere
1715 1659 1865 1731 iniustas
1885 1681 2050 1754 persecu·

50 1759 100 1828 bro
119 1763 324 1834 meditantes
344 1761 474 1833 animis
494 1763 705 1856 proponite,
737 1767 800 1835 sed
822 1765 861 1835 in
884 1763 1010 1857 primis
1061 1769 1196 1852 tiones,
1219 1763 1424 1837 huiusmodi
1440 1775 1639 1857 peccatores
1653 1765 1718 1832 nec
1731 1762 1987 1842 exaudiuntur,
2014 1773 2051 1831 et

49 1859 121 1932 inter
135 1865 347 1953 precandum
363 1864 435 1935 sint
453 1864 554 1934 vobis
567 1866 605 1934 in
621 1879 843 1958 conspectu,¹
859 1865 1010 1956 accogi·
1061 1869 1217 1961 precatio
1242 1891 1367 1938 eorum
1392 1889 1474 1938 vere
1496 1879 1548 1936 est
1570 1865 1794 1937 exsecrabilis
1817 1863 2049 1935 abominatio.

49 1973 101 2032 tate
111 1961 219 2036 Deum
240 1988 401 2036 veracem
418 1987 511 2052 esse,
536 1987 601 2038 nec
617 1981 755 2059 putate,
778 1981 832 2040 tot
855 1967 1009 2038 clarissi-
1060 1967 1156 2061 Ergo
1171 1969 1320 2039 minime
1336 1969 1503 2039 debemus
1519 1969 1558 2036 in
1575 1962 1643 2038 hoc
1659 1989 1808 2038 numero
1824 1967 1968 2060 reponi,
1993 1964 2050 2035 vel

48 2087 104 2134 mas
115 2067 363 2156 promissiones
378 2065 503 2138 inanes
517 2070 657 2140 sonitus
670 2091 755 2143 esse.
793 2068 898 2142 rsunt
911 2068 1010 2140 enim
1060 2067 1145 2142 huic
1161 2070 1282 2162 generi
1298 2082 1522 2161 peccatorum
1536 2069 1765 2140 annumerari
1781 2069 1885 2139 velle.

48 2169 259 2240 severissimae
287 2191 388 2240 voces
410 2169 555 2240 divinae
580 2167 796 2258 Maiestatis,
838 2194 930 2266 quae
951 2165 1008 2242 his
1161 2169 1238 2243 Alii
1255 2195 1340 2244 vcro
1355 2184 1438 2244 sunt
1451 2183 1669 2265 peccatores,
1694 2171 1757 2264 qui
1772 2173 1816 2242 ad
1826 2171 1946 2241 Deum
1961 2193 2048 2240 eon-

47 2265 111 2356 ipsis
125 2271 239 2344 verbis
255 2271 418 2363 patefacit
432 2295 472 2342 ac
488 2273 621 2344 revelat
634 2273 739 2344 nobis
755 2295 855 2344 suam
875 2275 1007 2346 bonam
1061 2288 1268 2361 vertuntur,
1294 2298 1360 2344 nec
1379 2275 1535 2346 retinent
1554 2273 1777 2366 propositum
1800 2271 2048 2366 delinquendi,

48 2371 262 2458 voluntatem,
311 2386 347 2444 et
375 2373 586 2444 immensam
613 2374 894 2447 misericordiam
927 2397 1009 2466 erga
1060 2401 1122 2448 seu
1141 2401 1216 2448 non
1238 2389 1467 2472 perseverant
1486 2376 1526 2446 in
1546 2375 1698 2469 peccatis
1719 2389 1842 2451 contm
1866 2373 2050 2446 consciens

46 2493 106 2541 uos:
129 2475 230 2546 toties
244 2475 370 2546 addito
382 2474 625 2562 iureiurando,
649 2490 690 2549 ut
703 2491 800 2550 certo
815 2490 1009 2550 statuamus
1059 2481 1168 2566 tiam,
1199 2482 1259 2551 sed
1286 2476 1419 2551 habent
1442 2478 1546 2550 initia
1567 2478 1807 2571 poenitentiae
1828 2491 1864 2550 et
1884 2475 2048 2548 salutaris

45 2572 151 2668 absque
166 2577 240 2648 ulla
258 2576 481 2649 dubitatione
494 2577 605 2670 recipi
621 2591 759 2652 nostras
774 2603 910 2673 preces,
942 2603 1009 2650 nec
1060 2581 1337 2668 emendationis,
1363 2605 1447 2652 vere
1460 2595 1695 2674 expavescunt
1719 2579 1901 2671 agnitione
1921 2576 2049 2648 iudicii
2180 2573 2183 2588 '

45 2673 226 2750 irritosesse
241 2677 393 2769 gemitus
407 2692 513 2772 atque
528 2679 699 2752 clamores
715 2696 876 2770 nostros,
899 2683 1008 2754 modo
1059 2698 1094 2757 et
1117 2685 1193 2755 irae
1213 2682 1282 2756 Dei
1312 2685 1480 2756 adversus
1508 2695 1670 2776 peccata,
1707 2681 1881 2754 abiiciunt
1910 2679 2048 2751 malum

43 2789 74 2848 ut
89 2773 175 2851 hunc
197 2777 376 2852 honorem
395 2778 474 2852 Deo
496 2780 715 2867 tribuamus,
749 2784 935 2871 videlicet,
967 2797 1008 2855 ut
1060 2788 1301 2880 propositum,
1326 2785 1496 2857 desinunt
1512 2806 1615 2857 ruere
1630 2798 1752 2857 contra
1773 2781 2046 2855 conscientiams

45 2880 333 2954 uedamusDeum
347 2883 440 2953 velle
454 2905 521 2954 nos
538 2900 686 2978 propter
698 2885 813 2957 filium
830 2887 1009 2973 exaudire,
1059 2913 1099 2960 ac
1129 2886 1265 2961 lrabeat
1291 2888 1330 2956 in
1357 2889 1464 2959 corde
1492 2891 1672 2958 accensam
1697 2885 1929 2958 scintillulam
1952 2882 2049 2968 fidei,

43 2984 201 3056 credamus
217 3007 378 3056 veracem
395 2997 429 3056 et
443 3001 644 3059 servantem
660 3009 734 3058 esse
754 3011 898 3060 auarum
922 3012 1008 3082 pro·
1058 2991 1249 3088 quaerenti
1267 3001 1442 3084 quaerunt
1459 2990 1756 3071 consolationem,
1792 3011 1832 3062 ac
1847 2998 1973 3088 petunt
1989 3007 2047 3055 re·

43 3083 246 3172 missionum,
269 3085 361 3156 velle
375 3101 515 3158 nostros
529 3089 681 3177 gemitus
701 3103 737 3163 et
757 3091 929 3162 clamores
951 3114 1009 3162 re-
1058 3092 1264 3164 missionem
1281 3105 1524 3184 peccatorum,
1548 3104 1742 3164 statuentes
1754 3113 1792 3162 se
1808 3101 1953 3183 propter
1969 3109 2047 3157 me-

42 3184 152 3276 cipere,
176 3212 217 3261 ac
231 3188 339 3259 nobis
355 3187 614 3280 opitulaturum
628 3213 713 3266 esse.
765 3189 820 3265 lta
840 3193 879 3262 in
904 3215 1009 3285 prae-
1059 3195 1232 3269 diatorem
1255 3193 1428 3266 exaudiri.
1484 3192 1590 3265 Tales
1609 3209 1808 3287 peccatores
1821 3187 2047 3290 suntDavid,

40 3287 217 3362 sentitertu
234 3290 537 3383 saepepromissio
551 3292 722 3384 repetitur
736 3317 777 3366 ac
791 3293 1007 3367 inculcatur:
1058 3297 1205 3384 Petrus,
1229 3298 1436 3367 emendatus
1449 3296 1541 3367 latro
1563 3297 1604 3367 in
1626 3317 1730 3367 cruce
1746 3309 1810 3366 etc.
1867 3291 1919 3364 lli
1941 3309 2046 3384 repo·

41 3383 132 3462 Petite
152 3406 185 3465 et
209 3391 409 3485 accipietis,
447 3392 607 3486 quaerite
627 3405 661 3465 et
680 3395 891 3489 invenietis,
924 3398 1008 3490 pul·
1059 3412 1192 3471 uantur
1207 3399 1246 3468 in
1261 3394 1330 3471 hoc
1345 3420 1514 3482 numero,
1539 3397 1668 3492 dequo
1684 3394 1862 3469 Dominus
1878 3395 1953 3487 ipse
1972 3394 2047 3464 cla-

41 3503 96 3562 ttte
109 3505 141 3563 et
152 3494 334 3587 aperietur
349 3494 463 3567 vobis.
515 3491 647 3567 Omnis
662 3498 724 3591 qui
739 3497 828 3592 petit
841 3499 982 3592 accipit.
1059 3502 1163 3574 mitat
1176 3496 1307 3574 Matth.
1320 3502 1397 3574 11.:
1424 3499 1553 3570 Venite
1567 3502 1612 3572 ad
1628 3524 1685 3571 me
1696 3522 1841 3585 omnes,
1866 3498 1928 3591 qui
1945 3497 2046 3567 labo-

119 3591 171 3668 Ac
191 3595 385 3696 diligenter
407 3596 745 3674 observandum-est
768 3597 829 3672 hic
848 3601 1006 3672 additam
1058 3603 1346 3674 ratiset'onerati
1370 3602 1472 3689 estis,
1499 3615 1534 3673 et
1558 3625 1623 3694 ego
1642 3602 1797 3673 reficiam
1820 3624 1896 3675 vos.
1954 3594 2046 3670 Ecce

38 3714 95 3764 esse
116 3697 326 3789 particulam
347 3697 583 3770 universalem
605 3698 737 3778 omnis.
788 3701 886 3794 Quia
900 3704 1007 3773 corda
1058 3702 1118 3777 hic
1133 3729 1275 3800 quoqne
1290 3705 1439 3798 ponitur
1457 3717 1618 3796 expresse
1639 3702 1850 3776 universalis
1872 3700 2045 3794 particula

38 3795 239 3887 singulorum
254 3800 480 3892 obstrepunt,
503 3802 687 3874 clamitant
704 3819 739 3877 et
759 3805 862 3876 anxie
882 3804 1007 3898 dispu—
1039 3803 1214 3881 Omnes:
1241 3821 1486 3894 veruntamen,
1503 3802 1654 3889 Omnes,
1677 3801 1747 3878 hoc
1763 3809 1842 3878 loco
1856 3827 1932 3875 non
1945 3823 2044 3872 com-

36 3907 114 3984 tant,
137 3912 261 3972 contra
276 3896 369 3972 banc
381 3901 635 3993 universalem:
668 3901 728 3977 Ah
742 3919 796 3978 tot
808 3899 926 3978 millia
939 3901 1008 3976 ho-
1058 3906 1251 4002 prehendit
1263 3931 1422 3994 securos,
1447 3921 1670 4000 arrogantes,
1696 3909 1886 4000 superbos,
1910 3905 2046 3974 feroces

35 3998 154 4072 minum
169 4003 307 4098 ubique
320 4005 480 4094 gentium
493 4007 661 4079 omnibus
677 4010 898 4101 temporibus
916 4009 1007 4080 reci·
1058 4025 1313 4094 contemtores,
1338 4012 1401 4106 qui
1417 4009 1576 4082 volentes
1591 4009 1777 4102 indulgent
1796 4007 1975 4079 omnibus.
1987 4004 2047 4074 lu·

36 4111 252 4199 tantpreces,
285 4128 352 4176 nec
364 4119 483 4178 umen
497 4108 753 4184 exaudiuntur:
788 4111 873 4183 item
890 4125 1006 4184 textus
1057 4114 1216 4199 roribus,
1238 4110 1485 4214 sedpavidos,
1516 4126 1552 4184 et
1574 4111 1761 4182 afferentes
1783 4111 1828 4180 ad
1842 4107 1960 4181 Deum
1982 4129 2045 4176 cor

37 4200 138 4296 iuquit
158 4205 198 4276 in
224 4200 385 4278 Iohanne
406 4231 483 4302 cap.
500 4208 553 4280 Oa
595 4209 798 4287 Peccatores
812 4211 909 4286 Deus
930 4237 1007 4284 non
1057 4216 1269 4302 contritum,
1311 4217 1536 4307 deplorantes
1556 4237 1656 4285 suam
1679 4209 1963 4302 immunditiem,
2005 4230 2047 4279 ac

36 4309 170 4383 exaudit.
218 4306 459 4398 Quantumsis
475 4310 585 4403 igitur
601 4335 665 4404 ego
680 4315 791 4387 etalii
807 4329 1006 4408 peccatores
1056 4341 1184 4408 magna
1213 4317 1439 4390 solicitudine
1467 4316 1620 4388 vitantes
1645 4317 1764 4409 lapsus
1801 4327 1922 4386 contra
1958 4325 2045 4382 con·

35 4405 84 4478 diu
100 4411 323 4504 multumque
343 4411 554 4494 clamemus,
589 4427 707 4486 tamen
731 4413 799 4488 hoc
818 4419 927 4490 unico
948 4442 1006 4489 re·
1057 4419 1250 4491 scientiam.
1315 4418 1382 4489 llis
1412 4420 1587 4500 omnibus·
1603 4418 1844 4513 promittitur,
1882 4415 2045 4495 offertur,

35 4529 148 4600 sponso
163 4525 333 4606 tanquam
356 4515 427 4585 telo
448 4515 670 4608 repellimur:
695 4516 792 4591 Deus
807 4533 1006 4612 peccatores
1056 4535 1163 4616 atque
1177 4522 1333 4592 donatur
1348 4520 1458 4613 gratia
1476 4519 1794 4606 seu-reconciliatio
1812 4519 1983 4612 gratuita,
2008 4528 2046 4587 et

35 4631 96 4680 non
110 4615 265 4688 exaudit.
305 4612 503 4705 Quaeritur
516 4640 619 4708 ergo,
637 4623 818 4713 quomodo
834 4636 1008 4713 congruat
1057 4622 1253 4696 consolatio
1269 4645 1330 4694 seu
1347 4623 1547 4696 vivificatio.
1607 4619 1745 4694 Eodem
1759 4623 1866 4694 modo
1881 4621 1988 4691 debes
2003 4617 2043 4685 in

35 4712 129 4786 altera
143 4717 319 4824 sententia
336 4712 488 4791 loliano.
505 4721 542 4794 9.
555 4743 637 4791 eum
651 4716 719 4793 hoc
733 4723 845 4795 dicto:
873 4699 1006 4795 Omnis
1057 4726 1232 4819 praesenti
1248 4739 1346 4798 textu
1364 4726 1562 4816 intelligere
1579 4724 1815 4795 universalem
1832 4721 2043 4816 particulam

35 4815 87 4904 qui
98 4821 225 4904 credit,
249 4818 401 4910 accipit?
425 4817 639 4914 Responsio.
686 4822 848 4896 Primum
862 4829 907 4896 de
923 4849 1006 4919 pee-
1058 4824 1207 4914 Omnis,
1235 4830 1280 4898 de
1295 4829 1463 4898 omnibus
1477 4827 1616 4921 pavidis
1632 4838 1666 4897 et
1680 4827 1860 4910 contritis,
1891 4823 1954 4918 qui
1977 4816 2043 4892 ha-

34 4919 197 4992 catoribus
220 4918 402 4991 sciendum
427 4937 497 5008 est,
528 4925 760 4999 discernenda
782 4949 856 4998 esse
876 4951 1005 5018 genera
1058 4931 1143 5002 bent
1158 4929 1260 5001 initia
1278 4929 1525 5022 poenitentiae.
1556 4927 1623 5000 His
1637 4929 1805 5000 omnibus
1819 4921 2045 5018 proponitur,
2143 4921 2146 4930 ’

36 5035 254 5104 peccatorum.
303 5019 381 5094 Alii
401 5025 497 5094 enim
521 5040 605 5098 sunt
626 5043 845 5120 peccatores,
870 5030 934 5125 qui
950 5055 1006 5100 se·
1057 5055 1098 5102 ac
1114 5031 1266 5104 offertur
1278 5031 1407 5122 gratia,
1432 5053 1492 5104 seu
1505 5031 1664 5102 remissio
1680 5044 1920 5124 peccatorum,
1946 5026 2042 5096 salu—

35 5119 546 5236 curietvoleutesperseverant
561 5127 599 5197 in
614 5131 766 5221 peccatis
780 5145 905 5204 contra
919 5156 1005 5202 con·
1057 5133 1145 5205 taris
1162 5133 1377 5215 consolatio,
1410 5146 1447 5206 et
1469 5133 1660 5215 auxilium,
1693 5146 1798 5226 atque
1816 5129 1980 5200 liberatio
2003 5127 2042 5196 in
2088 5205 2093 5208 ,

33 5225 222 5308 suentium,
244 5249 307 5297 seu
323 5225 506 5301 manifesta
527 5231 720 5320 pertinacia
742 5235 899 5307 retinent
922 5257 1006 5325 pro·
1058 5235 1176 5306 verbis
1193 5237 1383 5308 iuramenti
1398 5230 1732 5306 diviniEzecbbin
1746 5229 1840 5302 Vivo
1854 5253 1934 5323 ego:
1955 5228 2041 5301 nolu

32 5324 172 5408 positum
187 5330 375 5418 peccandi,
399 5353 463 5422 nec
480 5331 608 5406 volunt
621 5356 722 5425 agere
735 5337 1006 5428 poenitentiam,
1056 5352 1206 5411 mortem
1225 5337 1436 5432 peccatoris,
1461 5339 1521 5408 sed
1538 5350 1579 5410 ut
1594 5347 1821 5408 convertatur
1835 5347 1868 5406 et
1884 5333 1992 5405 vivat.
