4662 5830
252 149 302 286 or
849 133 974 222 turn.
1002 136 1356 228 transsumam
1382 139 1684 238 exacuunt.
1799 157 1838 220 δ
2224 165 2268 250 ιι

251 327 336 398 tiles
351 340 491 413 tamen,
517 335 550 392 et
566 321 787 390 adversarios
802 309 997 414 pertinaces
1009 335 1045 395 et
1056 323 1240 394 insanabi-
1291 328 1420 420 rixari,
1446 335 1537 406 sicut
1561 337 1818 428 elegantissime
1838 337 1972 410 dictum
1995 350 2050 409 est
2072 335 2111 408 in
2136 337 2268 416 Graecis

252 429 313 498 les.
372 421 519 495 Necesse
548 437 600 494 est
623 435 742 493 autem
767 437 922 514 pastores
946 425 1078 495 servire
1099 425 1239 495 meliori
1290 435 1470 506 versibus:
1505 436 1655 528 Duobus
1678 439 1896 520 dicentibus,
1921 461 2001 510 cum
2021 440 2112 511 alter
2134 457 2183 512 est
2205 444 2267 514 ira·

251 525 362 622 parti,
376 527 439 596 ubi
455 549 523 594 vos
539 523 720 600 doctrinae
738 525 943 616 incorrupta
961 527 1093 598 refutat
1109 529 1238 597 adver·
1290 546 1367 617 tus,
1391 537 1454 631 qui
1472 563 1547 608 non
1562 541 1802 612 contratendit
1819 539 1992 625 dicendo,
2005 541 2200 634 sapientior
2212 563 2265 620 aar.

251 629 372 702 sarion.
425 623 471 697 Et
494 623 532 696 hi
553 624 757 696 discernant
777 627 973 696 maledicta.
1034 624 1117 698 Alia
1147 629 1238 698 lace·
1317 683 1320 692 .
1376 655 1481 718 Δννῑν
1502 651 1685 736 λννόννννν,
1706 657 1848 741 mg„
1868 657 2096 739 p„,„„g,„,

123 744 127 754 ’
249 743 331 802 rant
363 729 582 812 doctrinam,
619 727 688 798 alia
718 727 920 798 deformant
950 748 1139 820 personam
1173 733 1238 800 do·
1375 748 1457 838 6νῆ
1480 751 1663 822 (amm,
1683 767 1753 833 „24
1772 756 1883 842 2570„
1904 757 2104 846 νονννιννρνς,

334 857 344 899 ι
365 879 374 900 .

250 847 330 903 tem
347 854 563 1001 blandatum
581 943 633 1001 est
650 943 765 1000 antem
782 932 827 999 de
842 930 1004 1002 doctrina
1026 931 1237 1001 illustranda

249 1053 283 1105 et
299 1033 568 1128 propugnanda.
620 1037 657 1105 2.
673 1030 771 1103 Tim.
791 1033 840 1103 l.:
868 1029 1068 1102 Honestum
1094 1033 1237 1124 deposi-

248 1149 325 1207 tum
339 1133 477 1205 custodi
496 1129 747 1224 perspiritum
765 1146 937 1213 sanctum,
963 1128 1183 1205 habitantem
1199 1135 1238 1204 in

247 1237 363 1306 nobis.
422 1231 480 1304 Ad
513 1233 637 1304 Titum
667 1236 718 1308 l.:
752 1231 895 1322 Quibus
927 1235 1066 1326 oportet
1097 1258 1138 1305 os
1171 1238 1238 1304 ob-

248 1352 397 1410 struere.
451 1331 498 1405 Et
522 1335 673 1406 ibidem:
702 1333 915 1406 Convincito
931 1358 992 1404 eos
1006 1357 1137 1406 severe.
1189 1334 1238 1407 Et

246 1441 291 1509 ad
315 1438 439 1509 Titum
456 1439 511 1506 2.:
538 1434 751 1509 Convincito
774 1459 855 1506 cum
879 1436 978 1504 omui
1003 1437 1172 1528 imperio,
1197 1440 1234 1508 id

248 1555 318 1622 cst,
344 1538 562 1632 praecipiens
584 1558 746 1630 expressa
769 1538 1044 1623 asseveratione,
1070 1553 1110 1609 ut
1125 1541 1235 1610 verbo

247 1641 499 1714 assentiantur.
1142 1644 1151 1658 '

154 1823 165 1842 .
349 1741 514 1832 Pugnent
531 1751 648 1810 autern
673 1740 718 1808 de
735 1740 841 1810 rebus
856 1741 1082 1826 necessariis,
1107 1755 1142 1811 et
1159 1755 1233 1811 stu-

247 1845 356 1915 deant
369 1863 546 1913 assumere
560 1841 720 1910 inlrmos
735 1841 773 1908 in
791 1841 882 1926 tide,
897 1855 937 1913 ut
954 1841 1088 1912 Paulus
1104 1843 1232 1936 inquit,
1740 1929 1742 1936 Ι

244 1959 279 2015 et
296 1945 489 2034 adiungere
510 1944 694 2032 studeant,
722 1965 795 2011 non
818 1945 965 2013 turbent
987 1943 1232 2034 dissipationi·-
1336 1941 1417 2044 Qui
1433 1973 1499 2043 per
1519 1951 1694 2022 nuncium
1711 1949 1867 2022 stultum
1888 1953 1970 2048 agit
1992 1953 2198 2050 negocium,
2216 1965 2260 2025 est

243 2049 312 2118 bus
339 2045 662 2128 inextricabilibus,
703 2065 818 2136 neque
847 2044 1004 2114 alienent
1031 2046 1232 2119 acerbitate.
1391 2049 1486 2120 velut
1503 2048 1844 2151 clauduspedibus.

242 2145 385 2219 Privata
402 2161 518 2219 autem
538 2145 697 2215 convicia
713 2157 775 2215 aut
792 2147 948 2215 modeste
968 2146 1141 2238 refutent,
1169 2161 1228 2216 aut

241 2251 391 2320 omniuo
407 2258 648 2342 praetereant,
672 2246 763 2316 sicot
783 2246 821 2313 in
835 2244 976 2316 Psalmo
993 2246 1141 2318 dicitur:
1171 2247 1230 2317 Illi

239 2347 474 2423 detrahebant
487 2343 594 2432 mihi,
620 2369 683 2436 ego
701 2359 818 2416 autem
833 2349 989 2419 orabam.

344 2450 388 2521 In
403 2451 482 2521 aliis
497 2461 613 2518 autem
632 2447 778 2538 privatis
799 2449 1063 2537 congressibus,
1090 2447 1229 2520 Docto-

239 2575 297 2625 res
312 2568 347 2624 et
362 2552 424 2622 alii
441 2551 665 2622 considerent
689 2549 895 2618 discrimina
918 2551 1135 2622 auditorum.
1187 2549 1228 2622 si

237 2659 370 2726 adsunt
384 2652 580 2742 sanabiles,
602 2664 696 2720 recte
712 2648 919 2722 doceantur.
960 2649 1001 2722 si
1016 2651 1095 2743 quis
1110 2665 1225 2722 autern
1332 2664 1487 2766 Anisa
1501 2667 1651 2768 forma,
1665 2693 1774 2766 opu„
1799 2666 1855 2738 Eg
1877 2665 2080 2742 mudum„
2103 2669 2255 2750 smum,

240 2757 368 2828 incidit
391 2755 429 2825 in
453 2755 595 2827 turbam
625 2751 879 2835 insanabilem,
911 2765 952 2822 ut
977 2749 1126 2822 loannes
1145 2777 1226 2822 cum
1383 2765 1550 2840 conduci,
1566 2779 1850 2868 νοννννννννννννννννν
1865 2789 1968 2867 opu,
2043 2829 2046 2836 y

237 2859 278 2928 in
296 2859 424 2930 balneo
439 2856 593 2926 venisset
607 2857 650 2923 ad
659 2848 847 2923 Chesinthi
863 2854 1017 2937 turbam,
1034 2849 1092 2922 hic
1107 2869 1226 2924 osten·
1766 2890 1770 2898 ,

238 2983 276 3030 sa
303 2959 545 3036 confessione,
579 2979 625 3024 ne
649 2956 814 3026 videatur
837 2977 917 3023 cum
940 2954 1012 3023 illis
1033 2956 1226 3040 colludere,

238 3061 523 3158 quamprimum,
557 3058 587 3126 si
610 3068 744 3148 potest,
776 3055 936 3126 discedat
958 3058 1004 3124 ab
1026 3055 1097 3141 eis,
1129 3057 1225 3127 iuxta

237 3163 390 3234 dictum:
424 3159 651 3230 Haereticum
675 3153 856 3226 bominem
882 3169 960 3247 post
982 3182 1091 3227 unam
1119 3171 1225 3251 atque

188 3263 190 3268 ’
236 3265 384 3335 alteram
401 3261 682 3333 admonitionem
696 3259 825 3342 vitato,
853 3254 1140 3328 Sicutlohaunes
1153 3275 1224 3328 sta·

236 3366 303 3439 tim
327 3391 369 3436 ex
392 3365 776 3452 balneoegressnscst.
828 3358 938 3445 Item,
963 3359 1016 3430 Ne
1036 3361 1225 3432 detissan-
1369 3432 1379 3448 ‚
1421 3431 1467 3448 ..
1584 3433 1590 3446 ¹
1704 3432 1713 3448 ‚
2080 3434 2088 3450 ι

236 3481 332 3542 „um
353 3467 518 3538 ,anum
1279 3430 1432 3500 Plurnnr
1456 3434 1593 3503 indocta
1613 3445 1880 3550 conncronatores
1896 3446 2000 3518 suut,
2027 3457 2090 3525 qur
2112 3431 2250 3501 adulan-

339 3567 551 3640 Praesertim
565 3579 681 3636 autem
698 3565 811 3646 decet,
837 3563 972 3652 privata
988 3565 1147 3634 convicia
1162 3578 1224 3636 aut
1279 3547 1338 3605 ¹⁰¹¹
1354 3534 1459 3622 ”¹¹3⁰
1474 3548 1535 3603 ³¹¹²
1551 3534 1767 3624 P⁰le¹¹l¹b¹¹⁸·

234 3695 311 3742 uon
332 3671 507 3754 refutare,
540 3668 631 3737 sicut
654 3664 775 3752 David
797 3665 924 3744 tacuit,
952 3690 1030 3733 curn
1055 3666 1087 3736 ei
1113 3667 1224 3736 male·
1379 3651 1553 3720 Traditur
1576 3672 1659 3739 “8⁰
1682 3647 1740 3720 hle
1763 3651 1978 3735 fldffl⁰¹¹l¹l⁰2
2006 3675 2096 3744 (1⁰³⁰
2116 3651 2157 3718 td
2176 3667 2248 3764 ΡΝ·

235 3771 369 3844 diceret
384 3769 519 3844 Semei:
548 3782 608 3838 aut
625 3766 747 3858 paucis
770 3766 937 3838 refutare.
989 3764 1038 3837 Et
1063 3770 1222 3856 exempla
1278 3753 1434 3824 dentiam
1452 3753 1624 3843 Perllssels
1649 3765 1687 3822 tlt
1705 3753 1883 3842 eligantur
1898 3753 1936 3820 in
1955 3753 2113 3845 qualibet
2130 3774 2165 3818 re
2180 3749 2248 3814 rdo-

234 3875 347 3944 rnulta
363 3887 447 3942 sunt
468 3853 678 3960 magnorum
696 3867 996 3956 gubernatorum,
1018 3868 1080 3960 qui
1099 3870 1222 3937 ronvi.
1276 3855 1348 3927 nei.
1402 3854 1518 3924 Simul
1539 3855 1644 3923 etiam
1670 3855 1885 3947 praecipitur
1902 3847 1959 3922 bis
1973 3855 2035 3946 qui
2052 3852 2248 3945 profitentur
2307 3919 2308 3938 ν

209 3976 288 4046 ‘cia
303 3974 593 4060 dissimularunt,
620 3984 660 4040 ut
675 3968 846 4052 Pericles,
872 3967 1023 4049 Fabius,
1050 3968 1171 4060 Scipio
1188 3985 1222 4041 ct
1276 3974 1386 4039 artes,
1408 3979 1454 4024 ¹¹⁸
1480 3955 1551 4025 ⁸5⁰1
1573 3955 1784 4044 i¹¹¹lt⁰⁵l⁰ttt⁵
1807 3970 1868 4026 ³1¹1
1890 3956 2108 4039 atdellfflttsss
2137 3951 2192 4067 W}
2212 3959 2246 4014 ¹¹²

234 4077 298 4146 alii
311 4079 483 4150 fecerunt.
532 4071 808 4146 Lacedaemonii
824 4072 1023 4140 docuerunt
1039 4073 1221 4159 provocati
1275 4056 1408 4127 paulin
1429 4056 1569 4149 inquil,
1594 4055 1846 4142 ‘lsslFid21032
1873 4057 1908 4124 ld
1936 4069 2007 4137 0⁵²,
2035 4069 2126 4128 recle
2147 4059 2245 4121 ⁵⁶¹⁸¹¹l

233 4177 485 4266 aMardonio,
501 4178 564 4269 qui
580 4197 659 4244 cum
675 4173 786 4244 sactus
805 4186 893 4242 esset
905 4171 1117 4242 insolentior
1134 4197 1220 4264 pro·
1275 4172 1364 4229 tries
1389 4181 1476 4251 quas
1499 4157 1729 4248 profitentur,
1753 4170 1788 4229 et
1811 4161 1849 4227 in
1866 4181 1932 4228 usu
1957 4168 2134 4250 praestent
2152 4151 2244 4270 isdem
2306 4259 2307 4272 ν

233 4291 315 4371 pter
337 4278 520 4349 silentium
544 4274 928 4357 Lacedaemoniorum,
961 4272 1077 4366 inquit
1102 4275 1221 4346 Hero·
1274 4276 1308 4332 et
1324 4259 1556 4349 diligentiam.
1606 4255 1703 4328 llaec
1728 4262 1848 4330 omnia
1869 4261 2117 4352 complectitur
2136 4265 2244 4371 attint,
2306 4277 2307 4291 ¹

232 4385 359 4465 dotus,
385 4400 466 4450 eum
483 4377 613 4448 elatum
631 4400 704 4446 esse
726 4379 856 4472 ψυχρῇ
872 4367 979 4468 νίκῃ,
1006 4361 1044 4444 id
1058 4389 1128 4456 ost,
1153 4378 1220 4446 fri.
1274 4386 1365 4456 quae
1385 4361 1600 4430 nominatur
1623 4354 1839 4446 Sedulitos,
1870 4385 1960 4453 quae
1983 4374 2036 4432 est
2053 4379 2181 4453 proptu
2197 4347 2243 4464 ol-

231 4483 315 4574 gida
333 4480 494 4552 victoria.
544 4475 592 4550 Et
611 4478 649 4547 io
672 4477 766 4547 libro
781 4476 957 4548 Herodoti
980 4478 1137 4548 narratio
1162 4504 1220 4548 re.
1275 4464 1343 4534 ficii
1369 4486 1430 4533 seu
1454 4463 1651 4534 vocationis
1672 4488 1780 4557 opera
1804 4480 1839 4536 et
1863 4461 2063 4553 intelligere
2086 4473 2119 4530 ct
2141 4451 2242 4526 fiden-

232 4585 362 4656 citatnr
376 4585 420 4653 de
434 4581 611 4674 Spartano
625 4579 761 4670 legato,
789 4577 850 4670 qui
875 4573 1006 4647 Geloni
1024 4576 1145 4650 Siculo
1159 4605 1219 4652 su·
1274 4580 1328 4638 ¹²¹*
1343 4567 1468 4635 facete·
2305 4577 2306 4628 t

231 4687 341 4778 perbe
361 4684 607 4775 responderat,
633 4673 797 4752 adhunc
821 4677 939 4750 Gelon
961 4679 1096 4774 inquit:
1130 4680 1219 4752 Pro·
1374 4681 1457 4754 Huc
1483 4685 1663 4775 pertinent
1691 4682 1801 4754 dicta:
1842 4681 1961 4772 Quam
1988 4681 2134 4778 quisque
2157 4665 2240 4742 norit

230 4788 295 4858 bra
318 4787 459 4858 obiecta·
479 4777 618 4854 bomini
649 4784 765 4856 solent
788 4781 878 4850 iram
910 4784 1117 4852 accendere:
1160 4783 1220 4854 Tu
1273 4799 1403 4870 artem,
1427 4787 1466 4854 in
1487 4779 1554 4855 bae
1577 4809 1613 4854 se
1638 4799 1806 4859 exerceat.
1857 4783 1965 4857 Item:
1997 4781 2170 4874 Quodque
2184 4793 2239 4870 pt·
2304 4845 2305 4876 ν

232 4914 317 4958 vero
337 4887 401 4960 etsi
418 4885 632 4958 contumelia
649 4910 705 4956 me
718 4885 755 4952 in
773 4906 936 4952 sermone
954 4883 1119 4970 affecisti,
1145 4911 1220 4954 non
1274 4887 1608 4972 rumnovit,nemo
1629 4888 1754 4955 docere
1777 4900 1901 4978 potest.
1938 4886 2044 4958 Item:
2073 4876 2239 4952 Atiudest

233 5003 352 5061 tamen
369 4988 614 5082 persuadebis,
643 5000 683 5057 ut
699 4986 865 5056 indecora
880 4985 1025 5071 faciam,
1051 5010 1220 5080 compen·
1273 5001 1469 5079 sceptrum,
1485 4988 1581 5059 aliud
1599 5002 1649 5057 est
1666 4989 1850 5081 plectrum.
1894 4987 2001 5061 Item:
2026 4981 2161 5058 τέκτων
2173 4965 2242 5088 yda

231 5094 344 5162 tando
359 5090 528 5164 convIcia.
1274 5083 1329 5163 uir
1348 5087 1521 5186 ἔπραττες
1542 5087 1586 5161 οὐ
1610 5085 1854 5188 ξυλουργικᾶ,
1891 5091 2020 5176 idest,
2051 5087 2147 5156 faber
2174 5097 2237 5143 en-
2303 5177 2304 5190 ν

332 5191 516 5264 Praeterea
540 5191 738 5286 plerunque
769 5187 821 5256 ira
848 5187 1083 5280 impelluntur
1103 5185 1224 5260 horni-
1273 5207 1387 5275 stens,
1418 5215 1492 5264 non
1522 5193 1674 5263 faciebas
1702 5194 1855 5268 fabrilia.
1914 5191 2002 5262 Item
2024 5179 2233 5278 Phocylides:
2303 5207 2304 5250 ι

1391 872 1555 970 Denique
1579 879 1622 946 de
1648 878 1793 970 privatis
1816 877 1988 949 curtriciis
2005 879 2121 950 simus
2142 903 2265 952 memo·

1290 994 1346 1043 res
1359 975 1445 1047 dicti
1454 976 1561 1061 Petri,
1578 981 1610 1051 l.
1620 977 1694 1052 Pet.
1706 979 1759 1052 3.:
1785 977 2064 1051 Nonrcddentes
2079 983 2264 1054 convicium

1290 1099 1355 1168 pro
1370 1079 1543 1154 convicio.
1591 1077 1670 1149 Hoc
1686 1081 1791 1150 etiam
1809 1081 2100 1166 meminerimus,
2126 1082 2164 1150 in
2179 1087 2264 1156 relu-

1290 1177 1424 1248 tatione
1441 1204 1515 1249 non
1535 1195 1674 1252 tantum
1689 1181 1835 1253 alterius
1852 1196 1965 1253 errata
1982 1178 2263 1275 reprehendenda

1289 1302 1384 1364 esse,
1405 1281 1465 1350 sed
1490 1281 1595 1352 etiam
1612 1283 1811 1354 doctrinam
1832 1283 2070 1354 ‘necessariam
2094 1288 2262 1378 perspicua

1288 1383 1553 1452 adseveratione
1574 1386 1842 1476 proponendam
1869 1408 1962 1470 esse,
1987 1384 2165 1478 quianon
2191 1390 2262 1460 satis

1288 1495 1357 1567 est,
1379 1485 1578 1554 academico
1595 1509 1693 1554 more
1712 1485 1954 1555 contradicere
1973 1488 2073 1567 aliis,
2098 1491 2260 1559 sedetiam

1287 1587 1547 1654 ostendendum
1563 1600 1632 1672 cst,
1660 1586 1748 1678 quid
1762 1587 1987 1657 sentiendum
2011 1589 2074 1672 sit,
2100 1589 2186 1660 sicut
2200 1589 2261 1660 De·

1288 1678 1488 1755 mosthenes
1510 1702 1651 1772 monet,
1679 1711 1757 1756 cum
1784 1689 1918 1782 inquit:
1947 1687 2123 1786 ἐπιτιμᾷν
2137 1685 2261 1770 παντός

1286 1781 1383 1874 ἐστὶ,
1409 1782 1681 1882 συμβουλεύειν
1695 1785 1733 1862 d'
1751 1785 1797 1864 οὐ
1812 1781 1964 1871 παντός.

1383 2181 1559 2274 Congruit
1579 2209 1658 2256 eum
1681 2183 1896 2271 Homerico,
1922 2191 2018 2280 qnod
2046 2190 2167 2260 laudat
2183 2188 2258 2258 Pin-

1283 2283 1575 2458 ppruszndiodlds‘
1596 2281 1661 2360 seui
1681 2282 1725 2359 cd
1747 2284 1940 2380 τέτυκται,
1966 2285 2019 2362 ὅτ)
2037 2287 2189 2388 ἄγγελος
2208 2291 2256 2361 αἴ.

1319 2409 1375 2479 μα
1389 2413 1419 2456 ει
1446 2414 1480 2480 η.

1366 2503 1525 2563 Commoda
1546 2505 1702 2598 resvelde
1726 2516 1788 2584 est,
1806 2509 1903 2602 sapiat
1921 2509 1950 2568 si'
1966 2510 2089 2569 nuncios
2110 2510 2179 2588 ipse.

1325 2924 1328 2930 ’
1381 2921 1658 2996 Iurisconsultus
1682 2921 1818 3018 inquit:
1851 2923 1985 3015 Magna
2014 2939 2067 2997 est
2094 2921 2252 2996 artificum

1281 3025 1497 3096 differentia.
1556 3023 1606 3096 Et
1629 3025 1741 3094 multa
1764 3041 1849 3098 sunt
1872 3027 1965 3096 dicta
1980 3021 2039 3097 'de
2063 3023 2252 3096 discrimine

1280 3128 1475 3209 artificum,
1507 3129 1552 3197 de
1576 3127 1829 3220 impostoribus
1856 3129 1891 3197 et
1913 3129 2171 3212 ardelionibus,
2199 3124 2252 3216 qui
2309 3209 2310 3226 ,

1279 3252 1315 3297 se
1339 3229 1524 3300 venditant
1545 3252 1608 3320 pro
1633 3227 1844 3313 artificibus,
1870 3253 1950 3298 cum
1976 3253 2052 3299 non
2074 3227 2154 3298 sint.
2204 3224 2252 3306 Ut,

1280 3330 1427 3418 plurimi
1445 3345 1527 3401 sunt
1542 3331 1763 3420 impostores,
1780 3331 1843 3423 qui
1860 3331 1985 3401 volunt
2000 3331 2114 3400 videri
2128 3328 2251 3398 medici.

144 5263 146 5268 ,
233 5319 297 5366 nes
318 5297 361 5367 ad
383 5295 554 5367 convicia.
614 5290 781 5366 Stulticia'
801 5303 853 5362 est
877 5308 994 5364 autem
1019 5315 1098 5362 cnm
1131 5293 1221 5366 irato
1266 5289 1320 5390 μὴ
1344 5285 1432 5368 πότε
1454 5287 1530 5394 yoip
1559 5289 1701 5393 κρίνειν
1729 5287 1949 5389 &deriperas
1969 5286 2110 5387 ἄνδρας
2130 5271 2234 5366 edors·
2303 5263 2304 5339 l
