4714 5826
240 113 314 186 103
347 119 350 124 ’

834 105 961 180 eutr.
987 105 1102 183 uun.
1130 105 1340 180 semera
1368 104 1667 216 uxucnrtca

2106 217 2112 228 Ι
2191 113 2266 188 ιοι

239 283 411 357 humano.
459 279 524 366 ¹Er
556 278 623 354 hac
652 282 889 354 declaratione
918 281 1068 372 intelligi
1101 295 1226 372 potest,
1277 277 1487 353 Prometheo
1503 281 1606 350 affixo
1622 284 1666 350 ad
1677 239 1893 368 Caucasum,
1920 285 1963 353 dc
1974 273 2129 377 Sisypho
2144 307 2267 354 saxum

241 384 334 460 hanc
353 383 595 457 narrationem
617 385 658 454 in
671 398 768 456 testu
782 387 826 455 ad
844 385 1022 479 querelam
1039 386 1227 476 pertinere,

243 491 281 560 id
309 503 379 575 est,
412 486 685 578 descriptionem
714 509 786 556 cese
809 487 1030 556 miseriarum
1053 481 1227 556 humana-

241 615 324 661 rum
348 590 456 659 simili
477 591 583 658 modo
604 588 881 673 recurrentium,
913 587 1005 658 sicot
1026 600 1062 658 et
1082 583 1229 682 Thucy·

245 693 347 766 dides
367 689 502 784 inquit:
529 690 669 760 Similia
692 690 852 761 accidere
873 692 987 759 donec
1006 705 1148 762 maneat
1172 713 1229 758 ea-

245 796 327 864 dem
361 787 548 861 hominum
578 799 724 876 natura,
765 791 853 861 alias
877 791 1067 886 'aliquanto
1098 791 1231 870 mitius,

248 895 336 965 alias
365 894 548 987 aliquanto
575 893 731 963 atrocius
753 905 794 963 ut
816 893 937 964 ferunt
958 893 1231 964 cicumstantiae‘.

247 994 448 1067 Necessaria
469 1007 521 1064 εει
538 1007 656 1065 autem
677 989 764 1063 haec
787 994 1041 1080 consideratio,
1069 1009 1109 1066 ut
1131 1017 1232 1085 prae-

248 1096 377 1167 moniti
397 1118 644 1187 praeparemus
665 1117 732 1165 nos
748 1098 792 1165 ad
810 1096 974 1166 ferendos
992 1099 1159 1166 adversus
1174 1118 1233 1166 ca-

201 1201 202 1204 ’
250 1219 329 1281 ειιε,
362 1211 396 1266 ει
417 1194 568 1276 sciamus
589 1219 610 1265 a
629 1193 708 1266 Deo
730 1199 922 1288 petendum
944 1197 1116 1269 auxilium
1139 1210 1174 1268 et
1196 1197 1233 1264 in

250 1293 292 1372 eo
321 1299 634 1392 acquiescendum,
670 1299 733 1391 qui
763 1298 978 1368 calamitates
1001 1314 1036 1369 et
1059 1296 1237 1370 Ecclesiae

251 1415 286 1471 et
305 1399 470 1491 privatim
492 1399 748 1490 invocantibus¹
758 1400 911 1491 mitigat,
937 1415 970 1470 et
987 1424 1061 1469 oon
1077 1402 1237 1470 accendit

251 1515 362 1573 totam
382 1501 471 1570 iram
493 1523 626 1574 suam.¹
670 1495 801 1572 Obiter
822 1515 939 1572 autem
964 1503 1152 1572 observent
1178 1498 1237 1570 hic

251 1602 401 1675 studiosi
423 1602 535 1691 dicta,
562 1625 653 1695 quae
675 1602 869 1688 affirmant,
895 1602 1044 1674 Terram
1069 1618 1178 1687 stare,
1204 1617 1238 1673 et

251 1704 372 1777 Solem
393 1702 549 1782 moveri.
612 1700 775 1775 Caeteras
797 1699 960 1799 physicas
983 1707 1239 1796 disputationes

252 1805 389 1882 omitto,

234 2019 240 2031 ¹
293 2039 393 2146 ,Ego
407 2038 650 2112 Ecclesfosfes
659 2040 730 2141 sei
744 2064 810 2112 rex
825 2039 865 2110 in
883 2036 1089 2113 Ierusalem
1107 2050 1170 2118 etc.

355 2210 516 2282 Primum
539 2205 597 2280 hic
620 2209 709 2282 scias
726 2211 953 2312 Salomonem
975 2235 1050 2279 uon
1072 2213 1171 2304 loqui
1196 2214 1241 2281 de

255 2310 400 2408 physica
423 2311 705 2384 consideratione
712 2362 725 2396 ,
751 2313 790 2379 iu
813 2336 880 2405 qua
902 2311 933 2380 si
956 2312 1014 2380 fiat
1029 2313 1147 2380 sobrie
1163 2315 1239 2381 ani-

255 2414 454 2484 madversio
470 2413 609 2483 ordinis
624 2425 657 2482 et
674 2413 759 2483 artis
774 2413 812 2480 in
828 2413 968 2503 opificio
986 2413 1130 2498 mundi,
1156 2415 1242 2483 illu-

256 2516 342 2587 stria
359 2515 560 2584 testimouia
574 2516 619 2583 de
633 2511 709 2584 Deo
725 2527 759 2583 ει
775 2515 819 2583 de
834 2513 1056 2604 providentia
1072 2515 1239 2584 ostendit.

257 2617 327 2688 Sed
356 2616 517 2710 loquitor
537 2613 708 2686 Salomon
735 2617 780 2684 de
801 2613 1069 2705 Sapientia,..id
1092 2630 1163 2699 est,
1198 2618 1241 2682 de

256 2717 540 2788 consideratione
556 2717 800 2802 consiliorum,
818 2717 997 2786 actionum
1008 2730 1042 2785 et
1050 2731 1239 2786 eventuum

256 2820 295 2890 in
317 2818 574 2912 gubernatione
597 2813 774 2902 humana,
799 2817 943 2908 politica
962 2817 1019 2886 vel
1038 2819 1242 2888 oeconomi-

257 2945 307 2996 ca.
357 2919 443 2990 ldeo
463 2943 622 3011 expresse
642 2919 748 2999 dicit,
775 2941 812 2988 sc
832 2918 1072 2988 considerasse
1095 2943 1241 3013 eaquae

256 3035 339 3092 sunt
361 3023 427 3092 sub
442 3019 545 3101 Sole,
579 3020 617 3089 id
640 3033 691 3090 est
738 3019 885 3091 consilia
906 3033 940 3090 et
965 3017 1111 3090 eventus
1133 3022 1241 3090 actio-

256 3145 345 3192 num
359 3117 615 3205 humanarum,
640 3136 681 3192 ut
690 3074 862 3203 liericles,
887 3116 1155 3206 Demosthenes,
1179 3121 1241 3192 Ci-

257 3248 358 3308 cero,
390 3235 474 3294 suut
498 3223 672 3313 sapientes
694 3224 958 3313 gubernatores.
1024 3225 1074 3291 De
1100 3225 1162 3296 tali
1186 3247 1241 3292 sa-

256 3325 391 3418 pientia
404 3320 464 3394 hic
476 3325 636 3418 loquitur
649 3323 839 3409 Salomon,
867 3321 957 3418 hanc
972 3325 1084 3415 ipsam
1100 3325 1241 3416 sapien-

229 3447 234 3458 ·
257 3427 343 3497 tiam
357 3449 419 3497 seu
432 3424 707 3499 deliberationes
723 3427 763 3497 in
778 3426 1052 3517 gubernatione,
1078 3428 1242 3498 nominat

257 3529 390 3598 malam·
416 3527 665 3614 afflictionem,
696 3543 731 3600 et
759 3527 859 3597 addit
888 3523 1094 3600 hominibus
1117 3553 1135 3598 a
1161 3529 1241 3600 Deo

256 3632 374 3701 datam
389 3653 472 3703 esse.
523 3627 620 3700 Haec
634 3631 802 3699 videntur
815 3630 985 3712 absurda,
1010 3633 1070 3698 sed
1087 3631 1240 3719 primum

258 3732 503 3802 discernantur
523 3731 681 3816 vocatio,
707 3744 741 3801 et
765 3731 839 3820 ipsa
860 3728 1007 3800 Periclis
1028 3732 1084 3798 vel
1098 3729 1241 3801 Cicero-

258 3833 315 3902 nis
339 3832 508 3920 sapientia
533 3855 599 3916 seu
616 3831 836 3924 gubernatio.
889 3829 1038 3901 Vocatio
1062 3835 1155 3903 hona
1178 3848 1242 3917 est,

259 3950 307 4006 et¹
323 3959 345 4004 a
365 3931 441 4004 Deo
470 3935 655 4018 ordinata,
688 3936 748 4004 sed
771 3934 833 4003 illa
858 3933 1028 4021 sapientia
1051 3935 1178 4004 rectrix
1203 3936 1248 4003 in.

258 4034 411 4120 Pericle,
444 4049 496 4108 est
525 4036 671 4106 afflictio
700 4036 793 4105 mala
817 4035 1019 4129 dupliciter.
1079 4033 1239 4107 Primum

181 4213 187 4224 ,
258 4160 365 4229 quam
384 4160 486 4228 saepe
505 4149 597 4220 errat
618 4137 658 4206 in
677 4137 855 4223 consiliis,
881 4136 1012 4206 deinde
1036 4138 1117 4230 quia
1135 4138 1240 4208 etiam

256 4237 363 4308 bonis
377 4238 533 4308 consiliis
549 4261 652 4330 saepe
666 4262 741 4310 uon
757 4239 974 4329 respondent
988 4253 1147 4330 eventus.
1177 4235 1241 4310 Est

257 4339 367 4428 igitur
387 4339 550 4424 afflictio,
576 4340 614 4409 id
635 4354 705 4426 εει,
731 4363 844 4430 poena
860 4363 920 4431 seu
935 4341 1127 4425 cruciatus,
1151 4340 1241 4411 sicut

256 4435 511 4511 Demosthenes
540 4442 678 4535 inquit,
711 4439 757 4512 Se
783 4443 889 4512 malle
910 4456 1003 4513 recta
1026 4444 1071 4512 ad
1093 4457 1240 4512 mortem

257 4554 326 4628 ire,
349 4545 455 4634 quam
478 4545 523 4614 ad
542 4566 699 4614 summos
715 4537 891 4630 honores,
913 4545 943 4612 si
960 4559 1115 4614 retexere
1131 4545 1239 4614 vitam

257 4645 393 4714 liceret:
420 4657 455 4714 ct
471 4639 665 4715 Aeschines
685 4645 752 4726 ait,
779 4641 946 4716 Gaudere
968 4669 1004 4714 se
1028 4647 1241 4735 agoberna-

258 4747 356 4817 tione
374 4746 510 4816 voluta
526 4748 665 4818 rabiosa
683 4770 768 4817 canc
785 4747 973 4817 liberatum
993 4771 1077 4818 esse.
1129 4745 1241 4818 Deni-

259 4871 333 4942 que·
356 4870 480 4918 omnes
507 4851 697 4939 prudentes
720 4849 987 4940 patresfamilias
1009 4862 1043 4920 ct
1065 4851 1241 4941 guberna-

257 4963 351 5020 tores
378 4949 535 5022 scntiunt
562 4953 703 5045 plenam
734 4973 807 5021 esse
835 4951 1130 5042 gubernationem
1165 4978 1240 5022 non

260 5064 396 5121 tantum
433 5075 617 5139 curarum,
659 5055 721 5123 sed
756 5053 861 5124 etiam
893 5053 1240 5143 impedimentorum,

259 5177 438 5237 errorum,
462 5155 617 5226 tristium
641 5169 855 5236 eventuum,
881 5177 971 5249 quae
995 5155 1115 5226 omnia
1138 5159 1241 5227 valde

259 5254 416 5328 cruciant
435 5255 583 5336 animos.
633 5255 729 5331 Hinc
745 5258 805 5331 illa
822 5259 985 5352 po'dmata
1001 5258 1080 5328 licta
1096 5273 1179 5330 sunt
1197 5262 1241 5330 de

1279 385 1464 467 volvente,
1491 397 1525 452 et
1541 383 1681 454 similia.
2023 459 2029 464 ,

1382 484 1452 556 Sed
1463 508 1533 554 cur
1545 485 1652 569 dicit,
1679 484 1781 556 aDeo
1796 482 1889 556 hanc
1905 485 2134 556 afflictionem
2150 489 2272 556 datam

1280 587 1377 658 esse?
1427 583 1658 677 Respondent
1686 585 1913 658 Generaliter
1926 611 2049 657 verum
2066 602 2128 671 εει,
2154 585 2271 656 Deum

1281 689 1373 759 velle
1403 710 1573 779 poenam,
1608 711 1833 782 nequaquam
1862 705 1981 762 tamen
2004 690 2089 758 inde
2110 692 2273 782 sequitur

1280 790 1397 862 Deum
1428 812 1568 860 causam
1598 813 1671 860 esse
1697 791 1842 882 peccati.
1901 790 1990 862 Vult
2013 790 2134 880 puniri
2156 790 2274 862 Nero-

1283 916 1386 976 nem,
1419 915 1483 961 uec
1506 905 1626 961 tamen
1649 893 1723 984 ipse
1748 893 1901 984 impellit
1923 917 2002 963 eum
2025 895 2071 962 ad
2094 891 2157 964 illa
2181 907 2274 964 tetra

1284 994 1433 1077 scelera,
1459 994 1520 1062 sed
1542 994 1628 1063 sinit
1653 1019 1733 1064 eum
1755 1018 1867 1068 ruere.
1926 993 1977 1063 lta
2004 989 2063 1063 hic
2087 994 2192 1085 plana
2214 1020 2275 1064 re-

1285 1095 1429 1186 sponsio
1451 1107 1520 1180 est,
1543 1094 1639 1166 Deus
1655 1097 1741 1166 sinit
1757 1118 1873 1164 errare
1888 1097 2159 1184 gubernatores,
2186 1099 2276 1166 sinit
2350 1125 2351 1130 ¹

1286 1198 1443 1267 accidere
1457 1198 1709 1288 impedimenta
1726 1213 1761 1268 et
1775 1197 1891 1267 tristes
1907 1211 2070 1282 eventus,
2094 1211 2134 1268 ut
2148 1201 2277 1286 puniat

1287 1296 1477 1369 humanam
1496 1299 1738 1368 temeritatem.
1792 1297 1899 1378 Item,
1925 1312 1966 1368 ιιι
1981 1301 2277 1370 commonefaciat

1288 1401 1444 1494 aliquos,
1470 1423 1515 1468 ne
1532 1401 1775 1492 obsequantur
1788 1400 2061 1488 cupiditatibus,
2086 1401 2277 1471 ambitioni

1289 1516 1350 1572 aut
1367 1501 1581 1572 curiositati.
1609 1505 1667 1571 sed
1687 1516 1726 1572 ut
1739 1515 1875 1572 mentes
1891 1503 1930 1570 in
1947 1502 2132 1573 vocatione
2149 1527 2276 1592 regan·

1290 1617 1348 1674 tur
1377 1605 1487 1673 verbo
1510 1600 1594 1687 Dei,
1624 1618 1657 1673 et
1685 1603 1778 1673 intra
1803 1627 1861 1671 eas
1884 1618 1993 1673 metas
2012 1604 2278 1688 contineantur,

1290 1719 1410 1796 petant
1430 1719 1464 1774 ει
1485 1719 1667 1796 expectent
1680 1706 1853 1784 secundos
1868 1719 2012 1774 eventus
2026 1728 2047 1773 a
2060 1706 2158 1788 Deo,
2185 1721 2219 1775 et
2237 1708 2277 1774 in

1291 1807 1451 1876 tristibus
1473 1807 1658 1877 eventibus
1680 1803 1757 1875 Deo
1780 1808 2034 1897 obtemperent.
2087 1804 2197 1876 losias
2219 1809 2277 1874 in-

1292 1910 1361 1978 fert
1384 1909 1518 1978 bellum
1532 1906 1708 2001 Aegyptio
1730 1931 1804 1976 uon
1821 1909 2069 1978 necessarium.
2122 1907 2278 1976 Pericles

1291 2024 1410 2080 movet
1425 2009 1556 2078 bellum
1575 2009 1822 2102 inquietudine
1836 2009 1947 2078 animi
1961 2023 1996 2078 ει
2011 2011 2279 2106 πολυπραγμο-

1292 2103 1399 2203 σύνῃ.
1462 2108 1599 2180 Marius
1622 2111 1827 2182 ambitione.
1885 2107 1935 2178 Hi
1958 2125 2077 2180 errant
2099 2111 2137 2178 in
2159 2113 2279 2178 consi-

1292 2213 1360 2282 liis.
1413 2212 1524 2302 Saepe
1539 2237 1621 2282 vero
1636 2213 1740 2283 ctiam
1752 2213 1857 2281 bonis
1872 2212 2029 2282 consiliis
2043 2235 2117 2280 uon
2129 2235 2280 2302 respon-

1292 2316 1378 2383 dent
1407 2329 1570 2397 eventus,
1602 2328 1641 2384 ιιι
1666 2313 1844 2382 Ιειειὸιίιεε
1876 2335 1976 2403 saepe
2000 2313 2188 2382 infeliciter
2211 2339 2280 2405 pu-

1292 2429 1402 2502 gnant
1425 2416 1529 2484 etiam
1554 2417 1593 2482 in
1617 2437 1717 2482 causa
1742 2414 1951 2495 iustissima,
1973 2426 2106 2483 utrum
2125 2414 2282 2484 vincun-

1292 2529 1352 2583 tur
1371 2539 1389 2583 a
1406 2513 1637 2596 Beniamitis,
1660 2516 1742 2606 quia
1758 2512 1854 2584 D'cus
1872 2514 2013 2583 volebat
2026 2529 2196 2608 utrosque
2211 2541 2282 2607 pu-

1293 2617 1376 2688 niri.
1426 2615 1513 2684 Vult
1541 2615 1645 2684 ctiam
1678 2618 1820 2699 docere,
1852 2639 1898 2684 ne
1927 2617 2048 2684 confisi
2076 2631 2196 2686 nostra
2222 2640 2283 2687 sa-

1293 2717 1424 2807 pientia
1454 2729 1515 2786 aut
1537 2716 1694 2809 potentia
1713 2739 1918 2786 moveamus
1941 2739 2094 2786 resnou
2118 2741 2281 2790 neccssa-

1293 2819 1374 2891 rias.
1427 2815 1532 2903 ltcm',
1559 2833 1599 2888 ut
1621 2819 1659 2886 io
1679 2818 1882 2887 necessariis
1899 2818 2008 2888 simus
2024 2813 2197 2903 humiles,
2225 2821 2281 2889 fa-

1293 2934 1430 2990 teamur
1451 2943 1515 2988 nos
1530 2943 1679 3010 poenam
1698 2920 1842 2988 meritos
1860 2941 1942 2988 esse.
1998 2919 2105 3002 ltem,
2130 2920 2197 2989 tide
2217 2945 2282 3012 pe-

1293 3036 1407 3091 tamus
1429 3036 1463 3090 et
1478 3034 1697 3111 expectemus
1713 3023 1825 3090 bonos
1843 3035 1988 3091 eventus
2004 3047 2022 3090 a
2038 3019 2125 3091 Deo.
2181 3019 2284 3107 ltem,

1293 3136 1333 3193 ut
1346 3119 1422 3191 Deo
1445 3124 1724 3213 obtemperemus
1747 3124 1851 3192 etiam
1875 3147 1954 3206 cum
1978 3146 2044 3191 uos
2065 3123 2188 3212 punit,
2215 3149 2284 3193 nec

1293 3226 1353 3293 dat
1376 3215 1522 3294 eventus
1540 3224 1660 3317 quales
1676 3238 1850 3315 optamus.
1871 3257 1876 3274 ·
1903 3223 1945 3293 ln
1962 3219 2053 3292 hanc
2068 3225 2283 3294 sententiam

1293 3326 1411 3417 iuquit
1430 3320 1523 3395 hanc
1545 3325 1772 3396 afflictionem
1794 3325 1968 3395 divinitus
1987 3325 2188 3416 impositam
2206 3349 2284 3395 csse

1293 3426 1415 3517 generi
1429 3423 1605 3510 humano,
1630 3427 1711 3520 quia
1727 3426 1925 3496 communis
1938 3426 2077 3496 miseria
2094 3441 2164 3510 est,
2191 3451 2284 3519 quae

1293 3541 1460 3620 tanquam
1493 3552 1606 3618 poena
1631 3529 1820 3599 comitatur
1845 3529 2051 3619 pravitatem
2075 3542 2222 3598 naturae
2245 3542 2283 3600 et

1293 3631 1404 3699 multa
1422 3645 1570 3720 peccata.

1344 3794 1510 3870 Locutus
1538 3824 1620 3869 sum
1651 3800 1690 3868 in
1716 3794 1821 3868 corde
1841 3824 1920 3871 meo
1942 3810 2003 3875 ete.
2062 3795 2179 3870 Mens
2197 3823 2283 3872 mea

1398 3897 1641 3996 contemplato
1669 3907 1720 3972 εει
1750 3897 2083 3996 multa.sapienter
2105 3911 2166 3972 ele.
2218 3899 2284 3974 Eo
2343 3983 2348 4000 ι

1396 3998 1498 4100 quod
1522 4002 1562 4072 in
1587 4002 1706 4083 mullo
1729 4002 1932 4098 sapientia,
1966 4000 2085 4074 mulla
2106 4002 2156 4073 sit
2179 4001 2285 4075 indi-

1392 4102 1543 4199 gnatio,
1578 4115 1608 4175 et
1638 4105 1706 4203 qui
1729 4100 1837 4176 addit
1865 4103 2076 4185 seientiam,
2111 4101 2219 4175 addit
2249 4117 2285 4176 et

1396 4202 1569 4281 dolorem.

1396 4338 1445 4411 Ut
1467 4365 1571 4428 supra
1594 4343 1814 4426 dictumest,
1840 4365 1914 4412 non
1931 4340 2094 4433 loquitur
2110 4339 2286 4414 Salomon

1294 4445 1338 4512 de
1357 4439 1499 4536 physica
1517 4441 1799 4514 consideratione
1814 4444 1953 4513 ordinis
1967 4443 2004 4510 in
2019 4442 2158 4532 opificio
2174 4467 2286 4514 mun·-

1293 4547 1350 4625 di,
1375 4557 1436 4614 aut
1450 4531 1652 4634 cognitione
1668 4542 1861 4629 verbiDei,
1889 4546 1947 4613 sed
1963 4544 2123 4636 loquitur
2136 4546 2181 4613 de
2193 4569 2286 4616 con-

1294 4647 1508 4717 sideratione
1536 4647 1786 4736 consiliorum,
1818 4646 2001 4718 actionum
2033 4658 2068 4714 et
2089 4659 2285 4718 eventuum

1294 4743 1552 4830 humanorum,
1587 4752 1626 4818 iu
1653 4749 1784 4843 quibus
1807 4739 1985 4818 ceruimus
2007 4747 2114 4819 vitam
2138 4748 2284 4839 plenam

1293 4873 1366 4921 esse
1387 4853 1656 4936 confusionum,
1682 4851 1862 4931 errorum,
1889 4849 2060 4920 vitiorum
2083 4860 2117 4917 et
2135 4850 2285 4920 calami-

1292 4965 1417 5025 tatum.
1468 4953 1707 5045 Sapientiores
1739 4967 1772 5022 et
1802 4953 1931 5022 versati
1961 4952 2000 5020 in
2023 4951 2286 5041 gubernatione

1293 5059 1439 5147 propius
1455 5071 1606 5144 cernunt
1622 5057 1819 5146 praesentia
1836 5056 1947 5135 mala,
1974 5066 2009 5122 ct
2025 5052 2155 5124 multos
2170 5067 2285 5126 tetros

1293 5183 1391 5228 casus
1407 5160 1545 5228 futuros
1560 5183 1602 5228 ex
1617 5155 1862 5248 praesentibus
1876 5155 2146 5228 ratiocinantur.
2194 5153 2284 5228 ldco

1292 5285 1421 5353 magno
1446 5251 1571 5332 dolore
1595 5259 1841 5330 excruciantur
1863 5271 2008 5351 propter
2031 5271 2231 5349 praesentes
2248 5273 2286 5330 et
