4714 5826
237 125 288 202 rs
792 89 1664 258 ·rurdumsmnramroaraca.
1882 241 1925 258 ..
2220 115 2275 210 ιι
2342 133 2343 212 ι

157 337 162 345 -
240 290 338 368 llaec
359 292 404 364 de
428 283 547 364 i'ndice
569 289 664 360 dicta
686 289 777 374 sint,
801 293 906 384 qaem
930 306 1072 383 oportet
1092 293 1228 366 intelli·
1381 300 1461 376 lloc
1482 307 1642 399 exemplo
1662 320 1698 380 et
1720 321 1907 402 praerepto
1930 307 2059 381 moniti
2084 305 2273 399 patienter
2342 329 2343 398 ι

241 417 340 485 gere,
364 392 429 463 nbi
444 391 645 477 severitate,
670 391 893 465 ubileuitate
908 397 1081 468 utendum
1098 398 1164 484 sit,
1187 410 1229 470 ut
1277 402 1431 476 feramus
1446 431 1528 477 cum
1543 410 1644 500 quasi
1662 411 1708 480 de
1731 412 1905 504 superiori
1926 411 2006 482 loro
2022 409 2271 488 detrudimur‚
2342 469 2343 490 ,

242 495 330 565 alibi
344 495 535 565 dicendum
552 506 613 567 eSl·
1063 548 1067 560 .
1278 527 1358 576 cum
1384 507 1528 600 quidem
1549 533 1616 580 nos
1642 535 1764 584 revera
1788 513 1911 583 multis
1940 509 2080 603 magnis
2109 508 2272 602 peccatis

344 595 415 667 Sed
431 598 475 665 de
495 595 644 688 privatis
657 591 820 690 personis
833 605 870 666 et
885 591 932 664 'de
946 595 1092 687 privatis
1113 599 1229 669 offen·
1276 607 1396 678 meriti
1416 609 1525 680 simus
1552 635 1701 703 poenas,
1735 627 1770 684 et
1793 620 2016 684 coerceamus
2029 627 2176 683 nostros
2197 608 2271 678 im·
2342 617 2343 644 ³

244 697 407 768 sionibus
429 697 584 788 primum
608 695 790 765 sciendum
813 709 882 777 est,
909 701 1140 770 necessariam
1165 704 1235 771 de·-
1278 721 1396 797 petus,
1423 734 1469 780 ne
1485 712 1619 784 maiora
1633 716 1734 802 odia,
1759 715 1925 802 dissidia,
1951 717 2044 786 bella
2063 713 2273 784 accendan-
2342 713 2343 792 l

244 799 444 870 sensionem
458 820 658 880 concessam
675 819 767 882 esse,
783 799 844 867 sed
860 811 956 870 extra
974 823 1092 871 casum
1108 825 1228 872 neces-
1277 820 1348 884 tur.
1403 807 1602 902 Diligamus
1632 811 1724 887 banc
1752 818 1920 900 virtutem
1950 810 2143 902 ἐπιείκειαν
2171 810 2273 882 bane
2342 825 2343 892 ζ

245 901 358 972 sariae
377 897 593 994 defensionis
607 899 839 969 remittendae
856 915 939 970 sunt
956 902 1113 994 privatae
1129 904 1228 974 iniu—
1277 911 1390 1002 ipsam
1410 914 1457 983 ob
1472 937 1633 1005 causam,
1659 931 1698 989 ut
1714 942 1817 1012 saepe
1830 941 1898 1000 nos
1910 914 1978 988 hoe
1993 920 2109 1009 ipsum
2125 935 2269 986 nornen

245 1005 339 1084 riae,
365 1016 400 1072 et
414 1001 618 1072 obruendae
633 1001 833 1080 oblivione,
860 1001 957 1074 iuxta
973 1005 1126 1074 dictum:
1153 1004 1227 1078 Re·
1277 1015 1466 1086 admoneat
1489 1017 1533 1085 de
1554 1013 1767 1108 Evangelio,
1792 1023 1830 1088 in
1854 1045 1925 1114 quo
1941 1016 2159 1090 *dulcissima
2189 1013 2272 1086 ἐπι-
2342 1049 2343 1074 ι

245 1105 375 1174 mittite
390 1116 424 1173 et
438 1104 639 1172 remittetur
653 1101 764 1174 vobis.
816 1097 908 1172 Cum
922 1117 1039 1174 autem
1064 1107 1149 1178 tales
1171 1108 1228 1178 in·
1278 1101 1389 1186 είιίιια
1412 1117 1499 1206 legis
1520 1118 1664 1190 divinae
1680 1122 1909 1212 proponitur,
1933 1133 1975 1192 nt
1989 1121 2124 1190 dietum
2142 1131 2215 1189 est.

201 1270 203 1282 ,
245 1207 359 1276 iuriae
381 1205 421 1273 in
443 1203 699 1276 consuetudine
721 1197 909 1273 bominum
929 1206 1105 1297 plurimae
1133 1209 1226 1278 acci·
1378 1215 1479 1288 Sicut
1493 1232 1610 1289 autem
1626 1222 1773 1292 virtute,
1788 1223 1924 1292 vicinae
1943 1236 2043 1306 gum,
2068 1243 2195 1310 ,gyara
2212 1217 2275 1287 iu.

246 1308 354 1392 dant,
378 1320 412 1376 et
435 1305 658 1390 insanierit,
683 1327 824 1396 sperare
843 1306 968 1392 vitam,
995 1308 1034 1375 in
1058 1333 1127 1401 qua
1152 1333 1225 1379 non
1279 1317 1376 1390 stiria
1400 1331 1434 1389 et
1458 1315 1650 1407 ἐπιείκεια,
1674 1324 1722 1394 ita
1743 1337 1826 1394 sunt
1841 1324 1978 1394 vicinae
1992 1316 2163 1410 vincies,
2194 1317 2275 1388 Ve-
2342 1329 2343 1378 ὲ

247 1409 353 1478 multi
369 1409 408 1476 in
423 1419 459 1477 te
473 1406 675 1490 incurrant,
701 1430 776 1476 non
793 1405 1030 1480 existimemus
1044 1405 1229 1502 boeprae-
1278 1418 1363 1488 ritas
1392 1441 1512 1490 severe
1540 1423 1702 1494 iudicans
1726 1427 1771 1494 de
1796 1425 1922 1494 alienis
1945 1425 2048 1495 dictis
2069 1415 2132 1494 aut
2147 1421 2276 1502 iactis,
2342 1423 2343 1514 J

248 1524 387 1600 ceptum
403 1510 448 1578 de
463 1509 553 1578 raris
569 1507 827 1578 offensionibus
850 1509 1055 1600 loqui,·sed
1078 1513 1228 1582 sciamus
1279 1534 1313 1588 et
1325 1515 1480 1618 Candor.
1518 1519 1687 1596 Extrema
1702 1541 1786 1596 suut
1797 1527 1999 1596 Assentatio
2016 1511 2273 1608 et‘Cal‘umnia.
2342 1555 2343 1566 ι

248 1607 341 1681 hanc
356 1611 653 1680 condonationem
676 1610 714 1678 in
731 1609 853 1680 multis
869 1611 961 1680 vitae
985 1614 1139 1702 negociis
1163 1639 1226 1684 ne·
1280 1619 1769 1699 Moderaturautomcandor
1793 1628 1924 1698 iudicia
1945 1611 2275 1718 duriorass'ut'sae-
2342 1613 2343 1690 l

248 1712 433 1783 cessariam
450 1735 523 1780 esse
538 1711 576 1779 in
591 1711 739 1803 privatis
753 1710 1023 1790 offensionibus
1230 1731 1232 1738 ·
1280 1745 1322 1812 pe
1338 1723 1475 1816 aliquid
1489 1726 1726 1816 negligentias
1750 1729 1941 1798 dinamio
1949 1727 2063 1802 bonis
2081 1716 2276 1814 scriptori.
2299 1752 2306 1767 .

349 1813 397 1883 Et
419 1814 600 1882 faciendae
630 1823 714 1884 sunt
742 1812 1040 1898 condonationes,
1073 1814 1227 1906 primum
1277 1824 1345 1892 hu,
1368 1825 1575 1898 leniendum
1600 1844 1651 1898 „t
1670 1829 2201 1920 amerpmfiofiemgmem
2225 1825 2275 1894 ,d

249 1929 394 2007 propter
409 1917 548 2000 Deum,
574 1915 702 1984 deinde
722 1926 866 2032 propter
878 1937 1111 1984 ¹communem
1131 1930 1228 1984 trau·
1278 1940 1482 2017 perpetuam
1498 1931 1633 1998 autori,
1648 1932 1885 2030 ,emenppm
1914 1953 1916 1958 ,

249 2017 474 2111 quillitatem.
526 2017 579 2086 Ac
600 2011 697 2084 Dens
716 2038 791 2083 non
813 2016 928 2084 solum
950 2015 1119 2113 praecipit
1135 2011 1228 2086 banc
1501 2087 1510 2104 ,
1663 2089 1671 2108 ‚
1728 2075 1783 2107 .-·.
1889 2061 1937 2108 ‚4-

119 2181 124 2190 ,
249 2119 427 2198 virtutem,
450 2118 509 2188 sed
526 2117 629 2190 etiam
645 2114 723 2186 vult
739 2140 814 2185 eam
832 2139 906 2186 esse
919 2119 1227 2188 commonefactio-
1327 2078 1382 2156 0⁸
1397 2083 1506 2157 stulu
1522 2089 1733 2189 ⁶⁰⁰sl¹⁸⁸⁰m
1749 2099 2037 2212 “PF-KQVWIW·

250 2245 333 2291 uem
357 2222 402 2290 de
422 2244 485 2290 sua
498 2219 770 2310 condonatione.
823 2213 908 2286 ldeo
927 2218 1059 2310 iuquit:
1085 2215 1227 2290 Remit·
1380 2217 1498 2292 Multa
1514 2223 1699 2295 suntdicta
1715 2224 1755 2294 in
1765 2213 1956 2313 Salomone
1968 2227 2011 2296 de
2022 2246 2190 2294 sermone
2209 2246 2274 2292 seu

250 2323 313 2397 tite
328 2335 362 2393 et
374 2322 573 2390 remittetur
584 2319 696 2388 vobis.
749 2315 839 2384 Vult
862 2318 968 2386 etiam
986 2341 1051 2386 nos
1067 2319 1106 2386 in
1123 2316 1230 2388 buius
1280 2320 1325 2387 de
1346 2320 1468 2409 lingua
1497 2325 1681 2396 frenanda.
1748 2325 1982 2414 &nutantem
2008 2325 2093 2394 vitia
2122 2325 2274 2414 linguae

250 2424 393 2494 virtutis
413 2420 624 2510 cogitatione
647 2432 682 2489 et
704 2417 873 2518 exercitio
900 2418 1163 2488 commouelieri
1187 2421 1239 2492 de.
1281 2422 1444 2508 propria,
1476 2421 1736 2504 Mendacium,
1752 2411 1956 2516 garrulitas,
1979 2413 2273 2524 praecipitantia,

204 2564 210 2576 ·
250 2549 314 2595 sua
331 2522 589 2605 misericordia,
612 2534 646 2590 et
664 2522 708 2589 de
722 2515 935 2608 Evangelio,
960 2520 999 2588 in
1016 2545 1087 2610 quo
1101 2545 1231 2614 propo·
1281 2521 1482 2618 curiositas,
1509 2525 1772 2606 maledicentia,
1791 2573 1794 2578 ·
1811 2515 2274 2630 conviciatiri·,·.3pstulantia

253 2627 354 2697 nitur
374 2624 498 2715 ingens
523 2615 693 2694 ἐπιείκεια
718 2621 824 2710 legis,
862 2623 957 2714 quod
982 2622 1152 2713 recipitur
1174 2624 1232 2692 in·
1282 2622 1443 2712 linguae,
1458 2627 1674 2712 calumniae,
1695 2627 1853 2714 vanitas,
1867 2621 2141 2715 -sed'iac't‘antia,
2165 2627 2273 2722 θρα-

253 2741 352 2799 coata
367 2725 567 2796 obedientia
585 2725 708 2813 exigua
724 2737 757 2794 et
772 2723 936 2808 sordida,
961 2737 996 2792 et
1018 2727 1114 2815 quod
1138 2723 1233 2802 mul-
1284 2722 1486 2816 σωνισμὸς,
1521 2729 1657 2820 ironia,
1687 2723 1903 2816 danmatio.,·.3'
1918 2719 2130 2830 ἀκκισμὸς,
2145 2731 2271 2822 impu*

253 2843 309 2900 tae
333 2827 554 2898 infirmitates
575 2828 841 2908 condonantur,
867 2838 900 2894 et
918 2825 1076 2916 quotidie
1091 2827 1234 2896 leuiun·
1284 2829 1420 2912 dentia,
1446 2824 1669 2923 φιλονεικία,
1691 2821 1898 2918 scuriliita‘s,
1915 2823 2166 2928 'obispo-uitas,
2191 2845 2288 2904 scos<

128 2929 132 2936 ’
253 2945 313 3002 tur
336 2939 487 3022 poenae,
514 2929 610 2998 iuxta
637 2929 787 2998 dictum:
813 2924 1060 2997 Misericordia
1086 2925 1235 2996 Domini
1285 2929 1418 3018 pticum
1435 2953 1528 3016 esse,
1544 2923 2169 3033 futilitas,assentatiopvilla‘e’lssliit'ia
2185 2921 2282 3013 ideo,

253 3035 351 3126 quod
380 3054 453 3100 non
480 3029 656 3099 consumti
678 3019 811 3100 snmusi
863 3026 970 3116 Quod
995 3042 1112 3098 autern
1137 3054 1233 3099 corn-
1272 3023 2274 3140 'considerandasunt,utmaioreclrjra'ajlapleendiscae

180 3169 181 3172 ¹
254 3133 357 3205 muni
377 3131 456 3224 paci
478 3131 669 3200 necessaria
692 3132 738 3198 s'it
757 3130 972 3220 privatarum
996 3129 1234 3200 offensionum
1284 3155 1382 3215 mus,
1414 3135 1655 3207 et.sreuemus
1685 3131 2026 3226 impetusss'uns't‘rbs,
2055 3160 2120 3206 nec
2143 3154 2272 3204 omnes
2342 3201 2343 3218 p

254 3235 421 3318 oblivio„
435 3233 756 3302 manifestissimum
778 3243 839 3304 est.
1283 3234 1511 3322 cogitationes
1526 3237 1747 3354 effundamus
1763 3223 1826 3348 etp,
1949 3247 1966 3288 ·-'
1994 3230 2056 3334 3232]
2080 3271 2082 3276 ·
2118 3323 2120 3328 Α
2241 3311 2244 3318 ,

357 3335 532 3406 Monendi
549 3346 632 3404 sunt
648 3347 765 3404 autem
783 3333 958 3416 iuniores,
981 3357 1027 3402 ne
1047 3333 1235 3404 admittant

255 3439 378 3510 falsam
405 3436 732 3525 interpretationem
766 3435 1053 3528 detorquentium
1085 3429 1153 3505 boc
1178 3436 1234 3503 di-

254 3555 351 3611 ctum
370 3539 415 3606 ad
432 3560 605 3616 errorem,
631 3537 694 3630 qui
714 3536 816 3625 lingit
840 3549 959 3605 nostra
983 3561 1086 3627 opera
1106 3535 1234 3606 mereri
2040 3597 2056 3610 ,,
2126 3599 2139 3616 ,

256 3640 498 3711 remissionem
523 3651 755 3730 peccatorum.
816 3633 953 3708 Delicta
976 3638 1061 3727 tegit
1081 3639 1235 3722 dilectio,
1386 3629 1570 3724 Prophani
1598 3631 1762 3718 homines
1784 3625 2131 3728 {agitantgnp'es'et
2155 3636 2270 3706 victo-

256 3763 340 3832 ergn
354 3755 415 3841 tua
429 3739 571 3808 dilectio
589 3739 673 3828 tegit
686 3738 812 3808 delicta
838 3762 954 3808 coram
969 3737 1058 3814 Deo.
1094 3738 1234 3829 Negau-
1284 3733 1355 3820 rias
1370 3737 1485 3824 parari
1501 3750 1640 3807 tantum
1658 3725 1813 3848 humana
1827 3729 2270 3833 industria‚et'tlaboribcas,

257 3847 303 3916 da
325 3857 378 3913 est
403 3840 671 3934 consequentia,
706 3841 788 3931 quia
811 3841 945 3910 dictum
971 3855 1021 3910 est
1043 3841 1237 3929 politicum,
1285 3849 1325 3904 ut
1341 3837 1540 3908 existimant
1556 3835 1988 3930 Alexandrumsvinceress'
2002 3836 2084 3931 quta
2097 3835 2269 3922 consilio,

257 3960 292 4016 et
306 3943 466 4036 loquitur
483 3943 526 4011 de
539 3943 801 4012 condonatione
822 3943 915 4010 inter
937 3937 1116 4022 homines,
1145 3959 1178 4013 et
1195 3947 1238 4012 de
1287 3937 1484 4022 laboribus,
1510 3954 1544 4009 et
1561 3943 1689 4010 robore
1703 3941 1882 4018 exercitus
1898 3939 2274 4028 antecellitjmultitu-

256 4047 383 4118 alienis
416 4043 552 4114 delictis
584 4043 761 4132 tegendis,
793 4046 896 4113 etde
922 4045 1147 4134 reprimenda
1176 4070 1238 4116 cu·
1287 4039 1363 4107 dini
1383 4037 1560 4125 Persicae,
1584 4043 1682 4112 sicut·
1697 4043 1825 4114 usitate
1840 4043 1985 4112 dicitur:
2010 4039 2134 4122 Labor
2144 4041 2268 4111 omnia

257 4149 404 4238 piditate
445 4145 641 4230 vindictae,
692 4159 731 4215 ut
766 4143 880 4216 Levit.
915 4144 973 4216 17.
1007 4146 1237 4237 praecipitur:
1287 4140 1398 4210 vincit
1412 4141 1607 4231 improbus.
1639 4139 1687 4213 Et
1702 4143 1802 4213 Plato
1818 4143 1935 4237 inquit
1943 4194 1956 4228 ,
1982 4139 2078 4213 hunc
2093 4165 2166 4213 esse
2184 4143 2270 4212 bea-

192 4247 209 4281 ’“
256 4248 338 4320 Non
374 4269 532 4317 exerceas
564 4246 775 4331 vindictam,
826 4271 890 4318 nec
933 4247 980 4316 sis
1019 4272 1155 4317 memor
1182 4249 1237 4315 in·
1287 4254 1381 4322 tum,
1408 4244 1466 4315 cui
1481 4269 1555 4316 non
1568 4271 1609 4316 ex
1624 4245 1702 4315 aliis
1728 4248 1858 4335 pendet
1876 4247 2038 4336 fortuna,
2064 4246 2125 4314 sed
2141 4245 2205 4315 ‘sui
2228 4243 2268 4310 in

257 4351 369 4420 iuriae
402 4351 568 4418 adversus
603 4349 697 4418 cives
733 4361 823 4421 tuos.
888 4347 1108 4418 Nominatim
1143 4349 1237 4418 euim
1287 4344 1399 4433 seipso
1424 4346 1536 4435 posita
1557 4360 1641 4418 sunt
1660 4349 1800 4437 omnia,
1833 4369 1924 4439 quae
1945 4347 1990 4415 ad
2013 4345 2268 4416 beatitudinem

257 4455 302 4522 de
333 4451 469 4519 civibus
499 4449 649 4534 dicitnr,
679 4463 720 4520 ut
742 4449 930 4538 significet,
971 4463 1117 4548 propter
1142 4475 1239 4520 com·
1287 4449 1480 4520 necessaria
1512 4463 1605 4521 sunt.
1663 4447 1712 4518 Et
1738 4450 1788 4518 sic
1808 4449 1896 4536 dicit
1918 4442 2268 4517 Nabuchodonosor:

256 4575 400 4623 munem
427 4551 653 4620 concordiam
679 4553 807 4621 multas
839 4543 1238 4634 iniurias'dissimulan-
1284 4543 1362 4636 Ego
1382 4547 1601 4642 Babylonem
1625 4550 1690 4620 feci
1713 4564 1846 4621 tautam
1869 4572 1948 4620 men
1968 4552 2107 4646 robore.
2160 4545 2268 4618 Tales

256 4659 319 4727 das
343 4677 425 4724 esse.
476 4649 614 4724 Pudeat
642 4666 758 4723 autem
793 4676 858 4722 nos
885 4663 1026 4732 nostrae
1053 4655 1238 4745 superbiae
1286 4649 1555 4738 imaginationes
1570 4654 1781 4722 confirmant
1793 4651 1956 4722 fiduciam
1973 4663 2114 4720 nostrae
2127 4647 2267 4720 caltidi-

256 4771 291 4828 et
305 4755 564 4846 impatientiae,
590 4765 671 4823 cum
686 4754 800 4825 Filius
810 4753 878 4824 Dei
891 4777 966 4823 non
981 4755 1097 4824 solum
1113 4756 1235 4826 remit·
1283 4751 1365 4823 tatis
1381 4766 1417 4823 et
1439 4768 1640 4824 nostrarum
1656 4754 1804 4839 virium,
1820 4777 1897 4847 ¹qna
1915 4751 1998 4821 elati
2014 4747 2178 4838 homines
2202 4773 2266 4820 nc-

255 4872 306 4930 tat
322 4858 426 4926 nobis
441 4856 551 4926 multa
566 4869 600 4926 et
616 4879 742 4945 magna
758 4869 916 4946 peccata,
942 4858 1002 4926 sed
1024 4859 1127 4927 etiam
1152 4881 1234 4948 poe·
1282 4852 1420 4943 gligunt
1434 4851 1569 4939 Deum,
1593 4868 1627 4926 et
1640 4869 1785 4926 movent
1798 4879 1871 4924 non
1887 4855 2081 4938 movenda,
2093 4867 2151 4937 ut,
2171 4851 2265 4942 Quia

228 4983 336 5034 ¹uam
361 4961 399 5026 in
422 4981 494 5028 sese
522 4957 735 5028 derivaverit
757 4971 952 5049 prostratus
975 4983 1098 5028 coram.
1116 4958 1234 5041 Patre,
1283 4955 1378 5026 videt
1393 4953 1574 5028 Antonius
1597 4981 1634 5026 se
1650 4958 1915 5028 instructiorem
1936 4979 2011 5038 esse
2025 4951 2204 5048 Augusto,
2230 4963 2265 5021 et

252 5085 292 5130 ac
310 5060 424 5129 iuram
441 5062 608 5129 adversus
623 5073 742 5129 nostra
761 5059 888 5128 delicta
912 5061 1107 5145 sustineus,
1132 5063 1233 5154 quasi
1266 5069 1398 5146 ,sperat
1425 5084 1504 5127 enm
1530 5083 1631 5152 posse
1655 5060 1830 5152 opprimi,
1866 5069 1985 5128 movet
2008 5053 2142 5142 bellum
2170 5057 2265 5126 iuiu-

179 5158 184 5168 ’
250 5163 326 5253 ipse
341 5185 378 5230 se
393 5161 478 5228 meis
494 5175 527 5230 et
542 5162 612 5234 tuis
625 5161 814 5230 sceleribus
832 5160 1024 5250 polluisset.
1076 5161 1232 5231 ldeoin-
1280 5172 1386 5230 stum.
1440 5155 1543 5232 Talia
1562 5163 1665 5246 valde
1682 5162 1796 5233 multa
1819 5173 1905 5231 sunt
1925 5159 2177 5248 tristiamrcata
2199 5153 2265 5228 ho-

1344 3391 1560 3570 Bppeldiclio
1575 3395 1739 3471 Domini
1743 3347 1846 3518 sn}cl
1858 3367 1998 3486 *divites
2011 3407 2143 3504 cinon
2158 3366 2271 3472 addit

1414 3523 1558 3572 oorcm.
1642 3543 1645 3552 ι

122 5260 128 5270 ’
247 5265 343 5358 quit:
357 5262 491 5334 Discite
507 5287 526 5332 a
541 5287 609 5349 me,
624 5264 685 5356 qui
701 5263 797 5333 mitis
809 5287 889 5333 sum
905 5277 938 5333 et
956 5261 1101 5334 bannilis
1115 5267 1230 5343 corde.
1280 5261 1428 5333 minum.
1448 5323 1452 5334 .
