4674 5822
110 87 112 94 '
230 127 329 233 ωε
818 113 947 226 rum
972 141 1091 222 unu
1115 143 1325 223 scauro
1350 91 1737 228 ortonnes*
1860 143 1868 154 ’
1950 160 1961 184 ’
2158 153 2253 232 uss

494 312 574 390 Sed
590 312 695 390 alios
718 337 798 388 oves
818 307 953 407 habeo,
1156 325 1161 334 '
1268 321 1343 414 ipse
1365 331 1480 394 morte
1503 344 1565 394 ena
1589 343 1656 394 nos
1677 321 1847 412 redemit,
1871 343 1955 416 ergo
1979 345 2055 396 nor
2076 325 2253 402 redimam

147 475 151 480 ·
207 435 267 513 'id
283 455 354 523 est,
380 437 539 530 gentium
555 433 739 510 Ecclesiae.
792 432 967 527 Quartam
983 449 1120 531 partem
1134 434 1219 505 sub·
1275 447 1400 516 opera,
1434 426 1496 496 8θᾶ
1526 447 1567 496 ²¹
1590 423 1659 494 fide
1683 423 1925 499 lmtlfltflmur·
1988 425 2134 515 Τθῐῑῑοε
2160 431 2252 523 ‘th

229 545 325 628 iic-it,
358 544 455 613 unde
483 542 557 614 siut
584 561 688 625 oves,
721 553 949 636 posteaquam
975 543 1019 612 de
1044 537 1219 631 pascendo
1269 540 1457 616 cognoscat
1476 547 1577 611 ovet,
1603 539 1637 598 et
1659 526 1814 598 vicissim
1828 528 1961 600 abillis
1975 544 2254 621 recognoscatur,

187 713 190 718 .
231 647 315 718 satis
332 645 444 718 multa
462 643 564 719 dixit.
1268 628 1359 700 sicut
1382 628 1516 702 revelat
1533 651 1615 698 eum
1637 643 1747 720 pater.
1799 629 1957 722 Quarto,
1981 653 2066 704 ovet
2080 655 2155 706 esse
2170 655 2254 725 geu·

1269 743 1321 803 ιεε
1336 744 1372 801 ει
1387 727 1545 802 ludaeos.

430 807 538 911 Quot
560 835 635 884 uon
656 819 744 884 sunt
766 831 813 882 ee
833 801 901 882 hoc
922 806 1024 898 ovili,

233 953 258 1024 i.
274 975 304 1022 e.
319 975 359 1022 ex
376 949 483 1021 lsra'e'l
498 950 694 1020 secundum
710 969 865 1022 carnem.
916 944 1007 1018 Nam
1022 945 1062 1016 in
1077 939 1221 1017 Christo
1404 893 1407 898 ¹
1480 893 1678 1001 Pml’l‘m‘
1697 923 1753 974 ’Μ
1775 895 1904 998 dlllgll
1924 909 2048 1001 Fama

233 1052 392 1148 oportuit
408 1051 570 1122 benedici
587 1073 710 1122 omnes
726 1061 865 1140 gentes,
894 1043 1025 1124 Genea.
1041 1045 1126 1120 llll.
1269 1033 1402 1105 williel
1430 1034 1510 1109 i‘¹0⁰
1540 1061 1598 1108 Μ
1621 1051 1795 1131 Pffilfflm
1818 1038 1921 1124 fedis
1952 1039 2037 1134 ‘1¹¹3‘
2060 1063 2156 1134 9⁰⁰⁰
2179 1041 2256 1112 ³¹¹3·

1271 1159 1363 1206 mam
1388 1161 1521 1224 meam,
1546 1139 1584 1208 id
1608 1152 1678 1222 est,
1701 1141 1785 1234 quia
1804 1141 1957 1226 morior,
1982 1140 2257 1234 idrogloribcat,

412 1217 468 1293 Et
493 1214 587 1292 tatas
612 1225 751 1317 oportet
772 1240 828 1288 me
852 1212 1046 1310 adducere,
1271 1237 1367 1310 tutu
1386 1238 1475 1310 uiua
1491 1239 1622 1312 resto.
1636 1239 1750 1314 cut:
1774 1239 1829 1313 ne
1846 1255 2001 1314 romnis
2017 1246 2055 1315 tn
2075 1245 2133 1314 vu
2148 1245 2256 1330 atter,

234 1359 319 1454 quia
342 1353 479 1430 Christi
501 1356 659 1450 potentia
682 1368 717 1426 ct
739 1355 891 1427 efficacia
914 1355 971 1436 fit,
1002 1366 1044 1426 ut
1067 1354 1223 1426 credant·
1271 1354 1456 1432 l’¹'⁰l³terea
1477 1341 1643 1414 ‘nllflbll
1658 1356 1773 1435 caput.
1823 1341 1911 1416 him
1926 1344 2056 1420 ΜΨ·
2071 1343 2254 1417 ῙιΧνῙῙῙῦ

234 1461 331 1535 Deus
346 1461 441 1532 euim
458 1461 518 1532 dat
533 1460 813 1544 incrementum,
838 1471 879 1528 ut
894 1458 926 1528 1.
940 1451 1102 1528 Corinth.
1121 1452 1186 1526 lll.
1271 1439 1428 1514 P¹³⁰²bll
1444 1445 1523 1516 ΠΕΟ
1541 1445 1816 1537 ⁸¹¹P²¹Vll¹¹¹¹¹ffi
1830 1446 2021 1518 mellum·
2072 1445 2256 1518 E¹E⁵³l³⁰

639 1631 642 1638 ,
916 1621 923 1638 Ι
1270 1540 1385 1612 Llll.:
1412 1543 1451 1616 Si
1477 1547 1632 1638 potnerit
1648 1570 1714 1639 pro
1732 1560 1872 1639 peccata
1885 1548 2041 1618 animam
2057 1571 2176 1634 suam,
2201 1550 2254 1620 vi-

464 1624 519 1699 Ει
537 1650 659 1736 ι9008111
683 1648 802 1698 meam
827 1618 992 1707 alidum,
1272 1645 1370 1716 debit
1387 1667 1508 1716 semen
1528 1647 1759 1738 longaevum,
1786 1648 1810 1722 i.
1826 1672 1856 1720 ε.
1875 1649 1915 1718 iu
1929 1663 2111 1722 aeteruum
2127 1674 2255 1741 regna·

234 1751 385 1830 scilicet,
426 1771 628 1842 quanquam
658 1771 721 1838 per
749 1745 836 1816 alios
868 1744 1071 1825 ministros,
1105 1757 1223 1816 tamen
1271 1746 1344 1832 bit,
1370 1760 1404 1818 et
1428 1747 1593 1821 voluntas
1615 1749 1754 1820 domini
1777 1751 1816 1820 io
1837 1774 1948 1821 manu
1970 1752 2046 1822 cius
2068 1751 2254 1842 dirigetur.

234 1849 370 1924 Christi
400 1875 468 1922 vox
498 1865 568 1936 est,
601 1873 691 1944 quae
721 1848 873 1922 innovat
896 1861 930 1918 et
953 1845 1134 1919 illuminat
1160 1871 1224 1920 au·
1271 1845 1452 1920 Describit
1472 1863 1589 1922 autem
1608 1851 1647 1920 in
1668 1845 1828 1922 hocloco
1842 1874 2128 1942 regnumsuum,
2152 1855 2256 1948 quale

233 1955 383 2031 dientes,
1271 1949 1308 2020 id
1326 1951 1485 2022 futurum
1500 1953 1562 2038 sit,
1588 1952 1658 2024 tale
1673 1951 1826 2040 seilicet,
1851 1975 1888 2024 se
1904 1976 2090 2045 passurum
2104 1977 2196 2040 esse,
2223 1967 2257 2028 et

1273 2053 1356 2146 quia
1381 2052 1428 2124 sit
1450 2055 1542 2143 patri
1563 2054 1754 2142 obediens,
1777 2057 1957 2141 tutorum,
1983 2069 2024 2128 ut
2045 2079 2126 2128 eum
2143 2057 2256 2146 glori·

1271 2153 1349 2224 ficet
1372 2167 1407 2225 et
1426 2177 1543 2245 regem
1565 2155 1690 2250 iaciat,
1717 2179 1859 2250 esseque
1880 2155 2158 2246 glorificaturum
2174 2181 2258 2230 cum

337 2253 493 2328 Ecclesia
508 2277 549 2326 ex
564 2252 704 2326 ludaeis
719 2265 753 2324 ει
768 2253 931 2343 gentibus
945 2273 1008 2343 per
1023 2252 1223 2324 misericor·
1272 2257 1511 2338 resurrexerit.
1563 2254 1653 2326 Nam
1671 2257 1791 2328 ludaei
1813 2259 2001 2350 sperabant
2017 2259 2258 2332 carnaliteret

235 2361 332 2432 diam
349 2359 505 2430 collecta.
530 2430 533 2438 ,
557 2354 660 2429 Unus
676 2369 814 2446 pastor,
838 2350 1013 2440 Christus,
1039 2357 1101 2447 qui
1117 2357 1223 2425 corda
1272 2357 1398 2427 mundi
1420 2381 1520 2427 more
1539 2372 1768 2448 regnaturum
1793 2357 1973 2430 Messiam.
2024 2360 2145 2451 Quare
2165 2363 2258 2432 sicut

236 2463 397 2533 omnium
420 2459 640 2531 credentium
664 2457 773 2548 pascit
795 2471 830 2540 et
853 2469 1011 2528 renovat.
1061 2455 1157 2546 Quia
1178 2459 1223 2528 de
1271 2481 1377 2549 supra
1401 2459 1518 2528 reiicit
1539 2483 1623 2535 oves
1639 2458 1747 2534 lsrael
1769 2460 1944 2548 carnales,
1971 2463 2019 2533 ita
2037 2458 2096 2533 hic
2114 2487 2258 2560 quoque

236 2562 454 2634 adducendis
476 2560 640 2651 gentibus
663 2558 784 2652 paullo
808 2571 890 2628 ante
907 2556 1045 2628 locutus
1062 2571 1131 2630 est:
1157 2582 1222 2628 ne-
1270 2560 1390 2646 docet,
1415 2583 1564 2652 regnum
1582 2560 1764 2653 spirituale
1780 2561 1939 2635 futurum
1956 2585 2041 2635 esse.

237 2689 331 2738 cesse
360 2677 429 2748 est,
459 2661 611 2753 intelligi
638 2657 730 2732 hanc
751 2659 977 2730 sententiam:
1008 2657 1088 2730 Erit
1108 2683 1220 2730 uuum
1604 2727 1613 2749 ,

235 2768 331 2840 ovile
354 2767 388 2838 ει
412 2788 505 2835 unus
528 2778 668 2856 pastor,
693 2765 738 2834 de
754 2756 911 2833 Ecclesia
932 2760 1003 2830 iarn
1020 2761 1165 2833 collecta
1180 2787 1221 2832 ex
1518 2725 1574 2800 El
1595 2737 1726 2803 mmm
1746 2755 1892 2804 sumam
1919 2756 2010 2816 “m'’

235 2869 400 2962 gentibus
429 2881 463 2937 et
487 2864 637 2938 ludaeis.
704 2859 831 2955 Coepit
862 2861 1006 2953 impleri
1035 2863 1220 2950 sententia,
1270 2863 1386 2950 idest,
1413 2884 1603 2952 resurgam.
1657 2863 1816 2937 Primum
1831 2863 1891 2938 hic
1906 2865 2120 2953 observabis,
2147 2870 2260 2961 quod,

236 2993 347 3068 quum
370 2969 526 3062 primum
549 2981 601 3039 est
615 2965 850 3056 Evangelium
876 2963 914 3031 in
938 2977 1058 3054 gentes
1078 2965 1220 3057 praedi·
1269 2963 1360 3036 sicut
1375 2988 1437 3057 per
1452 2987 1590 3037 crucem
1599 2961 1765 3038 Christus
1779 2983 1830 3039 est
1839 2970 2063 3058 glorificatus,
2088 2969 2259 3059 itaopor·

235 3085 372 3156 catum,
406 3063 617 3164 implerique
645 3071 689 3139 ad
717 3091 797 3137 eum
826 3067 973 3135 modum
996 3089 1137 3138 necesse
1159 3081 1221 3153 εει,
1270 3081 1320 3140 ιει
1349 3079 1383 3136 ει
1406 3091 1472 3138 nos
1495 3067 1627 3138 similes
1647 3069 1723 3138 fieri
1746 3070 1909 3160 imaginis
1936 3071 2001 3140 lilii
2024 3067 2111 3157 Dei,
2146 3067 2257 3144 Rom.

236 3175 327 3246 sicut
349 3172 485 3264 coepit,
510 3173 553 3240 ad
575 3167 975 3264 fihemusquemuudi.¹
1015 3161 1113 3240 Haec
1129 3169 1220 3250 dico,
1273 3165 1377 3243 Vlll.
1418 3167 1518 3238 Mors
1533 3183 1565 3240 ει
1580 3192 1703 3240 omnes
1717 3171 1929 3243 afflictiones
1941 3185 2025 3242 sunt
2036 3175 2259 3243 instrumen-

361 2117 417 2192 Et
431 2115 500 2216 fiet
522 2145 636 2192 unum
660 2115 756 2192 ovile
780 2127 812 2189 ει
838 2140 934 2190 unus
954 2124 1096 2216 pastor.

119 3301 120 3310 ¹
235 3299 281 3344 ne
297 3273 377 3368 quis
390 3272 615 3362 imaginetur,
635 3267 751 3342 adhuc
765 3290 944 3361 superesse
958 3293 1092 3340 novum
1108 3293 1220 3364 quen·
1270 3282 1324 3352 ta,
1359 3269 1490 3364 quihus
1518 3283 1664 3364 paratur
1690 3272 1802 3362 gloria
1826 3272 1908 3343 filiis
1930 3271 2008 3349 Dei.
2077 3271 2260 3356 Secundo,

235 3381 318 3448 darn
345 3371 519 3445 Ecclesiae
549 3388 697 3458 statum,
729 3372 767 3441 in
797 3393 903 3466 quem
934 3384 1053 3461 gentes
1083 3374 1222 3458 co'e'ant,
1271 3372 1333 3466 qui
1361 3373 1400 3441 in
1431 3374 1627 3443 tentatione
1654 3375 1762 3446 sentit
1784 3396 1820 3445 se
1842 3375 2017 3447 voluntati
2040 3374 2111 3446 Dei
2130 3382 2261 3467 parere

235 3492 272 3549 et
296 3490 440 3546 externo
463 3475 536 3546 ritu
560 3476 783 3547 conveniant.
835 3471 983 3564 Alioqui
1006 3472 1036 3542 si
1059 3477 1218 3545 nondum
1270 3473 1457 3566 patiendo,
1489 3473 1586 3544 illius
1613 3499 1674 3545 cor
1695 3475 1849 3570 quiescet
1870 3490 1905 3548 et
1925 3477 2174 3550 sabbatizabit:
2208 3479 2260 3548 si·

237 3591 358 3670 coepta
385 3591 437 3648 est
460 3576 601 3668 impleri
620 3572 825 3668 prophetia,
864 3573 1028 3644 nonfuit
1051 3569 1220 3647 hactenus
1270 3588 1330 3646 cut
1352 3571 1513 3646 Christus
1542 3576 1646 3660 dicit,
1678 3600 1715 3646 se
1743 3599 1927 3669 passurum
1950 3602 2043 3665 csse,
2074 3603 2149 3648 non
2172 3579 2262 3672 quia

236 3696 355 3774 pastor
376 3673 550 3750 Christus.
601 3674 650 3749 Ει
675 3678 756 3770 quia
780 3671 916 3746 Christi
939 3689 1080 3767 pastura
1105 3693 1138 3750 et
1162 3703 1220 3750 re-
1271 3673 1339 3747 hoc
1353 3676 1481 3746 mundi
1494 3678 1594 3748 luror
1606 3691 1725 3768 cogat,
1749 3679 1810 3751 sed
1825 3681 1922 3772 quod
1938 3679 2092 3773 sicpatri
2106 3680 2262 3772 placeat.

235 3805 345 3874 gnum
366 3805 441 3852 non
463 3794 515 3851 est
534 3779 673 3851 visibile
696 3779 751 3848 vel
766 3777 948 3868 corporale
964 3800 1132 3866 regnum,
1157 3779 1219 3850 sed
1271 3777 1372 3850 Sicut
1392 3779 1457 3848 lob
1477 3779 1632 3849 dicebat:
1659 3778 1761 3852 Sicut
1782 3782 1930 3852 domino
1951 3781 2105 3872 placuit,
2130 3781 2178 3852 ita
2201 3783 2264 3852 ia·

110 3921 111 3926 1
236 3907 383 3974 regnum
413 3883 514 3963 fidei,
545 3877 639 3978 (hoc
670 3893 720 3951 est
747 3879 954 3952 illuminans
983 3893 1018 3950 et
1044 3902 1220 3976 renovans
1270 3893 1364 3950 ctum
1388 3893 1452 3952 εει.
1503 3879 1563 3952 Sic
1577 3879 1694 3974 inquit
1710 3876 1892 3974 Christus,
1920 3883 2000 3953 ideo
2017 3906 2053 3953 se
2070 3905 2264 3972 passurum

235 3988 344 4056 corda
368 3983 569 4074 cognitione
589 3982 675 4074 Dei,
709 4007 799 4077 quae
820 3982 907 4051 fides
929 3980 1015 4072 est),
1048 4005 1138 4074 quae
1158 4007 1217 4054 co·
1271 4003 1362 4064 etse,
1387 3983 1469 4076 quia
1492 3980 1540 4052 ita
1563 3981 1723 4054 videatur
1737 3985 1870 4056 amanti
1886 3985 1991 4075 patri.
2041 3984 2115 4075 Qui
2131 4005 2263 4055 sensus

233 4087 347 4178 gnitio
371 4110 432 4155 seu
455 4087 558 4170 fides,
584 4085 667 4179 quia
690 4109 708 4154 ε
725 4083 958 4177 promissione
974 4105 1035 4153 seu
1051 4085 1159 4154 verbo
1174 4087 1218 4156 de
1269 4106 1332 4154 seu
1352 4083 1497 4154 affectus
1518 4105 1601 4153 vere
1619 4084 1704 4154 fides
1726 4098 1780 4157 est
1795 4087 2047 4158 committentis
2062 4108 2099 4155 se
2113 4085 2262 4156 miseri-

234 4185 378 4260 Christo
395 4187 521 4271 oritur,
546 4187 626 4258 ideo
644 4209 790 4276 reguum
800 4185 895 4271 fidei,
920 4185 1217 4277 proprieregnum
1270 4185 1410 4256 cordiae
1430 4197 1464 4256 et
1478 4187 1594 4254 bonae
1610 4187 1787 4259 voluntati
1802 4189 1936 4281 patris,
1953 4204 1994 4261 ut
2008 4185 2141 4259 Psalm.
2157 4186 2263 4258 XV.:

234 4286 365 4362 Christi
397 4289 547 4373 dicitur,
587 4290 682 4382 quod
717 4312 736 4356 a
768 4287 990 4376 promulgato
1022 4285 1217 4378 Evangelio
1269 4284 1504 4358 Providebam
1514 4287 1699 4358 dominum
1710 4288 1748 4358 in
1758 4305 1947 4381 conspectu
1958 4302 2266 4381 meosemperetc.

234 4395 351 4476 durat,
376 4393 490 4462 donec
504 4390 688 4480 glorificati
702 4390 836 4458 suerint
850 4389 972 4460 sancti.
1013 4387 1108 4458 Tum
1123 4392 1217 4482 enim
1267 4386 1316 4457 Et
1329 4385 1461 4463 XXV.:
1489 4387 1670 4478 Quoniam
1689 4391 1930 4463 misericordia
1954 4407 2014 4464 tua
2034 4404 2115 4462 ante
2133 4391 2266 4462 oculos

235 4495 393 4564 tradetur
415 4515 563 4584 regnum
582 4491 693 4584 patri,
719 4489 742 4558 i.
760 4515 789 4564 e.
806 4502 881 4561 tunt
900 4514 972 4561 non
988 4487 1055 4559 erit
1071 4513 1217 4580 regnum
1269 4513 1365 4560 meos
1379 4503 1448 4576 est,
1468 4504 1508 4561 et
1524 4492 1721 4584 complacui
1739 4495 1884 4568 veritate
1899 4509 1960 4566 tua
1977 4508 2041 4564 etc.

233 4593 339 4682 fidei,
360 4596 593 4684 cognoscendi
611 4593 722 4686 patris
736 4615 799 4683 per
814 4593 960 4662 verbum
977 4584 1131 4680 Christi,
1156 4595 1216 4664 ted
1659 4659 1665 4676 ,
1750 4583 1751 4588 ¹

233 4698 300 4771 erit
329 4719 475 4788 regnum
508 4697 659 4787 gloriae,
696 4718 775 4765 cum
806 4707 939 4784 patrem
970 4715 1217 4782 cognoscemus
1362 4760 1370 4779 ,
1432 4653 1553 4734 N²m⁰
1577 4655 1678 4732 ¹⁰11&
1699 4671 1784 4744 Μ’
1815 4658 1884 4734 “d
1897 4687 1961 4760 ⁶8⁰
1979 4687 2089 4761 Ρθηθ·

233 4799 532 4894 quemadmodum
562 4797 695 4889 cogniti
721 4817 854 4868 sumus.
912 4791 1033 4864 Primo
1055 4791 1218 4867 Christus
1371 4791 1412 4863 ln
1429 4792 1619 4878 iitverbis:
1643 4791 1721 4884 Ego
1735 4819 1885 4888 ponent,
1911 4817 1974 4886 ego
1990 4818 2144 4879 sumam,
2171 4819 2268 4888 pro·

233 4903 301 4987 ait,
327 4923 364 4972 se
385 4923 458 4972 csse
477 4902 624 4981 ostium,
651 4913 685 4969 et
703 4895 902 4980 ostiarium,
930 4895 992 4989 qui
1010 4897 1140 4968 revelet
1156 4921 1218 4990 pa·
1269 4895 1341 4967 dita
1359 4909 1441 4966 suut
1456 4910 1660 4986 argumenta
1677 4898 1875 4971 divinitatis
1883 4893 2028 4970 Christi·
2064 4895 2135 4967 Sed
2152 4921 2267 4989 prae-

233 5013 339 5087 trem3
374 5025 455 5094 ergo
478 5003 569 5076 ratio
590 5025 664 5071 non
685 4999 817 5070 revelat
837 5012 984 5090 patrem.
1039 4996 1149 5086 Item,
1181 5023 1218 5071 se
1267 5013 1321 5070 ter
1334 4993 1400 5068 hoc
1417 4997 1509 5080 vide,
1534 5000 1713 5090 quomodo
1729 5001 1851 5072 doceat
1866 5001 1982 5071 nosin
1997 4999 2266 5071 tentationibus

234 5127 307 5174 esse
325 5117 510 5195 pastorem,
531 5103 595 5200 qui
608 5117 735 5198 pascat,
756 5124 831 5171 nou
842 5099 992 5174 occidat.
1042 5098 1219 5188 Secundo,
1268 5113 1423 5192 spectare
1451 5121 1525 5168 non
1549 5112 1729 5169 externam
1754 5103 1826 5171 vim
1849 5103 1909 5172 sed
1932 5101 2151 5172 voluntatem
2175 5100 2266 5186 Dei,

232 5227 270 5273 se
301 5217 413 5274 morte
442 5228 503 5276 sua
528 5207 636 5276 vitam
660 5204 787 5274 ovibus
809 5203 1017 5288 redemisse,
1049 5215 1085 5272 et
1105 5217 1218 5274 morte
1268 5202 1368 5298 quasi
1387 5201 1436 5270 sic
1451 5201 1563 5272 dicat:
1591 5195 1699 5286 Esto,
1724 5203 1894 5277 invadant
1910 5216 2031 5297 portae
2045 5201 2269 5290 inferorum,

234 5303 374 5385 testari,
406 5306 500 5395 quod
526 5297 751 5378 soticitus'sit
775 5327 839 5396 pro
862 5306 1001 5379 ovibus.
1061 5301 1165 5374 Nunc
1189 5305 1219 5376 si
1240 5294 1245 5368 l
1267 5319 1386 5376 tamen
1401 5303 1524 5416 divina
1539 5292 1878 5400 voluntaleponam,
1900 5305 2066 5396 recipiam
2084 5305 2267 5378 animam.
