4616 5818
221 165 319 253 137⁴
824 167 950 241 rnen
975 167 1092 247 uun
1118 138 1654 259 senterauxaenrrca.

2177 186 2249 256 tas

219 353 384 446 stupescit
400 364 434 422 et
447 345 589 438 refugit.
644 341 730 414 idco
752 342 871 436 inquit
891 335 1085 434 Propheta:
1118 342 1209 434 Quis
1234 352 1237 439 l
1260 353 1375 425 voluit
1391 355 1480 424 illnd
1500 354 1537 422 in
1551 354 1756 424 universnm
1777 357 1905 446 perire,
1932 351 1997 425 nec
2010 355 2128 447 potuit
2144 379 2248 424 aver-

182 499 185 506 ·
203 485 206 498 ·
221 459 340 527 credet
355 450 512 523 sermoni
525 445 672 518 nostro?
723 443 793 516 Sed
810 467 876 514 nos
899 440 985 514 haec
1000 446 1208 534 cogitemus:
1233 449 1237 544 l
1259 456 1330 524 sari
1345 454 1477 526 Filium
1494 459 1759 546 deprecantem,
1784 459 1866 528 ideo
1881 460 2060 530 decretum
2085 461 2130 528 de
2154 456 2249 526 Filio

220 552 655 638 Cumcertumsitgenns
674 541 998 616 humanumaDeo
1022 548 1207 619 conditum
1234 577 1236 622 t
1261 558 1432 630 mittendo
1454 559 1584 628 factum
1605 572 1668 629 est,
1727 551 1942 652 thuidem
1974 557 2159 628 sciendum
2185 572 2252 642 est,

222 682 318 743 esse,
342 671 381 726 ut
394 657 468 748 ipse
484 664 710 741 agnoscatur,
735 663 872 718 certum
888 647 994 718 etiam
1012 673 1096 734 esse,
1112 654 1207 742 quod

1233 655 1237 760 l
1260 660 1406 746 gratiam
1423 661 1614 730 exuberare
1628 683 1733 751 supra
1750 675 1943 750 peecatum,
1969 675 2010 732 ut
2025 657 2249 753 inquitPau-

178 827 182 842 ,,
221 760 319 830 Dens
341 759 378 827 in
405 755 526 848 aliquo
543 753 650 821 verbo
666 774 741 820 sese
758 749 971 840 patefecerit.
1021 749 1141 820 Prima
1158 768 1208 820 est
1233 761 1236 856 j
1261 761 1332 829 tua:
1361 757 1426 832 Est
1439 762 1563 852 ingens
1579 760 1652 847 ira,
1679 764 1738 829 aed
1758 761 1916 853 placatur
1932 751 1995 852 per'
2010 756 2105 832 hunc
2121 763 2251 853 depre.

223 876 340 932 antem
371 854 456 926 haec
484 849 690 944 prophetica
720 853 881 921 doctrina
909 865 943 920 et
963 852 1086 936 unica,
1119 877 1208 946 qnae
1233 861 1237 940 l
1261 875 1426 934 carm-em,

223 962 389 1032 omnibus
412 957 585 1028 aetatibus
609 953 808 1026 testimonia
834 948 977 1036 habuit,
1006 955 1101 1046 quod
1125 955 1208 1024 sita

223 1064 299 1136 Deo
323 1061 462 1132 tradita.
513 1056 556 1125 ln
580 1053 644 1125 hac
669 1055 829 1124 doctrina
851 1055 1043 1124 revelatum
1069 1067 1120 1124 est
1141 1051 1210 1125 hec

225 1164 413 1234 consilium
428 1165 471 1230 de
488 1159 581 1228 Filio
599 1155 677 1228 Dei.
731 1154 814 1224 ldeo
831 1156 1070 1226 adsentiamur
1088 1171 1141 1227 tot
1159 1171 1209 1228 te-

224 1266 402 1337 stimoniis
438 1260 586 1342 divinis,
625 1258 874 1328 resurrectioni
917 1272 1141 1327 mortuorum
1177 1272 1209 1328 et

224 1369 322 1452 aliis,
349 1390 413 1435 nec
429 1383 664 1453 repugnemus
681 1359 760 1428 voci
775 1358 859 1443 Dei,
883 1359 1018 1430 etiamsi
1040 1383 1113 1428 non
1131 1383 1210 1452 per-

224 1470 392 1564 spicimus
409 1490 464 1534 res
479 1477 604 1535 tantas.

326 1568 517 1640 Deindede
531 1564 643 1634 eansis
657 1564 860 1652 cogitemus,
875 1587 948 1630 non
966 1563 1095 1633 frustra
1113 1577 1211 1634 tanta

225 1699 281 1744 res
297 1671 366 1742 Dei
382 1667 532 1739 consilio
549 1670 688 1735 decreta
705 1682 739 1735 et
756 1666 946 1736 corastituta
972 1678 1041 1749 est,
1066 1668 1125 1734 sed
1150 1689 1210 1732 ne-

225 1798 318 1846 cesse
341 1786 393 1842 est
419 1793 563 1858 magnas
591 1791 665 1835 esse
686 1791 817 1838 catssas.
883 1767 977 1836 Stant
1003 1780 1119 1835 autem
1142 1782 1211 1835 tres

226 1876 331 1946 nobis
347 1873 531 1966 praecipue
549 1869 765 1958 cogitandae.
820 1865 1033 1955 Magnitudo
1052 1869 1124 1936 irae
1142 1867 1209 1936 Dei

227 1980 395 2048 adversus
410 1985 608 2063 peccatum:
633 1966 682 2040 Et
695 1969 864 2038 immensa
880 1970 1212 2056 misericordiaDei,

225 2079 272 2150 Ee
287 2101 388 2148 amor
404 2074 489 2144 Filii
506 2095 586 2162 erga
601 2095 677 2142 nos.

299 2203 302 2209 ·
330 2176 505 2250 Conditus
526 2187 600 2268 erat
625 2169 733 2242 homo
755 2174 799 2242 ad
814 2173 1042 2241 excellentem
1057 2173 1210 2260 dignita·

227 2299 317 2367 tem,
349 2297 384 2352 et
407 2292 494 2348 esset
518 2276 634 2364 imago
657 2274 742 2353 Dei,
777 2276 906 2356 idest,
938 2287 979 2342 nt
1004 2276 1041 2341 in
1069 2270 1213 2344 homine

228 2406 365 2474 semper
383 2381 516 2450 luceret
534 2377 663 2445 noticia
682 2376 763 2457 Dei,
792 2387 826 2443 et
843 2375 940 2444 Dens
963 2375 1000 2442 in
1017 2400 1058 2443 eo
1075 2369 1211 2444 hahita·

227 2501 299 2568 ret,
326 2497 360 2554 et
383 2507 424 2550 eo
447 2481 701 2560 delectaretur,
729 2476 778 2544 ibi
802 2477 1038 2567 acquiesceret
1060 2501 1099 2544 ac
1122 2475 1210 2546 Sab-

228 2588 350 2657 batum
374 2594 509 2674 ageret,
535 2594 568 2650 et
594 2574 755 2648 homines
774 2601 853 2646 vere
879 2579 1066 2648 laudarent
1085 2575 1212 2650 Deum.

228 2686 331 2758 Hanc
353 2699 486 2760 tantam
509 2681 716 2770 dignitatem
741 2678 858 2748 amisit
875 2675 991 2748 Adam
1014 2702 1077 2748 suo
1101 2680 1212 2768 lapsu,

117 2863 120 2869 ,
229 2804 264 2861 et
288 2791 357 2858 iam
380 2800 559 2878 aeternam
590 2783 680 2852 iram
710 2793 906 2862 meruerat,
938 2779 1028 2849 sicut
1062 2780 1212 2854 diaboli:

230 2914 295 2962 nec
316 2891 390 2961 ulla
410 2901 570 2958 creatura
593 2885 730 2976 placare
752 2879 866 2950 Deum
890 2895 1046 2971 poterat,
1071 2905 1136 2951 nec
1158 2884 1213 2953 nl·

229 2995 305 3062 lum
323 3003 397 3062 erat
409 3011 474 3077 par
490 2986 646 3077 precium
664 3008 727 3074 pro
744 2996 899 3073 peccato.
929 2980 1010 3052 ldeo
1019 2981 1133 3052 Filius
1148 2984 1211 3053 Dei

230 3091 429 3165 intercessit
442 3089 495 3158 illi
511 3109 657 3175 magnae
674 3099 707 3154 et
724 3080 921 3153 horrendae
936 3085 1019 3166 irae,
1035 3098 1069 3156 et
1082 3085 1212 3157 factum

231 3210 282 3266 est
315 3197 493 3263 decretum
533 3183 600 3258 hoc
628 3179 878 3257 admirandum
920 3189 964 3254 de
997 3187 1214 3260 redemtione

231 3319 295 3389 per
310 3293 443 3366 Filium
459 3289 538 3363 Dei.

333 3395 372 3467 Si
388 3393 663 3483 intelligeremus
679 3391 920 3486 aliquomodo
938 3391 1026 3460 iram
1045 3387 1122 3472 Dei,
1136 3412 1216 3478 pos-

231 3521 348 3570 semus
359 3496 485 3566 melius
501 3495 654 3586 cogitare
670 3493 737 3563 hoc
753 3492 939 3562 consilium
955 3515 1116 3582 magnam
1132 3515 1212 3559 cau-

232 3625 306 3672 sam
336 3596 517 3668 habuisse:
556 3597 616 3664 secl
650 3591 806 3664 humana
839 3596 985 3664 caecitas
1014 3617 1078 3662 nec
1108 3591 1216 3679 videt,

234 3726 298 3773 nec
322 3712 422 3771 curat
446 3700 530 3783 ista,
556 3719 678 3766 verum
706 3691 861 3764 Ecclesia
887 3721 923 3764 se
945 3698 989 3764 ad
1008 3691 1134 3764 harum
1162 3719 1217 3763 re·

235 3829 314 3875 rum
346 3799 594 3892 cogitationem
630 3799 820 3866 accendere
856 3809 890 3863 et
922 3797 1072 3867 excitare
1105 3796 1218 3866 debet.

234 3904 391 3994 Angelos
420 3901 574 3972 arbitror
606 3898 890 3988 magnitudinem
923 3893 1057 3988 peceati
1086 3911 1120 3966 et
1149 3897 1220 3966 irae

234 4006 302 4077 Dei
318 4005 428 4095 magis
451 4015 545 4072 etex
568 3997 636 4070 hoc
652 4000 801 4070 consilio
821 3997 1025 4088 aestimare,
1053 4023 1157 4092 quam
1181 4023 1219 4070 ex

237 4101 361 4202 poenis
378 4104 531 4176 aeternis
546 4103 691 4175 diaboli.
745 4099 798 4171 Ac
815 4123 952 4170 necesse
970 4115 1020 4170 est
1042 4101 1138 4192 pium
1162 4127 1220 4192 pe-

236 4222 313 4279 ctus
329 4207 448 4276 animo
465 4202 710 4276 cohaerescere
721 4201 932 4292 cogitatione
947 4197 1074 4298 harum
1093 4228 1222 4274 rectam.

239 4307 345 4401 impii
361 4305 447 4378 haec
462 4331 537 4377 non
553 4321 698 4392 curant,
725 4305 807 4398 qnia
823 4328 898 4373 non
911 4305 1033 4374 vident
1049 4329 1154 4398 qnam
1172 4319 1222 4376 te-

236 4428 290 4486 tra
307 4433 360 4480 res
374 4410 419 4478 sit
442 4422 631 4500 peccatum.

340 4509 414 4580 Nos
443 4533 525 4580 vero
555 4509 766 4597 cogitemus,
800 4531 905 4602 quam
932 4501 1110 4577 horrenda
1133 4509 1223 4578 mala

240 4615 311 4687 sint
328 4625 525 4682 contemtus
540 4610 629 4689 Dei,
656 4607 823 4702 Epicurei
847 4610 1004 4690 inroras,
1032 4609 1225 4680 dubitatio-

239 4740 303 4787 nes
325 4717 370 4784 de
393 4711 488 4792 Deo,
515 4713 718 4796 idolatriae,
745 4727 780 4782 et
798 4710 984 4801 multiplex
1000 4712 1171 4782 ¹cosafusio
1193 4729 1225 4780 et

240 4813 462 4889 contumacia
479 4815 647 4884 adversus
662 4813 792 4884 Deum.
834 4812 931 4882 Haec
947 4813 1045 4882 illam
1064 4835 1224 4901 magnam

241 4921 331 4990 iram
345 4918 385 4986 in
401 4930 518 4987 mente
533 4914 598 4985 Dei
622 4917 711 4986 iusta
728 4915 943 4996 excitarunt,
968 4937 1074 5008 quam
1091 4916 1227 5005 placare

243 5043 315 5089 non
334 5019 450 5117 potuit
466 5017 539 5088 ulla
556 5032 733 5098 creatura,
758 5031 791 5092 st
807 5030 950 5109 propter
974 5039 1080 5109 qnam
1101 5020 1227 5109 depre-

242 5135 340 5192 cator
353 5121 466 5190 iactus
479 5136 532 5191 est
548 5117 674 5190 Filius.
726 5115 823 5188 Haec
838 5121 949 5210 prima
967 5139 1071 5188 carisa
1089 5132 1151 5189 est.

1365 961 1487 1034 Tertia
1510 977 1684 1035 causaest
1709 964 1821 1058 ipsius
1845 963 1931 1034 Filii
1953 989 2053 1034 amor
2068 985 2148 1054 erga
2172 985 2255 1046 nos,

1262 1090 1365 1160 quem
1389 1090 1529 1135 necesse
1550 1079 1600 1136 est
1617 1090 1738 1138 verum
1763 1079 1798 1136 et
1813 1066 2026 1134 immensum
2045 1088 2138 1144 esse,
2165 1088 2252 1132 cum

1261 1181 1296 1238 et
1311 1171 1517 1258 deprecator
1532 1169 1650 1252 tuerit,
1666 1183 1701 1238 et
1717 1181 1836 1259 postea
1853 1168 2002 1238 subierit
2018 1191 2167 1259 poenam
2182 1189 2253 1256 pro
2288 1223 2292 1236 .

1262 1271 1386 1349 nobis,
1411 1283 1446 1340 et
1460 1283 1630 1362 perpetuo
1648 1271 1692 1339 sit
1708 1269 1936 1361 propiciator.
2005 1350 2009 1360 q

1364 1369 1459 1439 Haec
1474 1373 1591 1440 omnia
1608 1371 1720 1462 pluris
1735 1371 1946 1456 faceremus,
1972 1369 2001 1438 si
2018 1368 2106 1437 iram
2123 1365 2192 1436 Dei
2218 1381 2258 1438 et

1265 1497 1457 1563 poenarum
1474 1475 1754 1564 magnitudinem
1768 1472 1922 1562 cogitare
1940 1494 2130 1563 possemus.
2170 1469 2256 1537 An-

1264 1576 1331 1663 geli
1362 1575 1514 1644 clamant
1545 1599 1580 1643 se
1615 1576 1832 1642 annunciare
1872 1595 2038 1664 magnum
2066 1572 2258 1658 gaudium,

1265 1677 1345 1768 qnia
1363 1675 1429 1766 ipsi
1447 1678 1651 1766 intelligunt
1665 1693 1795 1768 quanta
1812 1699 1866 1745 scs
1882 1675 1926 1744 sit
1948 1676 2000 1742 ira
2017 1671 2084 1741 Dei
2109 1686 2142 1741 et
2165 1697 2260 1763 poe-

1265 1803 1329 1846 nae
1345 1793 1524 1860 aeternae,
1541 1773 1620 1846 ideo
1636 1778 1750 1847 sciunt
1768 1772 1836 1845 hoc
1852 1773 2063 1846 beneficium
2079 1797 2160 1842 vere
2176 1798 2260 1840 mas-

1265 1903 1368 1968 gnam
1405 1879 1573 1950 laetitiam
1605 1878 1791 1948 'salvandis
1826 1880 2019 1968 parituram
2055 1897 2141 1943 esse:
2190 1878 2259 1942 sed

1265 1982 1419 2050 mulidus
1442 1977 1498 2049 his
1518 1983 1620 2049 rebns
1637 2003 1761 2071 parum
1779 1981 1948 2064 allicitur,
1976 1974 2083 2047 habet
2100 1976 2261 2068 quisque

1264 2107 1326 2151 sna
1347 2083 1510 2170 negocia,
1527 2107 1616 2175 qnae
1629 2082 1826 2172 voluptates
1842 2095 1904 2150 ant
1920 2079 2059 2151 dolores
2075 2079 2261 2146 adferunt.

1265 2181 1367 2250 Hanc
1389 2185 1611 2276 praecipuam
1643 2207 1737 2267 rem,
1772 2181 1839 2252 Dei
1869 2177 2190 2252 reconciliationem
2224 2194 2265 2248 et

1266 2286 1372 2353 vitam
1401 2303 1577 2354 aeternam
1603 2285 1701 2373 pauci
1726 2298 1866 2355 caecant:
1894 2285 1959 2352 sed.
1978 2279 2015 2350 hi
2040 2280 2101 2373 qui
2126 2296 2264 2349 curant

1266 2400 1298 2454 et
1316 2402 1450 2458 nonant
1465 2401 1656 2477 peccatum,
1683 2381 1737 2454 his
1754 2399 1804 2454 est
1821 2408 1947 2474 magna
1964 2381 2157 2452 consolatio
2168 2379 2265 2448 Filii

1266 2487 1410 2576 agnitio.
1470 2487 1517 2556 lli
1549 2489 1592 2555 de
1623 2486 1861 2578 appellatione
1885 2485 1989 2554 herlus
2014 2483 2176 2551 beneficii
2204 2497 2267 2550 te-

1266 2603 1374 2657 neant
1396 2589 1595 2658 doctrinam
1619 2589 1663 2660 de
1689 2589 1776 2671 lide,
1809 2613 1897 2681 quae
1927 2583 1985 2656 bic
2014 2586 2051 2652 in
2083 2583 2267 2676 particula

1268 2681 1388 2762 Vobis
1402 2691 1634 2780 significatur:
1661 2688 1772 2758 Vobis
1786 2688 1964 2758 annuncio
1982 2685 2166 2780 gaudium,
2195 2711 2269 2755 vo-

1266 2791 1320 2859 bis
1336 2804 1439 2861 natus
1457 2806 1525 2876 est,
1552 2793 1588 2858 id
1606 2803 1668 2876 est,
1694 2792 1936 2884 unnsquisque
1953 2799 2082 2860 statuat
2097 2811 2161 2876 pro
2184 2812 2268 2856 sese

1267 2889 1401 2961 Filium
1417 2893 1484 2963 Dei
1503 2893 1683 2962 victimam
1702 2916 1773 2960 essa
1789 2895 1937 2975 factum,
1964 2890 2032 2972 sibi
2049 2889 2268 2958 reconcilia-

1266 3007 1342 3064 tum
1365 3019 1436 3064 esse
1455 3011 1607 3086 patrem,
1636 2994 1702 3063 sibi
1723 2994 1895 3064 redditam
1919 3016 1992 3062 esse
2015 2990 2122 3060 vitam
2144 3003 2270 3060 aeter-

1266 3120 1361 3170 nam.

1472 3263 1537 3332 De
1565 3267 1752 3334 caratiae
1781 3261 2071 3356 cap-elerum.

1371 3389 1470 3461 Sicut
1484 3390 1869 3485 Prophetae'de'regno
1887 3391 2037 3462 Messias
2061 3389 2271 3481 loquentes,

1271 3494 1469 3586 plerunque
1485 3497 1529 3574 de
1557 3495 1863 3568 consummatione
1886 3495 2103 3587 loquuntur,
2130 3491 2272 3560 videli-

1270 3608 1324 3665 c'et
1346 3595 1469 3676 deillo
1488 3596 1568 3684 ipso
1602 3600 1724 3668 futuro
1749 3610 1860 3679 statu,
1893 3597 1930 3663 in
1963 3619 2033 3686 quo
2064 3593 2273 3664 resuscitati

1271 3699 1431 3766 lcaremnr
1448 3709 1589 3766 aeterna
1604 3699 1811 3786 gloria-cnut
1826 3695 1982 3780 Christo,
2007 3699 2056 3765 ita
2072 3693 2102 3762 si
2120 3689 2178 3763 hic
2193 3719 2270 3764 an-

1272 3798 1430 3888 gelornm
1457 3793 1629 3890 hymnum
1654 3803 1696 3867 ad
1722 3822 1804 3870 estne
1830 3814 1957 3869 statum
1980 3798 2127 3875 referas,
2152 3820 2271 3887 quem

1273 3913 1365 3970 certe
1386 3902 1670 3998 complectuntur
1691 3902 1825 3991 angeli,
1858 3900 2013 3990 facilima
2042 3897 2108 3968 erit
2140 3897 2273 3968 decla-

1273 4002 1376 4074 ratio.

1375 4097 1423 4172 Et
1438 4097 1591 4196 hytnnns
1608 4117 1658 4174 est
1674 4104 1863 4193 descriptio
1889 4103 1985 4174 illins
2000 4099 2134 4170 aeterni
2150 4104 2277 4190 regni,

1275 4203 1534 4297 qnasidicant:
1563 4205 1711 4294 Messias
1727 4207 1859 4275 adlucet
1877 4206 1983 4274 vobis
2001 4203 2166 4290 deinceps
2189 4226 2278 4274 nnn

1277 4306 1464 4395 imperium
1489 4308 1633 4389 mundi,
1656 4308 1924 4400 sicutpntatis,
1950 4307 2010 4374 sed
2035 4303 2131 4372 alintl
2148 4311 2280 4394 qnod-

1278 4409 1358 4478 dam
1385 4429 1549 4494 regnum,
1577 4411 1672 4502 quod
1695 4409 1762 4480 erit
1783 4409 1870 4480 tale:
1885 4407 1994 4478 *Dens
2020 4429 2136 4474 coram
2155 4427 2281 4495 agno-

1277 4522 1410 4590 scetur,
1437 4522 1469 4579 et
1485 4524 1569 4582 tnnc
1587 4523 1727 4582 aeterna
1743 4524 1777 4580 et
1794 4534 1873 4580 vera
1889 4511 1993 4580 laude
2006 4507 2083 4575 sine
2098 4506 2183 4574 ullis
2200 4511 2284 4580 clu-

1279 4610 1511 4679 bitationibns
1535 4611 1788 4690 celebrabitur,
1820 4611 2058 4697 intelligemus
2087 4615 2283 4700 quomodo

1278 4713 1324 4782 sit
1347 4714 1510 4782 conditus
1529 4708 1655 4794 horno,
1681 4713 1921 4801 intelligemus
1941 4712 2032 4780 iram
2049 4703 2126 4776 Da·
2139 4711 2283 4781 adver-

1277 4828 1533 4903 snspeccatum,
1548 4826 1581 4881 et
1591 4815 1872 4904 praedicabimus
1882 4810 2171 4893 misericordiam,
2184 4836 2286 4884 con-

1279 4915 1466 5006 spiciemus
1487 4913 1619 4983 Filium
1636 4910 1738 4994 Dei,
1764 4929 1798 4986 et
1815 4914 1930 5008 qualis
1951 4913 1996 4984 sit
2013 4912 2074 4982 illa
2099 4911 2286 4987 'miranda

1279 5015 1427 5086 societas
1454 5017 1598 5088 divinae
1628 5031 1662 5086 et
1686 5013 1861 5087 humanae
1887 5029 2033 5085 naturae
2059 5013 2287 5104 videbimus,

1280 5140 1463 5189 cernemus
1475 5122 1655 5210 quemodo
1678 5141 1818 5211 semper
1841 5111 2215 5197 adiuerit‘Eccle'siae,
2247 5138 2286 5192 ee

346 5221 510 5293 Secunda
540 5234 592 5291 est
621 5221 792 5293 immensa
821 5219 1060 5290 misericordia
1094 5219 1230 5291 aeterni
1281 5221 1459 5312 quomodo
1480 5217 2135 5300 factasuntarirandaetiaerntones,
2161 5217 2286 5290 inter.

245 5323 369 5420 patris:
397 5323 605 5420 condiderat
627 5346 716 5416 opus
736 5349 807 5417 quo
825 5323 937 5394 voluit
951 5323 1138 5406 delectari,
1158 5345 1230 5392 nec
1252 5299 1257 5404 l
1282 5321 1390 5392 cessio
1416 5337 1494 5413 post
1519 5315 1678 5414 lapsum,
1702 5323 1865 5394 liberatio
1886 5323 1924 5391 in
1944 5319 2101 5402 diluvio,
2118 5319 2164 5388 in
2183 5326 2286 5394 mari
