4662 5830
159 271 165 288 Ι
217 219 224 251 s
274 182 324 256 ao
500 205 506 220 =
877 165 1001 246 ratu
1027 163 1144 244 uun.
1171 125 1714 243 senseranxnunrtcs.
1837 188 1843 198 ,
2271 179 2312 250 aa

276 356 402 428 iisdem
422 348 583 424 fontibus
607 345 705 417 oriri.
760 340 845 414 ldeo
868 343 1038 434 scriptum
1062 353 1129 412 est:
1164 339 1268 412 Hila-
1422 335 1512 425 llius
1532 340 1586 410 rei
1601 342 1759 434 exempla
1774 341 1972 414 recitantur
1986 346 2097 436 digna
2113 347 2312 419 considera.

277 479 352 530 rem
384 454 544 524 datorem
560 449 678 538 diligit
701 443 810 518 Deus.
870 440 919 515 Et
941 443 1188 516 dulcissimum
1211 456 1263 513 est
1321 444 1433 515 tione.
1484 437 1654 514 Ionathas
1677 445 2094 536 adversaturpatrisno‚
2122 462 2312 522 etnonso-

278 557 456 630 Graecum
477 553 629 624 dlfflffl‘i
660 543 830 645 χαρίτων
849 541 932 620 δὲτδ
954 540 1082 640 θυμὸς
1103 543 1265 642 ἄριστος.
1321 546 1397 615 lum
1422 545 1649 632 testimonio,
1674 548 1735 616 sed
1758 547 1865 618 etiam
1887 548 1968 617 aliis
1988 549 2118 618 officiis
2134 550 2237 622 iuvat
2252 549 2312 622 Da·

279 659 434 731 Animus
451 655 488 723 in
503 651 683 724 beneficiis
698 663 750 720 est
764 649 934 740 optimus.
983 646 1030 718 Et
1047 650 1141 738 apud
1160 645 1272 718 Sene·
1323 648 1460 732 videm,
1494 648 1571 716 sine
1592 648 1779 723 seditione.
1831 646 1968 719 Abdias
1991 651 2084 720 clam
2112 653 2215 742 pavit
2235 651 2312 724 Pro

279 785 355 834 cam
371 758 501 848 legitur
516 756 649 825 dictum
666 748 789 832 Fabii,
815 751 877 844 qui
892 749 1025 843 inquit:
1052 747 1271 819 Beneficium
1324 746 1467 842 phetas,
1499 748 1619 840 pulsos
1649 775 1668 820 a
1700 747 1844 820 lesabel.
1907 749 2095 829 Ieremiam
2123 748 2312 825 Eunuchus

280 861 431 954 superbe
452 859 574 927 datum
598 856 643 925 ab
666 849 812 924 homine
836 855 947 933 duro,
971 851 1087 922 simile
1111 863 1164 922 est
1188 851 1273 943 pani
1325 846 1477 922 extrahit
1504 875 1544 921 ex
1573 875 1721 925 carcere.
1781 852 1976 948 Aegyptiae
2005 855 2220 926 obstetrices
2250 881 2312 928 ser-

280 964 455 1058 l³P3d⁰⁸00
1325 967 1411 1024 vant
1441 951 1594 1024 infantes
1617 953 1841 1029 lsraeliticos.
1898 951 2029 1028 Rahab
2052 972 2178 1028 servat
2203 960 2312 1051 explo.

382 1097 438 1168 sig
458 1093 569 1184 figam,
589 1090 772 1162 fugandis
786 1089 966 1159 beneficii,
982 1087 1147 1159 voluntas
1163 1087 1274 1156 bene,
1325 1069 1460 1125 ratores
1477 1054 1700 1130 lsrae'liticos.
1752 1055 1933 1148 Tempore
1946 1058 2174 1130 Diocletiani
2188 1061 2242 1132 vir
2258 1087 2312 1131 no

1225 1184 1275 1258 Et
1325 1157 1409 1227 bilis
1432 1157 1470 1225 in
1491 1157 1581 1228 urhe
1602 1155 1793 1252 Bithyniae
1815 1157 2042 1241 Nicomedi-a,
2071 1162 2233 1232 edictum
2256 1163 2312 1233 im-

282 1202 380 1286 licia,
405 1196 533 1289 cupida
557 1193 727 1276 iuvandi,
752 1192 875 1261 favens
899 1192 1035 1261 alienae
1054 1190 1172 1260 saluti.
1472 1257 1480 1276 ,
1576 1261 1585 1278 ‚
1714 1262 1722 1278 ,
1800 1262 1809 1278 ,
2172 1265 2181 1281 ‚

1251 1291 1275 1375 ἰ,
1327 1272 1500 1350 peratorts
1515 1261 1559 1328 de
1573 1262 1827 1332 interficiendis
1842 1256 2057 1332 Chrrstrams
2075 1265 2223 1356 publice
2238 1291 2311 1336 con-

282 1326 362 1376 cum
392 1300 472 1369 talis
496 1311 565 1382 est,
597 1296 625 1366 si
651 1297 792 1365 luceant
814 1294 852 1361 in
876 1309 1016 1386 pectore
1038 1291 1173 1382 agnitio
1195 1289 1249 1361 De
1430 1360 1439 1377 ‚
1882 1364 1891 1380 ο
1922 1365 1931 1380 ·
2207 1367 2215 1384 ·

281 1405 386 1488 fida,
417 1425 518 1471 amo„
548 1395 907 1480 communssgalufis,
941 1408 976 1466 et
997 1395 1162 1464 volum„
1182 1393 1274 1462 refe,
1327 1375 1472 1480 cerpsrt,
1507 1374 1547 1444 ut
1568 1364 1789 1447 ostenderet,
1822 1377 2048 1436 semiustam
2075 1366 2308 1437 crudelitatem

284 1529 366 1576 rens
389 1505 433 1573 ad
456 1502 606 1594 gloriam
628 1498 696 1570 Dei
722 1492 811 1568 haec'
829 1497 964 1583 officia,
993 1498 1032 1567 lit
1055 1492 1140 1566 haec
1162 1496 1276 1564 virtus
1326 1463 1539 1555 ¹¹¹¹Pl⁰b³ffi
1586 1565 1595 1582 ·
2032 1568 2051 1582 ..
2177 1569 2185 1586 .
2302 1573 2308 1588 .

283 1610 399 1680 custus
415 1605 497 1677 nef,
1428 1563 1659 1650 Contrarium
1683 1565 1880 1656 exemplum
1904 1582 1955 1638 est
1970 1563 2094 1656 Doeg‚
2123 1591 2186 1660 qur
2210 1570 2307 1640 turon

1327 1664 1414 1738 Saul
1442 1690 1578 1736 morem
1609 1687 1748 1757 gerens,
1783 1668 1976 1739 crudeliter
1999 1668 2187 1740 interfecit
2216 1672 2307 1740 inno-

387 1739 522 1812 C⁰¹¹m
544 1761 629 1807 vem
653 1737 690 1804 in
715 1731 862 1806 hmine
878 1738 1023 1814 ¹¹¹v¹d⁰’
1049 1733 1224 1803 ¹⁰³¹⁸V⁰¹⁰
1243 1746 1277 1803 ⁰²
1329 1782 1445 1838 centes
1477 1770 1685 1841 sacerdotes.
1737 1770 1790 1840 Ita
1819 1771 1924 1840 multi
1950 1765 2018 1839 hoc
2042 1784 2207 1863 tempore
2226 1773 2307 1843 iniu-

286 1843 475 1936 ⁵¹¹⁵Pl⁰³⁶la
508 1862 633 1958 min?
665 1838 826 1957 “3¹¹,sffil0
857 1851 908 1908 ²⁵¹
933 1835 1164 1954 R⁰⁵⁵l¹¹¹⁰m¹⁰
1190 1834 1276 1904 ‘'ff‘'
1327 1884 1417 1940 stam
1440 1870 1641 1954 saevitiam,
1675 1895 1765 1964 quae
1787 1887 1968 1942 exercetur
1987 1872 2162 1944 adversus
2187 1891 2307 1944 nostras

286 1963 420 2019 einum·
473 1940 557 2060 lde?
582 1937 639 2010 h¹⁰
663 1942 766 2059 dJUli
800 1933 852 2008 In
877 1933 950 2007 Μ’
974 1930 1077 2008 ‘md‘
1099 1944 1276 2055 SP‘f‘m'f'
1328 1967 1523 2054 Ecclesias,
1557 1974 1769 2042 confirmant
1792 1987 1852 2042 aut
1874 1975 2008 2065 palam,
2035 1949 2101 2044 tint
2123 1999 2189 2045 suo
2214 1976 2304 2044 silen-

286 2070 372 2120 csse.
425 2039 630 2136 thurdem
646 2063 759 2130 reipsa
773 2042 843 2113 tale
858 2065 919 2111 cor
934 2041 1050 2110 cloaca
1066 2040 1287 2117 estdrabolr.¹
1328 2074 1391 2147 fio·
1443 2069 1893 2164 Hicogistmhocdicmm
1909 2074 2306 2158 Salomonismemma¹

286 2150 371 2221 ¹⁶⁶⁰
398 2145 568 2236 mimum
598 2157 649 2212 ⁸⁵²
679 2143 716 2210 in
743 2137 918 2212 1⁰h³¹¹⁰⁰²
955 2138 1029 2229 0¹¹1
1059 2165 1135 2208 ¹¹⁰⁰
1159 2140 1296 2244 diligit.
1329 2190 1362 2246 ct
1383 2176 1652 2246 commonefac'ti
1674 2176 1872 2246 tristissima
1891 2177 2173 2249 comminatione
2187 2175 2303 2247 Christi

285 2255 450 2334 fratrem,
476 2242 656 2315 homicida
674 2258 736 2317 est.
1329 2278 1518 2346 emendent
1539 2299 1587 2346 se.
1611 2281 1616 2289 '
1646 2275 1827 2369 Scriptum
1850 2290 1903 2347 est
1927 2279 2022 2346 enim
2049 2273 2225 2349 Matthaei
2240 2279 2303 2352 dh:

387 2380 437 2454 Et
463 2377 791 2448 manifestissimum
815 2388 886 2452 est,
920 2373 1073 2443 multum
1095 2373 1277 2443 calamita·
1329 2376 1457 2447 Veniet
1479 2400 1585 2467 super
1608 2400 1666 2447 eos
1686 2379 1802 2448 omnis
1821 2379 1963 2468 sanguis
1981 2380 2098 2449 iustus
2115 2381 2242 2450 effusus
2256 2405 2301 2450 su·

287 2505 363 2562 tum
393 2508 411 2553 a
441 2481 573 2552 talibus
604 2477 710 2558 oriri,
742 2500 823 2546 cum
847 2474 1095 2547 malevolentia
1117 2474 1278 2564 indulget
1329 2502 1393 2569 per
1416 2493 1546 2549 terram
1562 2479 1655 2565 inde
1677 2505 1788 2574 usque
1812 2503 1832 2548 a
1855 2504 1938 2550 nece
1961 2477 2057 2551 Abel
2079 2482 2185 2567 iusti,
2210 2506 2302 2574 usque

287 2581 569 2678 suspicionibus,
598 2594 632 2652 et
655 2580 742 2649 salsa
766 2578 1017 2672 ratiocinatur,
1042 2588 1078 2646 et
1092 2589 1131 2646 ut
1145 2601 1182 2646 se
1198 2601 1277 2649 rnu-
1327 2581 1373 2649 ad
1387 2574 1607 2654 Zachariam.
2311 2595 2312 2612 ¹

288 2692 381 2773 nist,
407 2685 496 2757 alios
518 2683 634 2752 delere
657 2694 823 2760 conatur,
851 2678 1039 2770 dequibus
1056 2678 1277 2770 malesnspi-
1430 2677 1546 2771 Digna
1576 2682 1745 2752 memoria
1776 2698 1826 2754 est
1849 2677 1953 2755 atiani
1978 2678 2226 2754 honestissima
2248 2706 2300 2750 vox

288 2807 399 2864 catur.
450 2783 499 2856 Et
520 2783 709 2875 singularis
730 2782 878 2853 felicitas
899 2793 951 2850 est
971 2780 1058 2850 tales
1074 2801 1212 2878 cavere,
1237 2793 1278 2850 ut
1331 2782 1500 2868 Traiani,
1539 2786 1602 2879 qui
1631 2785 1720 2855 dans
1749 2785 1905 2874 gladium
1937 2783 2114 2876 Magistro
2145 2785 2299 2878 equitum:

288 2892 348 2964 hic
369 2890 472 2962 dicit:
503 2885 558 2956 Ne
579 2888 741 2956 comedas
762 2907 842 2953 cum
866 2881 990 2952 invido
1013 2904 1139 2973 panem
1161 2895 1277 2952 tuum.
1329 2882 1458 2970 Hunc,
1484 2886 1622 2978 inquit,
1647 2887 1803 2977 gladium
1827 2887 1891 2957 tibi
1916 2889 2036 2968 trado,
2062 2901 2104 2958 ut
2125 2911 2165 2959 eo
2182 2907 2298 2978 prome

184 2979 187 2986 Ι
288 2995 335 3069 Et
364 2995 410 3065 sit
434 2988 624 3061 mediocris
651 2983 832 3076 diligentia
858 2985 897 3054 in
919 2984 1187 3053 considerandis
1210 2980 1277 3053 ho·
1327 2988 1458 3071 utaris,
1492 3011 1573 3057 cum
1597 2988 1687 3059 iusta
1711 2990 1819 3060 facio:
1848 2989 1982 3059 Contra
2005 3013 2063 3059 me
2086 3015 2169 3060 vero
2193 2985 2297 3065 utaris,

289 3097 430 3167 minum
440 3090 701 3173 voluntatibus,
725 3081 1129 3178 sicutChristusinquit:
1155 3082 1279 3158 Estote
1327 3089 1358 3158 si
1376 3089 1506 3159 iniusta
1524 3089 1626 3161 facio.
2120 3078 2123 3086 ’

289 3197 468 3289 simplices
497 3193 587 3261 sicut
617 3190 821 3272 columbae,
855 3189 893 3258 id
921 3201 990 3268 est,
1023 3188 1100 3256 sine
1121 3188 1278 3258 malevo-
2266 3268 2271 3284 Ι

290 3299 421 3382 lentia,
452 3310 485 3367 et
516 3293 707 3385 prudentes
737 3290 828 3360 sicut
855 3301 1053 3380 serpentes,
1087 3289 1148 3381 qui
1173 3303 1280 3380 caput
1378 3269 1438 3346 Ne
1465 3270 1656 3366 insidieris
1682 3273 1790 3368 impie
1813 3268 2034 3344 habitaculo
2058 3273 2164 3345 iusti:
2188 3279 2298 3368 septus

289 3413 454 3482 tuentur„
483 3409 516 3466 et
539 3395 632 3464 inter
655 3393 787 3463 multos
812 3392 851 3460 in
872 3391 977 3463 turba
1000 3406 1196 3480 agnoscunt
1211 3388 1278 3462 ho·
1431 3376 1529 3447 enim
1545 3371 1645 3446 cadt'l
1662 3376 1781 3448 iustus
1798 3385 1829 3446 el
1849 3374 2006 3470 resurgit
2024 3387 2095 3452 etc..

289 3517 377 3575 stem
394 3523 517 3582 suum,
543 3509 575 3566 et
593 3496 695 3566 illum
712 3508 855 3587 petunt,
881 3493 1027 3564 caeteris
1045 3493 1195 3569 omissis.
1433 3524 1577 3619 Repetit
1609 3543 1848 3619 praeceptum:
1889 3527 1969 3597 Non
1996 3532 2154 3616 occidas,
2194 3527 2296 3598 addim

1330 3630 1670 3700 commonefactione
1691 3633 1735 3699 de
1754 3627 2029 3726 ἐπιχαιρεκακίᾳ
2047 3648 2081 3703 et
2098 3630 2295 3726 σαρκασμῴ.

617 3744 755 3856 Capul
790 3747 958 3832 XXIV,
1329 3729 1421 3800 Cum
1444 3731 1539 3800 enim
1564 3731 1688 3801 vident
1711 3733 1812 3822 impii
1831 3747 1866 3802 et
1882 3734 1977 3802 saevi
1994 3728 2157 3802 homiues
2172 3729 2295 3802 calami-

1330 3845 1418 3903 tates
1436 3834 1598 3924 piorum,
1626 3828 1690 3903 hac
1707 3835 1781 3924 ipsa
1800 3835 2024 3904 deformitate
2043 3859 2163 3905 eorum
2180 3834 2295 3908 laetan-

344 3915 487 3992 ΜΝ
513 3939 572 3988 ⁶⁰⁸
594 3917 663 4014 (ΙΨ.
687 3908 890 3985 ‘falluntur
906 3909 961 3984 “d
976 3922 1143 3999 ”²⁰'l‘mv
1170 3925 1201 3984 ⁶¹
1216 3915 1284 4013 ‘1¹¹¹'
1330 3948 1408 4018 tur,
1440 3949 1475 4004 et
1503 3935 1594 4005 fiunt
1619 3937 1849 4019 rabiosiores,
1883 3937 1970 4006 sicut
1993 3939 2114 4008 Semei
2137 3928 2295 4004 maledicit

390 4027 591 4122 proterant
608 4014 812 4103 adetum.
839 4026 1042 4113 campora.
1330 4033 1473 4108 navias.
1527 4033 1617 4107 cum
1642 4039 1737 4106 enim
1757 4038 1890 4131 anasse:
1917 4033 2059 4137 sapsas
2076 4039 2114 4108 a
2131 4025 2294 4106 caecata,

393 4190 487 4263 Nota
508 4203 593 4262 sunt
614 4183 699 4259 haec
722 4199 922 4277 praecepta:
957 4183 1038 4254 Non
1060 4187 1199 4256 occidas
1216 4202 1280 4263 etc.
1332 4140 1518 4230 praecipue
1540 4141 1584 4207 de
1607 4139 1700 4208 “¹³¹⁰
1722 4163 1874 4230 P⁰e¹¹³⁸v
1905 4139 1943 4210 ld
1966 4155 2038 4226 0⁵¹2
2069 4143 2112 4210 ‘l‘
2135 4135 2291 4208 Cfllflffllffl·

291 4297 372 4372 Non
398 4291 637 4364 communices
662 4287 788 4359 alienis
812 4288 973 4380 peccatis·
1032 4284 1128 4357 Deus
1150 4304 1279 4359 etm-
1330 4242 1445 4359 tibus,
1487 4240 1655 4333 loquitur.
1714 4239 1760 4312 Et
1790 4257 1905 4312 tamen
1934 4249 2104 4314 accedunt
2135 4238 2292 4358 interdum

1230 4377 1231 4380 ¹
1330 4356 1435 4412 ettam
1466 4343 1557 4412 mala
1588 4343 1730 4434 culpae,
1765 4367 1854 4437 quae
1883 4341 2066 4416 attrahunt
2089 4344 2291 4413 calamitates.

290 4396 454 4491 dimini
474 4392 672 4485 “privam
692 4389 879 4482 Praecipii’
907 4389 1279 4509 ⁰⁰¹i⁰⁶⁰id⁰fiinnsp
1329 4441 1383 4514 Ex
1405 4441 1462 4515 his
1485 4457 1601 4513 tamen
1624 4469 1719 4514 emer
1742 4447 1769 4517 it
1795 4447 1904 4517 iustus
1958 4449 2047 4518 sicut
2072 4443 2181 4515 David
2223 4433 2290 4506 Mt·

291 4516 441 4574 centem.
491 4493 669 4584 Praecipit
691 4493 796 4562 etiam
821 4514 898 4560 non
922 4493 1278 4564 adiuvarernrustam
1330 4570 1448 4628 nam,
1476 4469 1924 4618 etaliiin‘numgembssffi’
2191 4497 2199 4526 ³

291 4600 548 4676 crudelitatem.
602 4593 757 4682 Quando
780 4607 897 4665 autem
921 4605 954 4661 et
976 4618 1047 4684 quo
1063 4597 1189 4664 ordine
1203 4621 1279 4666 ma-

289 4707 455 4797 gistratus
478 4696 604 4770 tollere
627 4697 752 4766 debeat
775 4707 932 4780 sontes,
949 4695 1070 4764 addita
1094 4711 1146 4767 est
1166 4695 1279 4768 Deca-

290 4810 370 4898 logo
393 4801 602 4894 explicatio,
626 4810 667 4868 ut
683 4795 788 4876 Dent.
809 4798 866 4870 19.
891 4810 925 4866 et
941 4796 1039 4871 alibi.
1091 4797 1147 4870 Sit
1161 4814 1277 4870 autem

237 4916 242 4924 '
288 4909 511 4996 magistratus
542 4913 659 4971 custos
681 4900 774 4968 vitae
798 4899 1048 4988 innocentum,
1080 4901 1171 4970 sicut
1192 4901 1277 4972 scri-

289 5023 390 5103 ptnm
413 5001 680 5077 esttenete:
707 5000 780 5070 Dei
804 4999 966 5071 minister
988 5013 1057 5085 est,
1084 5002 1213 5074 vindex
1233 5029 1251 5073 a

289 5132 439 5206 poenam
461 5106 512 5190 ci,
546 5098 610 5199 qui
630 5102 722 5172 male
745 5101 837 5172 facit.
889 5098 936 5172 Et
959 5102 1090 5193 privati
1113 5098 1277 5176 homines

287 5213 365 5285 sine
388 5207 582 5290 seditione,
624 5216 798 5299 quantum
821 5218 972 5294 possunt
993 5229 1057 5295 pro
1083 5209 1277 5295 rotatione,
1429 5209 1495 5283 Est
1515 5227 1550 5281 et
1572 5207 1657 5283 haec
1680 5207 1850 5285 sentehtia
1875 5216 1968 5286 inter
1985 5214 2179 5308 praecipuas
2195 5195 2282 5270 huius

286 5317 519 5388 adversentur
532 5307 684 5379 iniustae
699 5305 876 5408 saevitiae.
1171 5355 1173 5362 ,
1326 5312 1411 5384 libri
1434 5315 1673 5400 observanda,
1701 5341 1788 5408 quae
1811 5313 1980 5411 praecipit
1995 5308 2235 5388 obedientiam,
2258 5303 2283 5358 tl

1382 4745 1488 4820 Time
1503 4745 1712 4822 Dominum
1730 4743 1811 4840 fili,
1838 4763 1869 4821 et
1894 4777 2030 4848 regem,
2059 4760 2089 4820 et
2113 4769 2187 4816 cum
2207 4729 2288 4808 sedi-

1430 4853 1536 4923 tiosis
1553 4875 1597 4921 ne
1612 4854 1893 4924 commiscearis:

1254 5006 1276 5076 d
1376 4949 1480 5052 Quia
1502 4952 1624 5025 subito
1647 4954 1758 5024 veniet
1776 4955 1928 5027 esitium
1946 4982 2087 5040 cerunt,
2113 4961 2143 5022 et
2157 4943 2286 5016 ruinam

1428 5054 1683 5128 seditiosorum
1698 5057 1782 5156 quis
1795 5060 1905 5134 novit.
