4674 5822
109 199 211 280 lim
350 215 353 229 ·
399 195 482 275 llll.
534 191 931 272 annotationes
955 191 1022 270 ΕΤ
1047 185 1333 268 conciones
1371 189 1422 262 ΙΝ
1454 189 1636 272 nvnNG.
1662 191 1877 278 lOANNlS.
2051 208 2149 287 ttae
2229 136 2234 144 Ι

110 373 216 446 Unde
234 374 320 442 ,Μὴ
343 385 508 463 mmm,
540 373 653 462 legem
675 388 750 453 uon
775 391 877 462 posse
897 367 973 437 lieri
988 365 1102 435 libero
1152 361 1292 450 Deum,
1325 353 1434 436 sentit
1455 386 1493 434 se
1511 365 1623 438 reiiei.
1672 365 1794 441 Habes
1815 374 2015 467 exemplum
2037 377 2076 448 in
2095 379 2148 450 ls-

108 475 271 548 arbitrio.
330 475 467 546 Natura
498 473 595 546 euim
625 472 883 568 quaeritquae
915 482 1103 541 sursunt.
1153 466 1289 538 raie'litis
1321 468 1633 538 murmurantibus
1670 474 1841 545 adversus
1867 474 2032 574 Moysen.
2098 479 2148 553 Et

107 576 221 650 Vides
241 579 346 670 item,
380 577 561 672 quomodo
589 575 636 646 sit
665 574 852 644 interdicta
876 595 1015 661 rernm,
1048 569 1102 638 ia·
1153 563 1585 664 quoditicaitClrrietus,
1609 565 1750 644 servum
1775 577 1909 648 nescire
1924 581 2145 655 volontatem

107 705 205 771 mae,
254 679 345 750 vitae
380 679 547 752 vindicta.
614 674 717 750 Sicut
743 676 782 746 in
806 671 1101 746 Deuteronomio:
1153 671 1312 757 domini,
1359 665 1509 762 pulchre
1544 675 1689 764 apparet
1712 675 1749 746 in
1779 681 1898 750 uerbis
1936 682 2146 760 israeliticae

107 777 206 852 Mihi
228 783 403 864 vindicta,
434 779 553 875 itaque
573 779 664 850 sicut
686 777 762 850 Deo
792 777 918 854 adimit
940 775 1101 866 gloriam,
1152 773 1391 844 multitudinis
1413 769 1526 846 Exod.
1542 773 1679 847 XVll.:
1713 773 1824 850 Estne
1839 784 2008 856 dominns
2024 787 2061 856 iu
2078 813 2145 858 no·

107 885 171 975 qtri
189 887 313 974 ipsese
332 881 517 966 iustificat,
543 883 605 976 qui
625 881 695 950 sibi
716 879 924 971 sapientiam
940 890 1100 967 arrogat:
1152 877 1225 962 bis,
1252 900 1299 944 au
1314 873 1413 944 non?
1462 869 1511 945 Et
1529 874 1672 948 Denter.
1687 877 1840 956 XXlX.:
1866 881 1947 954 Non
1963 889 2061 960 dedit
2079 917 2146 965 uo-

107 986 158 1056 ita
180 987 312 1078 gloriae
327 987 398 1056 Dei
414 979 589 1068 detrahit,
617 983 679 1076 qui
700 982 769 1053 sibi
784 981 976 1052 vindictam
1001 1003 1101 1050 arro-

107 1101 205 1262 1εὲἑεί
223 1085 276 1264 ᾗ
299 1111 340 1157 ex
361 1082 430 1158 boc
453 1089 552 1158 fonte
576 1096 772 1156 nascuntur
795 1085 888 1176 leges
903 1083 987 1152 illae
1005 1081 1101 1152 Mat-

171 1353 365 1430 Mniorem
389 1352 463 1431 hac
483 1355 675 1430 dilectione
696 1380 801 1428 nemo
823 1350 935 1426 hobel
959 1361 1037 1440 ela,

108 1497 260 1582 scilicet,
292 1498 592 1592 quemadmodum
621 1494 724 1584 volo,
758 1507 798 1566 ot
829 1507 865 1564 ει
888 1517 952 1563 vos
973 1491 1120 1584 dtttga:

109 1600 155 1670 tis
166 1616 302 1676 mittun.
344 1597 433 1672 Cum
453 1599 541 1670 dicit
561 1596 749 1682 animam,
769 1597 839 1666 iam
860 1595 982 1688 omnia
1003 1619 1102 1662 com-

109 1703 286 1789 plectitur.
340 1699 562 1785 Proamicis,
588 1700 613 1773 i.
631 1725 660 1772 ε.
676 1701 740 1789 iis,
766 1721 857 1792 quos
870 1698 1002 1789 diligis,
1027 1696 1102 1768 sive

110 1805 136 1872 ii
153 1821 186 1878 te
199 1805 369 1896 diligant,
393 1802 467 1873 sive
488 1825 575 1874 non.

437 1967 541 2044 Sicut
562 1967 685 2043 dilexi
704 1994 777 2046 vos.

211 2109 328 2184 Simul
344 2105 404 2182 hic
418 2108 524 2180 nobis
545 2108 770 2178 commendat
783 2099 949 2178 Christus
961 2105 1100 2197 magui-

108 2214 271 2288 tudinem
292 2225 327 2284 et
346 2213 419 2282 viru
442 2211 574 2281 amoris
597 2211 675 2294 sni,
705 2222 917 2290 etteststur,
951 2211 1099 2280 eandem

1151 978 1207 1047 bis
1233 979 1401 1068 dominns
1431 999 1494 1046 cor
1523 979 1724 1071 intelligens
1751 999 1785 1056 et
1813 987 1936 1058 oculos
1971 991 2144 1068 videntes.

1151 1077 1212 1150 Sic
1234 1081 1340 1150 etiarn
1364 1079 1517 1180 populns
1543 1080 1630 1172 legis
1661 1086 1800 1176 ignorat
1826 1085 1894 1160 Dei
1925 1091 2144 1168 voluntatem

1152 1205 1235 1274 erga
1251 1205 1301 1253 se.

1176 1345 1425 1451 Quaecunque
1446 1347 1580 1424 audiri
1600 1375 1626 1423 u
1645 1361 1771 1450 polee,
1794 1355 1899 1432 vobis
1922 1369 2012 1434 notu
2025 1365 2117 1464 seri,

1151 1505 1187 1578 id
1203 1518 1269 1591 eet,
1289 1505 1492 1604 praedicavi
1510 1506 1612 1578 vobis
1627 1503 1863 1598 Evangelium
1880 1513 1975 1605 pacis
1991 1528 2026 1588 ει
2039 1517 2145 1604 vitae,

1151 1633 1222 1704 qno
1238 1607 1473 1682 consolemini
1489 1610 1658 1684 adversos
1671 1613 1879 1684 scandalum
1893 1617 2009 1686 crucis
2028 1633 2062 1691 ει
2078 1625 2143 1692 ad·

1152 1732 1283 1802 versus,
1297 1721 1417 1808 portes
1441 1709 1639 1800 inferorum
1666 1727 1731 1786 etc.
1777 1712 1852 1790 ‚Sic
1875 1735 2144 1808 argumentatur

1152 1808 1329 1886 Christus:
1365 1810 1473 1899 Quod
1496 1813 1644 1902 diligam
1668 1838 1748 1902 vos,
1772 1817 1979 1892 testimonio
1995 1826 2143 1897 verbnm

1151 1926 1221 1999 cst,
1262 1937 1334 2008 qno
1365 1935 1429 1983 vos
1460 1913 1591 1985 amicos
1618 1914 1704 2000 feci,
1726 1913 1818 2011 ¹qun
1843 1922 1953 1993 verbo
1974 1925 2145 2001 adversus

1152 2015 1356 2086 scandalum
1382 2015 1594 2102 armemini,
1634 2041 1717 2087 curn
1741 2021 1798 2089 vel
1825 2042 1891 2112 ego
1912 2023 2047 2115 patiar,
2089 2031 2144 2100 vel
2212 2095 2218 2100 .

1152 2141 1215 2189 vos
1230 2116 1368 2216 passuri
1384 2117 1475 2189 estis.
1561 2202 1566 2212 Ι

1280 2281 1371 2361 Non
1399 2311 1461 2358 eos
1486 2308 1542 2357 me
1569 2283 1732 2386 elegisti,
1758 2285 1827 2362 sed
1848 2313 1915 2388 ego
1941 2319 2018 2371 eos.
2048 2379 2050 2382 ,

4 2309 6 2317 ”
109 2322 222 2409 tegern
242 2316 379 2391 sancire
404 2337 440 2386 se
460 2314 566 2384 nohis
583 2327 618 2384 et
636 2311 723 2393 sibi,
752 2312 872 2405 quod,
896 2310 988 2382 sicut
1011 2312 1100 2396 vult,

106 2436 150 2490 nt
164 2441 230 2488 uos
245 2417 436 2506 diligamus
450 2430 592 2498 mutuo,
625 2414 674 2484 ita
698 2437 765 2484 nos
787 2414 862 2504 ipse
887 2413 992 2484 etism
1015 2414 1099 2484 dili-

107 2523 180 2612 git,
221 2544 374 2612 eumque
403 2542 560 2590 eruorem
586 2515 712 2588 mortis
742 2515 842 2588 velut
866 2513 985 2604 sigillo
1013 2540 1100 2586 con-

108 2625 238 2715 signat.

1251 2441 1363 2528 Sunt,
1395 2443 1456 2538 qui
1479 2446 1524 2514 ad
1541 2439 1797 2536 Apostolorum
1822 2446 2032 2520 electionem
2055 2455 2146 2522 refe-

1151 2557 1257 2626 runt,
1282 2569 1353 2639 qna
1367 2545 1422 2617 illi
1445 2539 1488 2617 ad
1512 2547 1669 2616 officium
1692 2548 1808 2618 vocati
1829 2563 1922 2620 sunt.
1973 2547 2052 2644 Ego
2069 2579 2144 2626 non

1153 2648 1276 2732 video,
1299 2648 1388 2741 quid
1415 2661 1509 2718 vetat
1531 2649 1664 2728 referre
1687 2650 1732 2720 ad
1755 2650 1917 2722 omnium
1939 2669 2144 2729 sanctornm

1152 2749 1382 2830 electionem,
1414 2751 1498 2841 qnia
1521 2749 1628 2842 panio
1652 2763 1734 2850 post
1756 2751 1859 2822 dicit:
1895 2751 2145 2850 Quodcunque

211 2926 238 3000 S
465 2927 474 2944 ‚
644 2924 653 2941 ‚
746 2925 754 2941 ,
899 2922 909 2940 ‚
978 2921 1004 2954 ,.
1153 2851 1325 2944 petieritis
1347 2866 1503 2943 patrem,
1537 2853 1634 2946 qnod
1652 2854 1696 2922 ad
1724 2877 1848 2924 omnes
1870 2871 2010 2928 sanctos
2033 2863 2145 2951 perti-

239 2928 364 2998 nbncrt
386 2921 552 2998 Christus
575 2938 777 2994 testimonis
795 2945 929 2994 amores
950 2942 1100 3011 surerge
1152 2975 1236 3024 nm
1264 2954 1349 3024 mis
1381 2961 1530 3024 ,omm-
1595 2951 1757 3024 primum
1780 2979 1863 3047 ergo
1884 2958 2145 3032 observandum

317 2786 406 2862 lom
429 2814 504 2862 non
525 2783 647 2860 dicam
671 2813 732 2860 vos
753 2811 890 2859 servos.

108 3055 194 3108 '¹⁰⁵⁹
224 3029 380 3122 Primum
400 3027 497 3122 ‘l¹¹⁰d
522 3051 588 3097 ¹¹⁰⁸
611 3049 685 3095 '¹⁰¹¹
707 3049 845 3110 ⁸⁰¹V⁰⁸²
885 3025 945 3094 “d
970 3023 1102 3094 ³¹¹¹l⁰⁰⁸
1153 3071 1224 3138 est,
1256 3057 1354 3150 quod
1375 3056 1485 3145 gretie
1507 3053 1608 3145 eligit
1629 3056 1706 3126 siue
1729 3058 1868 3129 meritis
1891 3063 2051 3136 uostris..
2085 3064 2146 3135 Sic

107 3131 249 3307 {⁶015ss
280 3131 457 3214 ”⁶⁰⁰d02
487 3131 582 3221 ΨΜ
611 3129 685 3248 {9⁵²
713 3128 857 3248 {¹²3²}st
884 3150 951 3197 ¹¹⁰⁸
979 3123 1099 3245 ilffllf·
1152 3180 1234 3248 ergo
1252 3172 1536 3248 argumentatur:
1570 3156 1677 3245 Quod
1702 3158 1849 3248 diligam
1868 3184 1952 3246 vos,
1979 3163 2064 3234 inde
2082 3191 2146 3258 ap-

147 3234 305 3326 postolns
327 3229 435 3304 Rom.
458 3228 559 3304 Vlll.
583 3231 752 3301 descernit
774 3231 868 3298 lilios
893 3253 913 3297 a
937 3249 1100 3298 servrsrn
1153 3275 1270 3348 paret,
1311 3260 1394 3353 qui„
1430 3260 1538 3348 Μὴ
1577 3259 1677 3350 elegi·
1741 3259 1844 3332 sicu,
1876 3255 2080 3361 Apostolus·
2102 3271 2146 3338 ,g

109 3335 209 3408 hunc
223 3337 391 3418 'mm’
415 3333 509 3402 55⁰⁸
530 3355 622 3421 ‘⁸⁸⁰’
648 3333 687 3400 in
711 3331 842 3424 ‘wilm'
865 3329 1013 3421 ‘illitu‘
1035 3331 1100 3397 'd'
1134 3359 1257 3432 ·Rom.
1274 3359 1319 3435 V.
1342 3372 1624 3451 argumentatur:
1651 3359 1691 3432 Si
1708 3362 1873 3434 misertus
1895 3381 1946 3438 est
1967 3371 2079 3440 nostri
2106 3387 2146 3442 nt

25 3465 31 3474 “
109 3437 270 3530 optinuit
290 3451 361 3516 est,
392 3458 531 3518 servos,
562 3434 754 3528 inquibus
775 3432 1016 3524 spiritusnon
1038 3443 1101 3514 est,

108 3542 204 3612 filios
226 3536 396 3610 haeredes
424 3561 499 3608 esse
528 3538 621 3607 vitae
650 3549 834 3619 aeternae,
865 3556 984 3602 servos
1010 3531 1101 3601 eircr.

110 3643 214 3716 Sic'nt
225 3656 261 3713 et
275 3640 372 3711 solus
391 3639 483 3710 isaac
499 3636 875 3728 haereditatempatris
894 3646 1100 3704 consecutur

110 3760 182 3828 est,
209 3744 336 3815 lsmaiil
353 3743 424 3814 alio
441 3742 631 3833 ablegatus,
653 3742 701 3812 ita
716 3734 778 3808 hin
791 3734 1100 3809 Christusdiscer·

110 3849 169 3919 nit
180 3869 299 3918 servos
314 3846 359 3916 ab
375 3845 514 3928 amicis,
540 3845 637 3937 qnod
651 3842 743 3913 servi
761 3840 919 3912 nesciant
936 3839 1102 3911 volunte-

111 3967 183 4021 tern
212 3948 370 4032 domini,
419 3945 524 4018 amici
550 3945 675 4015 sciant.

106 4054 230 4124 sciunt
252 4051 471 4119 voluntatem
495 4045 567 4118 Dei
583 4071 664 4137 erga
688 4069 745 4126 se,
779 4045 862 4139 quie
889 4038 982 4114 nihil
1002 4043 1099 4112 alind

112 4169 176 4237 est,
201 4175 275 4222 esse
289 4154 328 4221 in
342 4147 508 4233 Christo,
538 4151 608 4222 uisi
625 4149 727 4220 firma
741 4145 812 4219 fide
828 4147 959 4217 sentire

108 4271 211 4349 pater
226 4256 272 4326 sit
287 4256 399 4324 nostri
424 4256 587 4324 misertus
611 4266 646 4323 ει
670 4251 842 4343 receperit
866 4272 933 4318 nus
956 4248 994 4317 in
1020 4271 1099 4335 gre·

111 4362 198 4430 tirso
208 4367 222 4443 ,'
244 4371 384 4428 tueatur
399 4357 468 4426 iam
492 4372 525 4425 et
547 4353 740 4438 custodiat,
767 4350 938 4446 quicquid
960 4349 1099 4419 ercide-

110 4464 170 4534 rit.
200 4457 346 4554 ,ltaque
371 4460 500 4528 alacres
524 4461 643 4529 ier'uut
673 4480 832 4539 crucem,
866 4453 960 4548 quod
978 4451 1072 4522 sciau

110 4589 183 4635 sea
203 4576 301 4654 petre
318 4563 461 4652 respici,
487 4576 519 4630 et
544 4555 637 4630 hanc
656 4582 730 4628 esse
750 4558 860 4650 patris
882 4557 1013 4625 bonam
1035 4579 1097 4622 vo·

110 4671 284 4738 luntatcm
309 4666 359 4734 sic
375 4661 576 4754 glorificari.
627 4661 730 4733 Servi
751 4683 836 4730 vero
859 4657 1020 4728 nesciunt
1035 4679 1098 4724 voe

112 4775 287 4840 luntatem
311 4766 473 4850 domini,
513 4766 549 4834 id
573 4777 642 4847 est,
682 4787 754 4833 non
779 4757 911 4832 hahent
932 4760 970 4827 in
993 4758 1100 4826 corde

1150 3463 1376 3549 iustificaret,
1403 3475 1496 3532 certe
1515 3463 1715 3534 miserescet
1733 3464 1839 3538 etiam
1854 3479 1894 3538 nt
1912 3469 2034 3537 salvet.
2158 3539 2160 3542 .

1200 3645 1253 3722 Ul
1280 3644 1519 3750 quodeunque
1540 3659 1610 3748 pet.
1630 3657 1731 3749 pair.
1757 3653 1798 3719 in
1825 3647 1970 3720 nomine
1995 3675 2084 3728 meo.

1251 3800 1330 3874 Hoc
1348 3804 1386 3872 in
1407 3827 1544 3874 summe
1565 3785 1948 3892 efficit'Evangelium,
1973 3821 2014 3878 nt
2034 3823 2146 3879 certos

741 3941 816 4032 Qui
843 3937 978 4014 (Μή
1008 3953 1103 4022 Μ’
1149 3908 1274 3979 reddat
1296 3909 1340 3976 de
1363 3907 1547 3980 voluntate
1567 3906 1697 3998 patris,
1741 3918 1780 3975 nt
1804 3920 1923 3996 petere
1958 3910 2146 3999 possimus,

1150 4023 1184 4080 et
1207 4024 1246 4081 ut
1267 4021 1402 4078 certum
1432 4008 1495 4094 sit,
1538 4031 1612 4078 non
1636 4007 1766 4078 frustra
1787 4021 1915 4098 petere.
1986 4007 2144 4081 Proinde

967 4199 978 4230 ’
1003 4145 1097 4238 qnod
1150 4135 1223 4181 uon
1245 4133 1432 4180 causamur
1454 4108 1578 4180 merita
1601 4121 1744 4192 nostra,
1776 4111 1837 4180 sed
1862 4122 2006 4200 propter
2029 4114 2143 4185 filium

1149 4213 1321 4305 petimus,
1353 4235 1459 4305 quem
1485 4225 1631 4283 testatus
1652 4224 1706 4280 est
1729 4223 1831 4302 pater
1844 4235 1880 4282 se
1899 4213 2047 4302 diligere
2063 4241 2143 4286 curn

1149 4315 1369 4406 glorificavit.
1422 4311 1545 4408 ltaque
1569 4337 1642 4384 uon
1658 4335 1846 4414 possumus
1865 4315 1994 4386 frustra
2014 4333 2143 4408 petere,

1076 4465 1100 4534 ι’
1145 4442 1225 4489 curn
1242 4417 1387 4486 nornine
1403 4415 1471 4486 filii
1486 4417 1650 4509 petimus·

1211 4603 1316 4675 Haec
1341 4597 1482 4674 mando
1506 4599 1623 4688 vobr‘s,
1651 4610 1690 4672 ul
1718 4597 1892 4698 diligaris
1920 4604 2081 4680 invicem,

1253 4753 1436 4826 Postremo
1474 4753 1600 4844 repetit
1638 4752 1771 4843 legem,
1819 4758 1919 4847 qnasi
1949 4757 1997 4826 sic
2031 4757 2141 4827 dicat:

111 4875 261 4942 verbnm
282 4871 383 4955 fidei,
409 4868 490 4964 ideo
504 4867 686 4950 nesciunt,
711 4865 779 4935 sibi
795 4861 910 4934 Deum
928 4883 1000 4930 esse
1016 4884 1100 4950 pro-
1150 4858 1244 4949 Quia
1260 4858 1371 4946 diligo
1389 4877 1471 4939 vos,
1505 4855 1586 4949 quia
1611 4867 1684 4929 tarn
1706 4856 1951 4949 multipliciter
1975 4861 2141 4930 testifica-

111 4975 253 5066 pitiom.
311 4969 492 5064 Operatur
514 4971 592 5040 sine
614 4970 683 5038 liele
705 4988 843 5050 servus,
875 4964 924 5033 sic
944 4965 1038 5053 apud
1064 4985 1101 5030 se
1151 4977 1206 5031 tue
1219 4985 1299 5030 snm
1314 4963 1358 5030 de
1374 4979 1495 5028 amore
1511 4981 1609 5040 rnen,
1635 4957 1717 5028 volo
1733 4973 1773 5030 ut
1794 4981 1856 5028 ros
1876 4958 2029 5027 vicissim
2058 4964 2142 5030 dili-

111 5077 283 5146 seutiens:
322 5073 446 5146 Nescio
475 5075 601 5146 utrnm'
622 5071 689 5140 sim
713 5068 789 5140 Deo
814 5079 999 5157 acceptus,
1035 5087 1100 5133 nec
1150 5063 1351 5153 gatisinter
1372 5085 1445 5132 vos.
1497 5057 1557 5130 Sic
1583 5059 1678 5128 eninr
1707 5057 2143 5151 praecipitEvangelinm,

110 5205 177 5265 ne;
203 5180 349 5256 fortasse
365 5200 509 5247 menon
535 5174 689 5268 respicit.
740 5172 858 5262 Atque
875 5164 962 5237 haec
976 5165 1100 5241 infide·
1150 5166 1361 5234 ostentando
1410 5161 1607 5253 exemplum
1652 5157 1806 5246 Christi,
1871 5163 1955 5255 quia
2002 5180 2143 5256 oportet

113 5284 212 5360 litas,
236 5279 319 5375 quia
333 5296 383 5353 est
398 5281 437 5350 iu
454 5279 559 5349 corde
575 5277 679 5360 servi,
703 5275 800 5351 facit.
827 5287 955 5344 utnon
977 5269 1101 5342 toleret
1151 5265 1337 5356 Evangelii
1360 5263 1532 5355 populum
1556 5275 1792 5354 spontaneum
1819 5285 1910 5349 esse,
1942 5265 2033 5337 sicut
2053 5269 2141 5340 dicit

114 5407 272 5464 crucem,
307 5383 416 5454 immo
447 5405 527 5454 cum
553 5392 729 5462 tentatur,
770 5377 874 5446 sentit
899 5371 968 5443 sibi
1001 5370 1102 5443 irasci
1151 5363 1390 5442 PsalmClX.
1469 5459 1556 5536 ⁷5*
