4620 5814
77 183 146 264 aas
398 220 401 226 ‚
614 187 699 268 stt.
726 127 1131 268 anaorsrrortas
1159 182 1534 265 maurannus.
1682 295 1693 306 ,
2013 205 2091 280 too

10 323 12 450 l
78 360 226 432 tudinem
247 359 407 446 invocat,
438 372 556 434 umen
581 376 703 436 manet
727 361 765 434 iu
790 357 855 436 bac
878 363 1051 459 imagina-
1203 345 1365 434 flacceat
1381 361 1529 434 illustris
1542 362 1679 453 pictura
1695 365 1904 458 sapler'ttum,
1930 374 1993 468 qui
2008 389 2089 450 tsn-

73 462 183 546 tione,
205 463 466 534 invocationem
483 487 558 536 esse
573 464 725 536 leriam
849 461 854 470 '
1099 475 1176 534 tum
1199 478 1336 536 norunt
1354 463 1554 535 doctrinam
1566 463 1664 556 legis
1686 480 1721 538 et
1741 468 1951 570 disciplinae
1971 493 2087 552 arter-

162 561 262 644 ¹lluic
278 563 497 637 diffidentiae
512 567 972 662 acerrime'repuguandnm
986 585 1050 657 eet,
1098 587 1178 636 aar.
1227 563 1343 639 Sicuti.
1365 567 1461 636 enisu
1486 565 1650 639 tibicines
1673 585 1803 642 canunt
1826 574 1987 648 funebria
2008 605 2084 652 car-

76 677 105 736 et
121 669 351 758 amman
369 679 455 738 sunt
478 667 746 762 prontissima,
771 683 805 742 at
824 672 1048 744 expiandum
1097 664 1227 750 mina,·
1247 667 1297 738 ita
1321 670 1483 740 doctores
1507 669 1611 758 legis,
1644 669 1722 740 sine
1741 675 1922 760 agnitione
1939 675 2086 769 Christi,

76 790 145 851 cor,
174 780 215 838 ut
242 767 440 861 acquiescat
471 769 685 861 cogitatione
715 773 990 865 promissionum
1013 786 1049 846 et
1097 778 1268 860 tauquam
1296 768 1334 839 io
1364 769 1490 840 irruere
1511 771 1697 861 deplorant
1719 771 1878 846 miserias
1900 772 2085 865 humanas,

72 870 180 941 caelat
207 870 429 963 prolaturam
458 869 740 958 invocationem,
771 896 819 948 ne
845 897 1048 946 accusemus
1097 881 1304 961 proponunt
1324 869 1548 966 disciplinam
1571 883 1604 943 et
1626 895 1775 963 poenas,
1805 890 1978 950 ettamen
2002 906 2084 954 seu-
2206 931 2210 942 ·

73 963 177 1040 [taum
189 969 378 1041 mandauit,
428 967 622 1046 ltgpautug
635 972 874 1070 inquignffi
886 979 938 1052 οὗ
965 973 1048 1070 spi.
1096 969 1192 1041 tiunt
1215 993 1318 1063 saepe
1333 969 1427 1041 vinci
1444 965 1535 1042 hanc
1553 996 1651 1044 suam
1666 975 1863 1047 doctrinam
1879 979 2085 1057 infirmitate

74 1071 152 1141 rima
170 1073 311 1144 nnana
335 1071 576 1146 carimoniae„
602 1077 664 1150 dat
684 1075 825 1170 spiritui
841 1089 982 1163 naam,
1006 1077 1047 1149 ἱῃ
1097 1067 1303 1158 hominum,
1338 1087 1373 1143 et
1402 1086 1442 1145 ut
1470 1073 1621 1144 maxime
1649 1075 1804 1150 obtineri
1832 1081 2083 1171 perfectissima

75 1193 136 1266 quo
158 1173 367 1244 elamamesr
396 1173 506 1246 aaa·
537 1189 647 1268 pater.
706 1177 850 1252 Sciebat
880 1178 1046 1252 ieremias
1096 1172 1258 1246 doctrina
1279 1187 1411 1265 possets
1437 1187 1556 1248 tamen
1579 1175 1635 1246 lex
1652 1199 1726 1248 noe
1741 1179 1852 1252 attus
1864 1187 2082 1258 consulatio-

74 1287 250 1344 aeeturnm
279 1296 356 1344 esse
370 1271 573 1365 exalatam,
602 1281 666 1350 aad
690 1281 814 1354 arabat
837 1293 974 1367 tamn,
1005 1305 1046 1354 ac
1096 1295 1178 1344 uem
1193 1276 1459 1350 de‘remissiune
1475 1291 1710 1368 peccatorum,
1734 1281 1779 1350 de
1794 1287 2083 1360 reconciliatione

10 1409 11 1412 ¹
73 1375 447 1448 statuebatorationem
460 1381 679 1468 prodessead
692 1383 957 1473 mitigationem.
992 1381 1044 1457 lta
1095 1374 1266 1461 tlfflllllsts
1295 1380 1342 1448 <ll-⁵
1371 1377 1442 1450 vlit
1473 1393 1632 1463 mettid,
1666 1381 1712 1448 ‘¹0
1740 1400 1822 1454 tm
1846 1382 2081 1464 invocatione.

73 1469 175 1546 llario
197 1478 346 1548 enatans
364 1479 528 1570 castigari
549 1503 586 1551 se
604 1481 769 1568 ridebat,
794 1507 909 1579 neque
926 1497 1044 1555 tamen
1096 1475 1166 1550 Setl
1191 1477 1360 1572 relinquit
1381 1474 1542 1550 homiues
1566 1479 1604 1550 in
1620 1480 1842 1558 dtsbitationc
1857 1488 1942 1559 etin
1957 1506 2082 1579 morte,

73 1575 246 1650 abiiciehal
276 1579 527 1669 precationem.
583 1581 725 1658 Sciebat
750 1586 846 1656 enim
870 1607 907 1656 se
931 1585 1045 1678 impe·
1096 1591 1130 1650 et
1145 1578 1333 1670 disciplina
1349 1579 1410 1650 illa
1426 1594 1479 1652 est
1497 1579 1603 1656 veluti
1621 1587 1969 1673 apparatnslnneris.

75 1689 154 1748 trare
177 1680 352 1750 melliora
374 1693 415 1755 et
429 1683 705 1775 mitigationem,
741 1699 776 1759 et
800 1686 1046 1779 experiebatur
1196 1677 1335 1754 Norant
1363 1677 1497 1756 ethuici
1528 1683 1781 1773 gubernatores
1809 1697 1845 1758 et
1876 1683 2081 1786 philosophi

10 1797 11 1848 l
76 1778 199 1850 interim
223 1781 505 1870 contulerim,
530 1799 564 1857 et
586 1809 720 1860 nusum
743 1788 1044 1870 roburinuorde,
1095 1781 1306 1874 nolentiam
1342 1781 1447 1870 lecit,
1485 1807 1639 1878 q⁰⁰¹¹¹m
1672 1787 1853 1874 d⁰tl¹¹l³³s
1888 1791 1976 1884 ‚quia
2006 1820 2080 1866 non

76 1883 212 1950 ettalem
227 1883 511 1954 moderationem
526 1902 737 1970 eventuum,
763 1911 809 1960 ue
824 1891 1045 1982 penitusop-
1093 1883 1252 1956 continet
1275 1883 1412 1962 branam
1434 1883 1709 1960 consulationem
1733 1887 1778 1958 de
1794 1893 2082 1968 reconciliatione

76 1980 282 2071 pdueretstr.
332 1983 433 2056 Haec
446 1987 609 2060 doctrina
626 1989 671 2060 de
687 1988 912 2064 invocatione
926 2005 961 2062 et
976 1994 1044 2062 lide
1094 1985 1181 2071 Dei,
1207 1997 1344 2057 tautum
1366 2000 1418 2058 est
1441 1985 1552 2060 tristis
1570 1988 1711 2080 querela
1728 1989 1772 2062 de
1786 1992 1939 2066 miseriis
1954 1990 2083 2067 burna·

77 2082 245 2172 diligenter
274 2086 531 2160 cunsideranda
560 2102 630 2177 est,
664 2105 705 2164 ut
725 2095 937 2164 accendatur
958 2093 1044 2164 lides
1095 2086 1162 2160 nis.
1215 2085 1379 2180 Denique
1408 2087 1495 2182 quid
1527 2087 1623 2159 aliud
1653 2100 1706 2158 est
1735 2083 1978 2194 philosophie,
2009 2099 2081 2170 nisi
2204 2108 2207 2112 ’

77 2181 108 2252 iu
124 2185 339 2278 quotidianis
362 2188 543 2280 precibus,
569 2205 603 2264 et
624 2193 846 2266 discernetur
865 2195 1044 2268 invocatio
1094 2187 1329 2262 consideratio
1356 2181 1534 2262 humanae
1561 2187 1795 2276 infirmitatis,
1825 2207 1861 2264 et
1882 2197 2080 2291 qualecun-

75 2299 171 2358 restra
185 2289 231 2358 ab
244 2281 410 2378 ethnice,
435 2287 578 2366 ludrica
591 2305 627 2368 et
641 2291 808 2370 Tareina,
1093 2313 1163 2384 que
1183 2289 1327 2362 irenusn
1349 2290 1458 2360 nimis
1482 2289 1629 2362 stolidos
1653 2290 1806 2392 impetus
1826 2295 2012 2380 rodrocus,
2044 2313 2080 2376 et

1093 2393 1226 2463 latetur
1239 2390 1312 2482 ipsa
1323 2443 1335 2476 ,
1347 2417 1348 2420 ¹
1360 2403 1474 2464 lotum
1492 2385 1561 2474 hoc
1576 2391 1716 2464 lreuusu
1730 2391 1911 2470 infirmum
1926 2421 2018 2482 esse,
2044 2415 2079 2475 et

445 2491 493 2545 ⁰⁰
520 2495 653 2560 atarto·
1093 2515 1197 2591 saepe
1213 2491 1358 2568 lacerari
1382 2504 1530 2570 naturae
1547 2493 1732 2582 ¹pravitate.
1781 2489 1847 2568 Eat
1867 2497 1978 2588 igitur
1991 2526 2079 2595 que·

158 2591 239 2666 Nou
258 2596 479 2668 santumnia
492 2595 531 2668 in
547 2597 733 2689 allegorias
749 2599 1046 2687 transformanda,
1093 2595 1166 2665 rela
1196 2593 1377 2674 funebris,
1411 2593 1513 2664 sicuti
1538 2589 1641 2672 Plato
1668 2593 1775 2682 dicit,
1801 2591 2079 2694 Philosophiam

76 2694 123 2763 ted
137 2693 314 2768 interdurn
328 2697 417 2768 iacta
433 2720 474 2768 ac
485 2698 658 2791 exempla,
683 2703 772 2772 adeo
785 2701 941 2774 illustres
955 2704 1045 2774 ims-
1093 2717 1166 2768 esse
1182 2694 1448 2766 meditationem
1463 2693 1606 2782 emas,
1629 2695 1665 2764 id
1680 2710 1751 2782 est,
1776 2699 1994 2788 agnutmem
2010 2729 2078 2776 no-

75 2795 255 2882 giuationes
283 2789 486 2892 continent,
519 2812 654 2872 utnon
675 2801 828 2876 dubium
848 2802 914 2886 sit,
945 2803 1045 2875 aliud
1093 2811 1246 2868 stratum
1274 2795 1513 2881 miseriarum,
1543 2807 1578 2866 ct
1600 2797 1879 2870 moderationem
1901 2804 2078 2898 cupidita·

76 2895 228 2988 quiddam
249 2898 486 2989 significatum
503 2923 588 2976 esse.
639 2900 691 2974 Ut
703 2901 838 2974 oblatio
857 2902 951 2976 lsaac
967 2904 1045 2974 sine
1065 2931 1066 2934 ¹
1093 2912 1188 2980 tum,
1216 2921 1261 2967 ne
1275 2911 1472 2988 augeantur
1490 2897 1661 2974 miseriae.

76 2997 169 3070 dublo
190 3000 412 3094 significabat
427 3000 643 3096 oblationem
659 2999 806 3079 Christi.
856 3003 1043 3078 Dilurinm
1195 2995 1264 3070 set
1295 2992 1500 3094 hypocritae
1532 2999 1648 3090 ldmll
1680 2995 1884 3094 Elissssellls
1923 3001 2077 3104 nimium

76 3096 138 3168 sine
154 3099 226 3172 ulla
244 3101 472 3174 dubitatione
484 3101 661 3193 significat
675 3105 841 3176 ultimum
858 3106 1043 3180 indicium.
1092 3100 1257 3172 tribuunt
1280 3094 1363 3170 huic
1383 3100 1503 3187 lreuo,
1527 3101 1711 3172 cumulant
1727 3101 1822 3195 leges
1835 3106 2077 3197 superstitiosa

76 3192 125 3268 Sic
140 3203 266 3292 passim
290 3202 423 3274 multae
443 3217 526 3274 aunt
548 3201 719 3297 imagines
739 3207 971 3278 maximarum
987 3229 1045 3278 re-
1092 3202 1284 3295 opiuione‚
1323 3223 1474 3302 tumque
1505 3201 1656 3275 ludium
1687 3197 1941 3296 Evtssttllums
1981 3211 2078 3304 quod

76 3319 142 3370 rum
167 3301 203 3374 in
224 3316 300 3376 tota
324 3325 421 3376 sacra
444 3297 612 3390 historia,
643 3308 704 3378 aed
727 3309 918 3399 prudentia
940 3303 1044 3380 adhi-
1089 3299 1246 3384 detrahit
1268 3297 1325 3373 bis
1344 3301 1653 3376 observationibus
1675 3303 1816 3394 laudem
1841 3306 2018 3394 iusticiae,
2042 3324 2077 3387 et
2120 3339 2127 3352 ·

10 3463 11 3468 ,
76 3397 175 3475 beuda
199 3419 273 3487 eat,
304 3427 352 3476 ne
373 3404 679 3498 interpretationes
700 3421 735 3480 et
756 3409 964 3484 collationes
986 3411 1043 3481 in-
1093 3405 1259 3500 proponit
1281 3404 1386 3496 aliam
1408 3403 1605 3486 iusticiam,
1627 3417 1756 3496 putant
1778 3404 1889 3476 laxari
1911 3432 1973 3480 sna
1996 3412 2078 3483 rin·

76 3504 253 3576 concinnae
275 3519 312 3578 et
334 3507 509 3578 absurdae
529 3508 732 3599 gignantur.
774 3505 1043 3584 Hicsatiscon-
1091 3507 1190 3588 cula,
1220 3517 1256 3590 et
1279 3501 1512 3598 Evangelium
1536 3519 1762 3590 execrantur,
1795 3510 1890 3604 quod
1915 3513 2079 3586 videatur
2145 3571 2148 3578 ,

77 3601 165 3676 cinna
191 3605 404 3698 significatio
424 3607 630 3702 Syuagogae
653 3625 705 3682 est
724 3610 855 3682 mulier
876 3612 1045 3683 laborans
1093 3607 1333 3698 lauguelacere
1360 3606 1516 3678 studium
1541 3606 1631 3676 bene
1651 3608 1845 3700 operandi,
1875 3610 2077 3690 diminuere

10 3709 11 3766 ἴ
77 3700 176 3792 fluxu,
206 3733 299 3802 quae
326 3730 409 3780 suas
434 3710 616 3784 facultates
644 3709 682 3780 in
707 3711 890 3784 curatione
911 3715 1043 3786 frustra
1091 3707 1179 3792 Dei,
1212 3721 1247 3780 et
1274 3706 1439 3780 seditiose
1466 3707 1677 3780 labefactare
1702 3709 1817 3802 legum
1838 3713 2073 3788 autoritatem.

76 3800 293 3896 impenderat.
342 3807 446 3881 Talis
468 3821 554 3881 tunc
576 3811 646 3882 luit
667 3807 825 3884 Ecclesia
847 3813 886 3883 in
911 3814 1044 3908 populu
1092 3809 1169 3883 Hae
1183 3807 1370 3902 opiniones
1386 3809 1424 3880 lu
1441 3809 1570 3880 animis
1584 3811 1804 3902 sapientum,
1829 3813 2076 3906 quiigooraut

78 3898 221 3994 ludaico,
242 3933 339 4006 qnae
357 3927 431 3984 erat
452 3909 491 3986 in
514 3913 650 4002 magnis
670 3914 840 3999 miseriis,
864 3915 1044 3987 laceraba-
1091 3911 1345 4002 Evangelium‚
1372 3924 1454 3981 sunt
1475 3935 1599 3982 causae
1613 3912 1830 3983 acerbissimi
1844 3914 1932 3984 odii.
1983 3914 2074 3990 Nam

78 4015 126 4076 tur
142 4011 264 4094 bellis,
288 4027 324 4085 et
339 4013 597 4087 senabaturiu
613 4015 812 4101 erroribus,
838 4031 872 4090 et
888 4016 1044 4088 inlelici-
1091 4011 1199 4086 homo
1221 4013 1361 4104 sapiens
1382 4013 1595 4082 contendere
1615 4011 1739 4098 debet,
1765 4015 1984 4087 utaccendat
1998 4031 2075 4090 stu·

77 4115 155 4181 lera
178 4113 399 4206 principibus
419 4127 456 4187 et
477 4107 900 4195 ductoribnscurabatur.
951 4117 1043 4190 Nam
1091 4117 1191 4186 dium
1221 4114 1311 4183 bene
1341 4111 1534 4205 operandi,
1566 4125 1600 4183 et
1625 4111 1828 4190 cultusllei
1849 4127 2009 4206 tueatur,
2040 4135 2076 4194 et

78 4209 239 4300 doctores,
278 4212 459 4298 Pharisaei
490 4229 526 4288 et
555 4215 777 4300 Sadducaei,
809 4244 884 4292 nou
913 4233 1044 4293 norant
1090 4213 1296 4286 modestiam
1327 4209 1514 4291 hominum
1541 4225 1575 4283 et
1596 4213 1889 4308 tranquillitatem
1912 4221 2074 4296 retineat.

77 4299 293 4403 llraugelium
321 4319 366 4388 de
388 4313 518 4388 Messio
544 4333 579 4390 et
614 4319 659 4388 de
686 4345 768 4391 vera
797 4321 1040 4394 invocatione:
1091 4315 1168 4390 Hos
1188 4317 1276 4386 lines
1301 4317 1404 4386 debet
1426 4313 1565 4407 sapiens
1587 4315 1803 4406 gubernator
1826 4337 1982 4391 summos
2006 4325 2075 4395 du·

77 4411 235 4508 principes
254 4441 340 4490 veru
357 4441 500 4510 prorsus
514 4434 618 4491 crant
631 4413 818 4512 Epicurei,
844 4423 1043 4495 doctrinam
1091 4443 1188 4504 cere,
1212 4417 1273 4487 sed
1291 4417 1339 4490 ita
1355 4429 1490 4503 tamen,
1513 4429 1554 4488 ot
1569 4439 1670 4488 veros
1686 4417 1803 4489 cultus
1817 4417 1887 4489 Dei
1903 4420 2076 4516 intelligat

77 4517 340 4610 eldisciplinam
364 4542 438 4590 nort
461 4523 649 4602 curabant,
683 4533 821 4592 lautum
841 4525 1045 4617 expilabant
1091 4535 1127 4594 ct
1148 4533 1299 4591 tueatur.
1351 4515 1436 4586 Veri
1456 4529 1571 4590 autem
1593 4517 1707 4600 cultus
1729 4543 1803 4589 non
1824 4519 2076 4619 intelliguntur

10 4671 11 4680 ,
79 4618 249 4704 pupulum,
275 4634 310 4692 et
325 4619 444 4693 stultis
468 4621 683 4693 tumultibus
705 4625 960 4713 perturbabant
979 4647 1044 4717 gu·
1092 4623 1167 4694 sine
1180 4617 1394 4710 Evangelio,
1417 4617 1498 4689 ideo
1520 4619 1621 4708 impii
1642 4619 1893 4708 gubernatores
1914 4625 2074 4708 fascinati

80 4709 318 4795 bemationem.
368 4719 470 4792 Talis
491 4745 571 4794 eum
589 4737 677 4795 esset
693 4724 816 4816 populi
832 4737 961 4812 status,
984 4749 1045 4796 ve-
1092 4722 1292 4824 opiuiouib.
1315 4721 1452 4813 legiset
1471 4719 1586 4809 ignari
1601 4715 1806 4811 Evangelii,
1830 4725 2013 4812 aberrant,
2039 4743 2074 4802 et

10 4857 11 4888 t
79 4809 123 4883 ait
139 4813 317 4904 Christos,
345 4834 384 4894 et
403 4823 600 4916 opitulatur
621 4819 706 4896 huic
727 4825 890 4914 mulieri,
920 4828 958 4898 id
983 4840 1046 4912 est,
1092 4825 1361 4894 inflammantur
1387 4820 1470 4892 odio
1491 4817 1688 4910 Evangelii.
1739 4821 1780 4894 ld
1810 4819 1878 4895 boc
1909 4826 1986 4896 loco
2011 4851 2075 4920 per

10 4897 11 4978 l
79 4929 148 4986 tuae
160 4913 350 5010 belesme,
376 4947 482 5018 qnam
496 4925 536 4994 in
552 4922 618 4996 hoc
634 4928 767 5018 populo
783 4928 935 5020 collegit.
985 4923 1045 5000 Sic
1092 4924 1257 4996 tibicines
1271 4921 1503 5012 significatum
1520 4933 1582 4993 est.
1624 4919 1699 4992 Noa
1713 4945 1798 4999 vero
1812 4925 1988 4998 discamus
2002 4931 2075 5004 dis-

79 5027 106 5082 et
124 5017 396 5119 Archisyuagogi
422 5025 495 5097 lilia
519 5025 635 5117 imago
658 5042 709 5099 cst
732 5023 908 5102 Ecclesiae
929 5027 1046 5100 estin·
1094 5039 1237 5098 mettere
1263 5045 1392 5114 genera
1422 5022 1683 5110 doctrinarum,
1724 5025 1834 5115 legem
1856 5039 1891 5098 ct
1914 5021 2076 5121 Evange-

80 5125 141 5186 ttae
158 5121 196 5190 in
218 5126 360 5217 populo.
409 5121 509 5198 llaec
530 5149 654 5201 maana
675 5129 845 5202 excitatur
860 5155 924 5225 per
938 5125 1046 5202 Chri·
1093 5127 1204 5212 lium,
1235 5139 1269 5196 et
1298 5124 1495 5195 tribuamus
1525 5144 1628 5194 suum
1650 5125 1777 5218 coique
1799 5127 1920 5214 generi
1947 5131 2073 5208 locum.

10 5221 11 5246 ¹
81 5225 177 5305 aaa,
202 5229 259 5296 sed
275 5227 423 5300 'ridetur
440 5223 604 5301 (altriatus
623 5252 643 5301 a
664 5230 888 5319 tibicinibns,
913 5231 977 5333 qui
1000 5232 1044 5303 ad
1066 5199 1072 5360 l
1093 5225 1166 5299 hex
1189 5238 1285 5316 regat
1305 5224 1546 5318 disciplinam,
1579 5237 1613 5296 et
1635 5247 1753 5294 severe
1774 5239 1880 5317 regat.
1932 5229 2001 5302 Sed
2025 5233 2073 5302 si.
2209 5303 2211 5308 ,

79 5312 172 5391 hunus
185 5330 347 5405 condocti
363 5344 476 5402 eraut.
1065 5329 1169 5425 qmul
1198 5328 1348 5398 sciamus
1377 5323 1614 5466 sliatiusticia
1644 5347 1735 5417 opus
1762 5347 1856 5415 esse,
1898 5331 2074 5425 videlicet,
