4612 5820
235 165 328 253 ‘ers
795 163 1366 248 strennuusoenrt
1398 119 1706 250 exscertus·
1871 117 1876 134 ’
2161 113 2276 252 'cu

255 345 337 418 aliis
350 340 695 436 impiorumritibns.
745 335 843 410 Haec
865 339 1095 431 incogitantia
1117 337 1246 410 similis
1296 337 1402 414 toties
1417 334 1762 412 clamitatChrittos:
1781 337 1896 424 Petite
1911 353 1946 412 et
1959 341 2153 435 accipietis.
2181 341 2273 415 ltem²

257 463 313 520 est
333 444 583 518 consuetudini
608 443 816 526 stultorum,
847 443 910 535 qui
933 455 1083 514 currunt
1106 444 1151 513 ad
1174 457 1246 514 sta·
1297 439 1477 534 Quicquid
1496 441 1669 531 petieritis
1685 445 1820 533 patrem'
1833 443 1872 512 iu
1891 445 2038 514 nomine
2059 469 2159 534 meo,
2187 449 2272 522 dabit

194 598 197 608 ,
261 563 360 633 tuas,
385 546 486 622 etibi
508 545 645 638 aliquid
667 555 911 629 murmurant,
945 567 1019 613 nou
1044 544 1247 634 cogitantes,
1296 543 1410 614 robis.
1468 533 1754 637 Haec'quotidie
1782 543 1820 612 in
1850 541 2027 636 preca'udo
2047 547 2203 636 cogitare
2222 574 2272 618 ne-

260 652 351 744 ¹quid
364 665 426 723 aut
440 671 504 719 cur
518 647 696 718 invocent.
746 642 909 738 Cumque
926 646 1008 716 talis
1030 647 1076 717 sit
1100 647 1247 717 invoca·
1298 666 1391 714 cesse
1414 656 1476 715 est.
1528 643 1678 715 Nec'est
1698 643 1857 737 precatio
1878 647 2148 719 demurmurare
2170 651 2277 742 eliqua

207 761 209 765 ’
262 753 315 824 ιίο
344 750 516 822 maximae
542 748 652 841 partis
679 741 886 830 hominum,
926 741 985 818 hic
1017 770 1118 818 error
1145 770 1248 841 saepe
1297 746 1407 816 rerba
1425 741 1818 835 sinehsccoqitatione.
1871 746 1955 819 ldeo
1971 749 2114 820 difficile
2131 755 2277 841 opusest'

263 856 437 927 taxandus
452 863 521 934 est,
555 861 589 918 et
608 850 788 918 docendae
809 861 893 920 sunt
912 861 1064 934 mentes,
1096 862 1137 920 ut
1157 863 1249 921 recte
1300 850 1475 940 precatio:
1509 871 1591 916 nam
1609 849 1764 938 primum
1781 843 1868 919 haec
1881 850 2029 920 attentio
2047 863 2098 920 est
2122 852 2272 938 difficilis,

263 955 441 1026 invocent.
497 949 655 1040 Quidam
683 947 841 1020 Eremita
872 950 979 1031 dixit,
1010 951 1153 1021 nullum
1176 971 1249 1020 esse
1298 951 1361 1019 ted
1377 949 1489 1020 multo
1507 949 1622 1018 maior
1635 950 1756 1030 labor,
1783 949 1887 1018 fidem
1903 953 2131 1036 excitare,ut
2148 955 2272 1045 acquie-

263 1057 449 1128 maiorem·
463 1054 621 1124 laborem
652 1052 872 1141 precatione,
904 1053 999 1144 quod
1027 1053 1248 1122 verissimum
1300 1073 1375 1120 scas
1397 1050 1434 1118 in
1456 1049 1691 1141 promissione
1708 1048 1916 1139 Evangelii,
1948 1075 1989 1122 ac
2009 1065 2146 1125 statuas
2170 1079 2271 1146 preces

266 1171 335 1238 est,
360 1158 443 1251 quia
458 1170 493 1226 et
508 1152 737 1223 attentionem
752 1153 907 1222 retinere
924 1166 977 1223 est
991 1153 1156 1235 difficile,
1181 1149 1251 1222 hoe
1300 1173 1463 1222 noneste
1482 1155 1590 1221 inane
1610 1174 1792 1232 murmur,
1827 1176 1901 1221 non
1925 1154 1996 1223 dici
2019 1150 2167 1226 ethnico
2192 1179 2271 1224 more

265 1273 337 1344 est,
361 1259 514 1348 cogitare
526 1253 644 1328 Deum
660 1255 749 1324 sicut
763 1276 799 1322 se
814 1254 993 1343 patefecit,
1016 1267 1049 1326 et
1066 1255 1251 1344 seiungere
1301 1265 1446 1344 propter
1460 1253 1768 1337 consuetudinem,
1793 1256 1854 1324 sed
1869 1276 1992 1325 revera
2008 1279 2069 1326 eas
2087 1281 2107 1324 a
2126 1255 2201 1327 Deo
2221 1258 2270 1324 fla-

194 1417 196 1424 ,
266 1373 424 1432 nostram
448 1357 708 1429 invocationem
731 1357 776 1425 ab
796 1350 1185 1442 Ethnicaet'l'urcica,
1218 1372 1259 1429 et·
1301 1355 1425 1444 gileti,
1451 1353 1663 1446 approbari,
1689 1355 1819 1445 recipi,
1836 1357 2007 1426 exaudiri.
2045 1354 2270 1427 Hiccorem·

267 1463 374 1534 simul
388 1461 562 1552 respicere
576 1458 620 1528 ad
637 1454 926 1548 promissionem,
956 1471 997 1527 ut
1013 1457 1098 1526 fides
1112 1458 1252 1530 ¹eruite·
1302 1456 1473 1525 dieucum
1490 1469 1561 1547 eat,
1587 1467 1627 1524 ut
1642 1457 1839 1548 acquiescat
1853 1455 1891 1524 iu
1908 1469 1958 1527 tot
1980 1458 2271 1548 promissionibus,

267 1580 356 1640 tur„
391 1561 488 1632 Haec
505 1573 576 1632 tota
589 1557 737 1628 attentio
751 1558 866 1626 maior
879 1571 948 1638 est,
975 1582 1055 1628 cum
1073 1583 1193 1630 sumus
1211 1559 1251 1627 in
1298 1556 1445 1628 sancitis
1466 1555 1638 1647 sanguine
1662 1569 1697 1626 et
1719 1557 1984 1628 resuscitatione
2002 1558 2110 1646 Filii,
2136 1573 2190 1631 ut:
2216 1545 2278 1625 Vei

267 1667 412 1748 dolore,
437 1663 496 1733 sed
514 1684 593 1731 cum
610 1659 721 1748 animi
738 1671 821 1728 suut
836 1659 964 1743 ociosi,
981 1660 1072 1729 ebrii
1087 1661 1252 1752 volupta-
1301 1659 1376 1727 nite
1397 1660 1443 1727 ad
1463 1683 1520 1727 me
1544 1679 1668 1728 omnes
1692 1659 1755 1750 qui
1778 1658 1948 1730 laboratis
1970 1673 2003 1732 et
2027 1661 2167 1731 onerati
2198 1662 2270 1742 estis,

267 1769 384 1851 tibus,
417 1763 528 1853 magis
543 1773 726 1850 vagantur.
773 1757 843 1830 Sed
859 1773 978 1830 tamen
1001 1761 1053 1852 pii
1076 1775 1111 1832 et
1130 1765 1251 1832 mode·
1302 1781 1367 1848 ego
1396 1760 1549 1829 reficiam
1571 1781 1643 1832 vos.
1704 1757 1801 1828 Haec
1825 1761 1912 1828 alias
1935 1782 2037 1852 saepe
2067 1774 2268 1851 repetuntur.

269 1869 357 1953 rati,
382 1865 581 1936 doctrinam
597 1861 1050 1946 deinvocationediscant,
1081 1861 1117 1931 'et
1138 1886 1175 1932 se
1195 1887 1251 1932 re·
1304 1859 1377 1930 lam
1407 1885 1490 1930 vero
1517 1860 1695 1944 recensui,
1734 1873 1775 1931 ut
1806 1855 1902 1931 hunc
1924 1875 2058 1933 textum
2083 1864 2269 1951 diligentius

270 1965 584 2050 cteassnefaciant:
619 1963 666 2032 ita
681 1962 719 2029 in
743 1961 835 2029 veris
859 1962 1044 2032 doloribus
1067 1965 1171 2033 etiam
1196 1987 1254 2033 ar·
1302 1961 1532 2060 aspiciamus,
1557 1961 1681 2054 inquo
1696 1963 1912 2049 ostenditur,
1937 1964 2016 2055 quis
2037 1963 2086 2035 sit
2103 1962 2216 2049 Deus,
2239 1960 2268 2032 lit

270 2061 760 2142 dentiorem·consolationem
776 2061 940 2134 sentient.
1304 2065 1454 2146 mentio,
1483 2061 1615 2144 Patris,
1642 2062 1725 2132 Filii
1742 2076 1776 2133 et
1793 2062 1947 2154 Spiritus
1965 2066 2093 2136 sancti.

369 2168 592 2259 Asprimum
608 2164 752 2258 quidem
768 2188 847 2233 cum
868 2161 1106 2254 precationem
1130 2165 1253 2236 incoa-
1406 2163 1555 2253 Quoties
1582 2187 1665 2253 ergo
1692 2163 1813 2234 incoas
1843 2166 2102 2256 precationem,
2135 2164 2265 2255 primun

269 2297 368 2358 mus,
393 2268 619 2360 cogitandum
644 2277 729 2366 est,
745 2265 825 2355 quis
847 2266 891 2333 sit
912 2263 1021 2339 Deus.
1081 2265 1254 2337 invocant
1303 2266 1433 2356 cogites
1446 2291 1550 2361 quem
1567 2266 1653 2335 velis
1668 2265 1821 2359 alloqui,
1849 2281 1882 2336 et
1897 2267 2099 2336 testimonia
2128 2267 2171 2334 de
2190 2279 2267 2333 utra·

270 2374 383 2446 Tucci
399 2369 510 2443 etalii
527 2367 652 2456 impii,
675 2367 735 2434 sed
755 2367 920 2434 aberrant
932 2364 1036 2436 aDeo
1051 2368 1253 2458 dupliciter.
1305 2391 1373 2458 que
1396 2391 1434 2436 re
1457 2369 1523 2437 tibi
1542 2367 1754 2458 preponito,
1780 2367 1961 2453 videlicet,
1986 2367 2187 2440 testimonia
2206 2364 2267 2458 qui-

270 2475 432 2548 Primum
456 2469 552 2564 quud
575 2470 619 2538 de
638 2465 786 2535 essentia
811 2465 880 2536 Dei
901 2467 1024 2536 salsam
1047 2467 1253 2558 opinionem
1305 2469 1372 2538 bus
1394 2491 1432 2536 se
1451 2469 1613 2556 patefecit
1628 2467 1741 2553 Deus,
1773 2470 1853 2560 quis
1874 2469 1937 2553 sit,
1969 2481 2005 2539 et
2025 2468 2267 2560 promissiones,

270 2576 452 2647 mordicus
483 2568 649 2641 retinent.
711 2565 877 2638 Secundo
907 2570 1001 2660 quod
1034 2571 1252 2639 voluntatem
1305 2567 1893 2662 quodpropterFiliumeraudiat.
1937 2568 2083 2640 Intuere
2098 2583 2210 2638 mente
2223 2590 2266 2634 ae·

270 2680 448 2768 ignorant.
480 2670 593 2742 'I'trrci
607 2669 702 2741 enim
720 2681 754 2738 et
771 2669 917 2753 similes,
934 2669 998 2738 etsi
1017 2671 1141 2740 dicunt
1156 2666 1253 2741 hunc
1304 2685 1446 2740 ternum
1477 2683 1611 2761 patrem
1641 2665 1826 2740 sonantem
1856 2667 1950 2741 hanc
1972 2695 2112 2742 vocem:
2145 2669 2209 2739 Hic
2228 2680 2266 2735 est

259 2805 346 2851 ,esse
361 2777 497 2856 Deum,
513 2773 574 2868 qui
590 2771 751 2841 condidit
764 2770 901 2838 coelum
916 2794 957 2839 ac
974 2784 1114 2851 terram,
1136 2787 1253 2842 tamen
1304 2771 1418 2841 Filius
1433 2795 1532 2841 meus
1545 2771 1713 2852 dilectus,
1740 2770 1846 2841 Hunc
1869 2772 1998 2846 audite.
2046 2771 2157 2844 Hunc
2178 2792 2266 2856 agno·

271 2895 404 2972 negant
420 2901 501 2945 vere
516 2897 589 2944 esse
602 2870 738 2956 Deum,
765 2867 882 2956 branc,
905 2872 965 2963 qui
984 2896 1020 2942 se
1042 2897 1105 2964 per
1120 2873 1252 2943 Filium
1304 2897 1359 2944 sce
1373 2887 1563 2942 creatorem
1580 2895 1653 2942 esse
1674 2897 1753 2942 cum
1769 2872 1864 2942 Filio
1886 2895 1969 2954 sno,
1996 2888 2179 2944 coaeterna
2198 2871 2266 2938 ima-

273 2981 455 3078 pateiecit,
483 2978 544 3069 qui
567 2973 713 3044 tradidit
735 2973 837 3041 nobis
857 2969 1099 3063 Evangelum‚
1126 2987 1256 3064 negant
1305 2974 1404 3064 gine,
1438 2988 1471 3043 et
1495 2973 1632 3066 Spiritu
1655 2987 1776 3043 sancto
1799 2975 1910 3044 effuso
1935 2974 2189 3067 inApostolos.
2232 2965 2266 3037 lit

271 3085 406 3156 Filium
428 3091 462 3150 et
477 3077 650 3168 Spiritum
674 3088 833 3143 sanctum
855 3096 928 3144 esse
954 3076 998 3146 de
1020 3078 1169 3146 essentia
1193 3101 1254 3168 pa·
1305 3089 1480 3145 memento
1505 3075 1774 3165 promissiones:
1804 3073 1955 3166 Propter
1974 3072 2072 3146 hunc
2087 3075 2211 3146 Filium
2226 3069 2265 3138 le·

272 3188 348 3258 tris.
402 3182 453 3252 lta
472 3180 626 3272 primurn
649 3178 693 3245 de
717 3175 864 3246 essentia
888 3191 1018 3250 errant.
1071 3175 1195 3248 Postea
1222 3191 1256 3247 et
1307 3199 1383 3245 sum
1414 3173 1596 3248 Christum
1627 3176 1898 3267 propiciatorem
1926 3179 2002 3247 vult
2032 3201 2099 3248 uos
2128 3173 2280 3244 exaudito

274 3291 319 3359 de
334 3287 535 3372 voluntate,
561 3279 644 3372 quia
670 3279 814 3346 verbum
836 3279 1028 3348 revelatum
1051 3303 1070 3348 a
1092 3276 1168 3348 Deo
1193 3281 1254 3347 ab·
1307 3277 1417 3360 Deus,
1443 3280 1618 3368 recipere,
1645 3291 1679 3347 et
1694 3301 1812 3368 regere
1829 3277 1965 3368 Spiritu
1985 3294 2118 3352 sancto.

183 3393 186 3402 “
274 3393 451 3465 iecerunt,
490 3384 656 3473 ignorant
688 3379 958 3471 promissionem
995 3381 1147 3469 gratiae,
1192 3405 1256 3448 nec
1407 3375 1618 3469 Exemplum
1641 3381 1777 3448 formae
1799 3403 1900 3471 saepe
1922 3380 2084 3451 recitari:
2113 3376 2265 3465 Omnipo-

265 3491 423 3583 'possunt
440 3488 581 3555 credere
597 3507 632 3552 se
647 3482 776 3584 respici
786 3494 820 3550 et
836 3481 1004 3550 exaudiri.
1057 3481 1177 3572 Quare
1197 3507 1257 3552 co·
1307 3493 1383 3549 tens
1405 3494 1545 3549 aeterne
1567 3495 1601 3549 et
1617 3481 1696 3549 vive
1713 3481 1832 3565 Deus,
1859 3496 1999 3551 aeterne
2023 3495 2125 3572 pater
2141 3474 2264 3552 Domini

158 3669 163 3680 Ι
275 3596 425 3684 gitantes
448 3589 491 3655 de
505 3586 687 3653 voluntate
702 3579 790 3665 Dei,
823 3583 860 3649 in
883 3577 1074 3654 horribiles
1096 3587 1257 3654 tenebras
1310 3582 1420 3652 nostri
1434 3579 1512 3651 lesu
1526 3578 1679 3663 Christi,
1707 3584 1766 3674 qui
1784 3595 1818 3652 te
1834 3584 2023 3674 patefecisti
2040 3585 2072 3652 ir
2097 3605 2204 3652 mensa
2217 3581 2264 3645 bo·

277 3689 790 3766 etdubitationem‘aeternarn
815 3683 968 3754 irruunt.
1034 3683 1259 3773 Seiungenda
1312 3683 1439 3762 nitate,
1474 3697 1508 3752 et
1529 3683 1687 3752 clamasti
1712 3687 1755 3752 de
1778 3683 1871 3754 Filio
1899 3698 1960 3755 tuo
1983 3683 2142 3756 Domino
2168 3693 2262 3750 nostro

276 3811 329 3868 est
350 3795 458 3885 igitur
481 3789 525 3857 ab
546 3787 690 3854 illorum
713 3782 945 3873 opinionibus
974 3797 1093 3854 nostra
1116 3787 1259 3864 invoca·
1314 3781 1558 3856 lesuChristo:
1584 3782 1692 3854 Hunc
1705 3787 1840 3857 audite:
1868 3785 2044 3857 Conditor
2058 3787 2209 3855 omnium
2223 3803 2264 3846 rc·

277 3901 351 3974 ιίο,ι
389 3919 427 3963 ac
450 3890 605 3982 primum
635 3885 880 3974 cogitandum,
914 3887 994 3977 quis
1014 3887 1060 3955 sit
1081 3883 1197 3970 Deus,
1230 3888 1260 3956 is
1312 3910 1390 3955 rum
1419 3899 1454 3956 et
1476 3899 1722 3970 conservator,
1771 3911 1850 3956 cum
1879 3886 1972 3956 Filio
1998 3902 2061 3958 tuo
2093 3901 2264 3958 coaeterno,

241 4067 245 4078 ,
278 3997 442 4069 videlicet
458 4017 497 4062 ac
511 3989 608 4073 talis,
633 3988 694 4080 qui
712 4009 747 4055 se
761 3987 798 4054 in
813 3987 922 4057 verbo
946 4011 1009 4055 suo
1032 3989 1194 4077 patefecit
1215 3990 1259 4059 ab
1311 3980 1411 4086 λόγῳ
1425 4001 1459 4056 et
1475 3987 1628 4075 imagine
1648 4001 1729 4072 tua,
1761 4003 1795 4058 et
1816 3988 1953 4081 Spiritu
1977 4001 2098 4060 sancto
2121 3988 2219 4056 effruo
2236 3981 2263 4045 in

279 4099 400 4180 initio,
424 4108 504 4187 post
521 4091 760 4162 conditionem
777 4101 810 4158 et
824 4089 960 4179 lapsum
977 4086 1088 4160 Adae.
1311 4087 1519 4179 Apostolos,
1535 4089 1676 4159 invente
1690 4097 1884 4159 creaturam
1899 4104 2010 4171 tuam',
2023 4091 2168 4180 sapiens,
2182 4089 2263 4160 bont,

381 4195 570 4269 Sic'autem
589 4191 752 4284 patefecit
768 4188 905 4259 seDeus
925 4189 1163 4280 inEvangelio
1178 4213 1259 4260 sno:
1313 4190 1528 4274 misericors,
1559 4191 1682 4273 iudex,
1715 4205 1747 4260 et
1771 4193 1890 4276 fortis,
1922 4193 2087 4261 miserere
2114 4190 2177 4258 mei
2200 4205 2263 4275 pro·

279 4301 382 4376 Unus
397 4313 447 4369 est
463 4296 687 4385 omnipotens
703 4305 736 4360 et
758 4305 921 4360 aeternus
942 4305 1060 4383 pater,
1094 4292 1155 4383 qni
1179 4316 1258 4360 cum
1312 4306 1388 4384 pter
1405 4291 1518 4360 lesum
1532 4286 1712 4362 Christum
1727 4291 1858 4362 Filium
1876 4309 1992 4376 tuum,
2010 4294 2199 4363 Dominum
2214 4305 2263 4352 no·

279 4404 373 4476 Filio
390 4422 473 4483 suo,
497 4396 561 4488 qui
574 4407 625 4463 est
640 4407 821 4462 coaeterna
837 4394 952 4483 imago
975 4393 1102 4484 patris,
1129 4386 1164 4462 et
1178 4392 1260 4480 Spi-
1312 4406 1443 4477 strum,
1482 4417 1586 4477 quem
1619 4394 1762 4464 voluisti
1792 4418 1857 4484 pro
1881 4394 1985 4462 nobis
2008 4419 2081 4464 esse
2103 4390 2261 4462 victimam,

280 4508 353 4578 ritu
368 4514 506 4583 sancto,
532 4495 692 4568 condidit
710 4517 832 4562 omues
843 4517 899 4562 res
915 4497 1027 4565 bonas
1034 4548 1045 4584 ‚
1071 4507 1104 4562 et
1127 4496 1259 4584 patele-
1310 4489 1465 4588 μεσίτην
1480 4489 1543 4564 καὶ
1556 4491 1681 4588 ἱκέτην
1690 4547 1702 4581 ,
1730 4496 1885 4566 mirabili
1902 4511 1935 4566 et
1950 4491 2175 4566 inenarrabili
2196 4505 2261 4555 con·

280 4609 328 4680 cit
351 4629 386 4674 se
407 4604 488 4672 dato
511 4601 617 4668 verbo
642 4609 676 4666 et
697 4595 804 4665 misso
824 4594 929 4670 Filio.
988 4593 1144 4676 Deinde,
1177 4597 1259 4688 quia
1311 4597 1411 4681 silio,
1438 4610 1472 4668 et
1485 4597 1680 4678 sanctifica,
1707 4598 1906 4684 inllamma,
1939 4600 2043 4678 doce,
2077 4617 2170 4684 rege,
2199 4589 2260 4655 lull

280 4705 454 4797 obstrepit
473 4701 541 4770 tihi
555 4697 764 4788 indignatis,
795 4711 828 4766 et
843 4699 1068 4782 dubitamus,
1100 4721 1145 4765 an
1163 4695 1259 4767 Deus
1311 4721 1372 4768 cor
1404 4713 1438 4768 et
1464 4698 1619 4766 animam
1642 4723 1757 4766 meam
1781 4697 1917 4789 Spiritu
1941 4714 2063 4769 sancto
2086 4712 2164 4776 tuo,
2190 4689 2260 4756 sicul

280 4810 428 4908 recipiat
451 4799 535 4886 n'os,
574 4825 619 4869 an
643 4813 742 4870 curet
763 4821 881 4889 preces
904 4812 1061 4878 nostras,
1100 4823 1259 4891 propone
1310 4800 1399 4870 dixit
1420 4799 1550 4870 Filius:
1585 4797 1730 4888 Quanto
1760 4802 1868 4890 magis
1890 4815 1991 4892 pater
2013 4796 2164 4871 coelestis
2183 4783 2259 4859 dabit

280 4915 400 4984 animo
416 4903 668 5000 promissiones
677 4899 877 4990 Evangelii:
895 4898 1142 4990 CogitaDeum
1159 4924 1259 4968 man·
1310 4901 1484 4994 Spiritum
1498 4914 1657 4972 sanctum
1670 4903 1882 4994 petentibus.

281 5018 398 5094 dasse,
424 5024 464 5079 ut
479 5009 701 5086 invocemus,
734 5015 767 5072 et
784 5003 967 5071 credamus
982 5003 1120 5092 placere
1145 5016 1178 5072 et
1203 5027 1259 5070 re·
1415 5002 1456 5071 ln
1480 5003 1541 5072 tali
1566 5004 1765 5090 precatione
1789 5003 1996 5093 profitemur
2019 5005 2097 5098 quis
2117 4998 2158 5067 sit
2177 4989 2258 5064 Deus,

280 5116 351 5207 cipi
368 5125 507 5181 nostras
525 5125 643 5199 preces
663 5117 809 5196 propter
825 5104 970 5177 Filium.
1020 5100 1068 5173 Et
1089 5098 1181 5171 hauc
1201 5105 1259 5171 iu·
1311 5120 1343 5175 et
1360 5105 1476 5196 qualis
1494 5105 1556 5187 sit,
1582 5117 1615 5171 et
1634 5107 1853 5193 seiungimus
1873 5121 2028 5176 nostram
2055 5097 2256 5197 precationem

146 5299 153 5319 ι
280 5214 502 5287 vocationem
531 5229 709 5278 summum
740 5229 813 5274 esse
847 5206 1002 5289 cultum,
1042 5218 1076 5274 et
1111 5227 1258 5296 operum
1311 5208 1356 5276 ab
1374 5201 1547 5288 Ethnica,
1578 5203 1740 5292 Iudaica,
1772 5220 1806 5277 et
1830 5205 1999 5288 Turrica,
2033 5222 2066 5278 et
2085 5189 2255 5296 promistiss·

279 5317 442 5390 omniurn
471 5311 683 5394 maximum,
714 5321 750 5378 et
771 5307 847 5378 Deo
870 5306 1119 5397 gratissimum.
1175 5303 1259 5376 ideo
1312 5331 1375 5378 nes
1389 5307 1494 5378 nobis
1508 5308 1744 5397 suggerimus,
1770 5323 1809 5380 ut
1831 5309 1916 5379 fides
1938 5309 2115 5382 excitetur.
2158 5299 2254 5384 Alli
