4616 5818
640 173 723 248 xlt.
775 167 1172 248 ANNOTA'I'IONES
1198 171 1248 246 ΙΝ
1276 165 1577 246 EVANGELIA.
2052 177 2131 254 25⁰

1240 342 1376 442 cipiens
1408 369 1432 414 a
1457 339 1571 416 Mose
1596 352 1629 416 et
1651 343 1700 416 ab
1730 344 1899 418 amnibus
1921 343 2129 448 Prophetis,

1239 443 1551 544 interpretabatur
1566 445 1647 518 illis
1667 447 1707 517 in
1733 445 1904 520 omnibus
1923 453 2128 550 scripturis,

1239 571 1334 646 quae
1350 543 1393 618 de
1410 547 1490 646 ipso
1506 559 1621 622 erant.
1665 547 1718 619 Et
1733 551 2122 651 appropinquaverunt

1241 645 1297 720 ad
1316 649 1508 722 castellum
1531 676 1604 750 quo
1622 649 1746 738 ibant,
1780 649 1835 721 Et
1856 651 1933 747 ipse
1943 651 2067 749 finxit
2090 681 2128 729 se

1240 747 1391 848 langius
1414 752 1484 840 irc,
1517 764 1549 824 et
1572 759 1763 850 coi'gerunt
1786 753 1916 838 illurn,
1952 752 2126 834 dicentes:

1239 850 1600 941 Manenobiscum,
1639 856 1819 956 quoniam
1845 853 2127 957 advesperascit,

1241 965 1273 1026 ιι
1290 954 1476 1028 inclinata
1493 968 1544 1028 est
1561 953 1648 1032 dies.
1697 955 1753 1028 Et
1769 957 1924 1031 intravit
1941 969 1981 1032 ut
1999 986 2127 1034 mane-

1239 1067 1290 1129 ret
1310 1082 1389 1131 cum
1408 1057 1502 1133 illis.

91 173 171 247 249
300 187 307 194 '

90 345 271 437 significet
289 358 440 416 mortem
458 338 602 416 Christi.
653 343 820 438 Aspersio
837 346 1008 437 significet
1022 371 1085 440 ep-

93 447 345 538 plicetionem,
373 472 442 540 qua
458 447 589 537 singuli
606 447 674 517 fide
690 448 868 540 applicent
883 451 951 520 sibi
975 452 1083 520 bene·

92 551 214 620 ficium
231 545 386 634 Christi,
412 563 519 642 etque
534 550 581 620 ite
598 551 770 640 sanguine
793 551 869 622 eius
892 575 1084 644 aspergun-

93 666 171 736 tur,
197 665 238 722 ut
255 652 372 742 inquit
387 647 524 724 Petrus.
578 648 788 741 Cogitentur
804 668 839 725 et
862 677 986 724 causae
1012 655 1084 724 irre

92 751 161 822 Dei
181 757 352 823 adversus
367 766 545 843 peecatum
565 754 704 850 generis
727 750 894 841 humani,
921 770 954 826 et
979 757 1083 826 mise·

90 854 269 941 ricordie,
304 855 402 946 quod
424 855 595 944 sunguine
610 855 695 926 Filii
720 859 775 928 sui
797 881 862 926 nos
884 859 1084 945 redemerit,

90 955 291 1027 retinentur
305 957 390 1026 fides
407 956 445 1025 in
461 956 703 1042 invocatione,
728 961 824 1055 quod
840 983 921 1030 rere
940 975 1085 1054 propter

90 1052 191 1126 hunc
214 1057 348 1128 Filium
377 1058 609 1149 recipiemur,
650 1085 724 1130 non
752 1075 896 1153 propter
926 1077 1082 1133 nostram

89 1158 315 1247 dignitatern.
384 1159 666 1231 considerentur
698 1178 731 1234 et
758 1187 893 1257 poenae
922 1162 1084 1260 Aegypti,

109 1260 118 1275 .
175 1261 183 1276 .
393 1261 431 1280 ..
600 1263 608 1280 ‚
690 1264 699 1281 ,
767 1267 775 1282 ‚
1189 1189 1408 1294 Etsactum
1431 1204 1499 1282 est,
1526 1191 1614 1266 dum
1638 1195 1850 1268 recumberet
1874 1199 2040 1287 cumeis,
2065 1225 2128 1273 ac-

89 1261 331 1349 srgnrficantes
348 1274 493 1333 exitium
511 1286 671 1333 omnium
688 1286 893 1358 impiorum.

1241 1295 1331 1394 cepit
1352 1321 1508 1394 panem,
1537 1273 1743 1386 behedixit,
1769 1323 1813 1370 ac
1817 1299 1959 1398 fregit,
1994 1311 2025 1372 et
2041 1327 2129 1398 por—

288 1479 356 1564 lte
373 1483 704 1570 Resurrectione
723 1484 898 1574 Christi.

360 1625 594 1728 hisengelium
610 1631 727 1704 Lucae
743 1631 809 1708 24.

138 1763 195 1837 Et
214 1787 286 1835 ecce
299 1758 373 1834 duo
388 1785 435 1834 eu
448 1761 530 1834 illis
544 1745 649 1837 ibant
665 1765 745 1861 ipsa
764 1765 822 1840 die
830 1769 870 1839 in
879 1766 1084 1854 castellum,

191 1861 296 1964 quod
308 1861 438 1936 aberat
452 1865 578 1964 spacia
591 1863 799 1940 stadiorum
812 1871 1016 1968 sexaginta
1033 1872 1082 1944 ab

190 1963 417 2050 Ierusalem,
453 1969 598 2038 nomine
622 1967 786 2045 Emaus.
848 1972 903 2042 Et
928 1975 1003 2072 ipsi
1026 1973 1083 2046 lo-

190 2067 401 2166 quebantur
415 2062 471 2137 ad
484 2068 633 2140 invicc'in
648 2066 690 2142 de
706 2067 769 2144 bis
793 2075 963 2170 omnibus
987 2101 1082 2176 quae

194 2164 418 2240 acciderant.
469 2168 523 2239 Et
532 2171 683 2272 sactum
701 2186 752 2245 est
777 2172 864 2246 dum
893 2177 1081 2276 loqueren-

194 2279 274 2352 tur,
302 2279 334 2340 et
349 2295 468 2342 secum
485 2285 719 2371 quaererent,¹
739 2287 771 2346 et
788 2276 862 2376 ipse
879 2278 987 2350 Iesus
1010 2305 1080 2378 ap·
1110 2352 1112 2358 ,

185 2372 464 2470 propinquans,
498 2372 577 2444 ibat
600 2401 678 2446 cum
700 2375 796 2449 illis:
838 2378 938 2452 oculi
958 2392 1080 2453 autem

191 2469 346 2542 illorum
375 2473 606 2560 tenebantur,
649 2502 692 2549 ne
719 2505 799 2550 eum
830 2495 1077 2578 agnoscerent.

190 2569 257 2642 Ait
274 2585 395 2645 autem
411 2573 467 2646 ad
480 2575 584 2648 illos:
612 2573 692 2674 Qui
708 2592 795 2652 sunt
819 2578 864 2653 hi
884 2610 1078 2669 sermones,

189 2699 283 2773 quos
307 2676 481 2777 consertis
504 2675 561 2748 ad
583 2678 732 2752 invicem
758 2683 1014 2774 ambulantes,
1046 2699 1078 2759 et

190 2774 280 2847 estis
295 2777 443 2848 tristes?
465 2774 709 2879 Respondens
732 2795 853 2856 autem
878 2814 992 2870 unus,
1019 2791 1082 2860 cui

189 2901 322 2949 nomen
337 2871 541 2977 Cleophas,
575 2878 674 2954 dixit
688 2883 745 2956 ad
757 2885 838 2958 eum
847 2915 857 2961 e
888 2886 950 2961 Tu
974 2891 1078 2963 solus

185 2978 405 3076 peregrinus
420 3005 456 3052 es
473 2983 512 3052 in
528 2979 756 3074 Ierusalem,
792 3000 823 3060 et
842 3016 917 3062 non
944 3017 1076 3089 cogno-

189 3079 278 3151 visti
293 3082 508 3182 quaefacta
523 3096 610 3155 sunt
627 3086 667 3157 in
685 3085 757 3160 illa
776 3089 816 3161 in
833 3087 896 3164 his
923 3093 1077 3167 diebus?

187 3177 243 3250 Et
259 3179 359 3254 dixit
380 3181 477 3256 illis:
504 3181 637 3282 Quae?

132 3281 214 3354 Illi
227 3294 347 3355 autern
373 3281 568 3374 dixerunt,
602 3286 645 3362 de
659 3289 747 3364 Iesu
763 3290 986 3386 Nazareno,
1011 3301 1080 3400 qui

180 3383 266 3483 suit
291 3386 348 3456 vir
367 3381 575 3487 Propheta,
605 3402 733 3490 potens
756 3396 919 3497 inopere
942 3413 975 3472 ιι
998 3427 1076 3474 ser-

185 3511 307 3572 mone,
339 3513 461 3560 coram
484 3488 621 3564 Deo'et
638 3496 904 3598 omnipapulo,
935 3514 967 3575 et
983 3529 1076 3603 quo-

92 3607 97 3616 ·
188 3585 300 3658 modo
318 3613 396 3661 eum
413 3589 647 3668 tradiderunt
660 3602 801 3672 summi
817 3601 1023 3677 sacerdotes
1043 3619 1075 3680 ιι

183 3688 311 3787 princi
334 3716 370 3763 es
387 3696 507 3770 nastri
523 3698 563 3768 in
578 3695 855 3776 damnationem
873 3709 1021 3795 martis,
1041 3722 1074 3782 et

186 3717 446 3890 cruchhserunt
475 3822 565 3875 eum.
622 3799 708 3876 Nos
739 3817 861 3878 autem
891 3809 1073 3907 speraba-

184 3919 288 3981 mus,
326 3895 533 3997 quod-ipse
561 3915 649 3976 esset
679 3901 905 3982 redemturus
933 3910 1073 3990 Israel.

185 3995 306 4096 Atqui
337 4023 448 4096 super
475 3997 565 4074 haec
592 4006 718 4078 omnia
752 4012 881 4083 tertius
908 4010 987 4087 dies
1021 4027 1072 4089 est

185 4093 317 4186 bodie,
344 4125 423 4171 cum
441 4099 532 4176 haec
548 4105 663 4206 sacta
686 4123 784 4188 sunt.
838 4111 918 4185 Sed
937 4127 969 4187 ιι
991 4144 1072 4190 mu-

184 4199 292 4271 lieres
317 4199 501 4300 quaedam
524 4217 571 4278 tec
598 4211 738 4283 nastris
762 4225 972 4289 terruerunt
994 4247 1072 4307 nas,

184 4326 279 4400 quae
294 4313 381 4375 ante
404 4305 518 4378 lucem
531 4309 691 4408 suerunt
714 4310 773 4386 ad
787 4331 1072 4412 monumentum,

183 4414 216 4475 et
234 4427 308 4474 non
324 4406 468 4480 invento
484 4433 629 4508 corpore
644 4416 739 4503 eius,
762 4433 932 4492 venerunt
948 4421 1071 4496 dicen-

184 4514 255 4590 tes,
281 4530 320 4576 sc
342 4515 454 4580 etiam
480 4513 654 4586 visionem
681 4519 900 4612 angelorum
925 4523 1070 4611 vidisse,
1115 4521 1119 4536 ⁸

182 4607 252 4705 qui
275 4601 402 4681 dicant
426 4637 505 4684 eum
530 4617 651 4693 vivere.
718 4619 772 4690 Et
795 4623 966 4696 abierunt
986 4630 1071 4726 qui-

181 4705 272 4777 dam
294 4733 341 4779 es
362 4707 430 4795 iis,
461 4716 529 4810 qui
551 4730 656 4791 erant
678 4720 886 4811 nobiscum,
917 4723 974 4796 ad
993 4753 1070 4801 mo-

122 4855 131 4870 .
182 4819 417 4898 numentum,
443 4823 476 4883 et
490 4817 545 4887 ita
563 4821 796 4910 invenerunt,
820 4826 915 4896 sicut
933 4838 964 4898 et
987 4855 1068 4902 mu-

182 4909 291 4982 lieres
308 4907 500 5000 dixerunt,
526 4917 646 5017 ipsum
661 4949 742 4996 vero
755 4951 828 4998 nan
847 4926 1024 5002 viderunt.
1090 4956 1093 4987 ι

126 5007 183 5081 Et
201 5015 280 5111 epse
295 5008 394 5085 dicit
413 5012 469 5087 ad
488 5042 561 5090 eos:
592 5016 628 5092 0
652 5025 764 5098 stulti
782 5038 814 5122 ψ
837 5027 944 5100 tardi
963 5029 1067 5104 carde
1089 4998 1092 5056 ¹

2 5123 3 5152 i
180 5112 236 5183 ad
250 5113 484 5206 credendum,
499 5120 539 5190 in
557 5123 725 5198 omnibus
743 5155 838 5228 quae
854 5130 968 5203 locuti
977 5145 1065 5205 sunt
1088 5134 1091 5240 ff

177 5211 399 5315 Prophetae.
432 5217 567 5297 Nonne
582 5219 673 5297 haec
688 5233 847 5324 oportuit
857 5235 942 5332 pati
949 5226 1065 5307 Chri·
1086 5243 1101 5328 ΙΔ

176 5325 298 5403 stum,
324 5330 356 5394 et
371 5321 512 5396 intrare
527 5327 567 5397 in
582 5329 746 5424 gloriam
761 5337 899 5406 suam?
931 5335 985 5409 Et
1003 5339 1063 5410 in·
1082 5333 1090 5388 l

1242 1396 1387 1494 rigebat
1403 1396 1497 1472 illis.
1550 1396 1680 1497 Aperti
1693 1409 1815 1472 autem
1840 1403 2049 1474 suntoculi
2071 1428 2129 1475 eo-

1241 1525 1343 1588 rum,
1370 1510 1402 1571 et
1417 1511 1646 1594 agnoverunt
1670 1525 1767 1585 eum,
1794 1501 1850 1573 Et
1878 1503 1956 1602 ipse
1979 1507 2129 1578 evanuit

1242 1601 1290 1673 ab
1317 1603 1383 1676 eis.
1436 1601 1490 1672 Et
1513 1601 1690 1674 discerent
1712 1600 1770 1675 ad
1789 1604 1958 1676 invicem:
1989 1603 2128 1680 Nonne

1242 1729 1302 1775 cor
1317 1716 1482 1776 nastrum
1496 1701 1634 1777 ardens
1651 1716 1730 1777 erat
1747 1707 1786 1776 in
1802 1705 1927 1790 nobis,
1964 1705 2051 1780 dum
2071 1707 2126 1784 la·

1239 1815 1407 1904 queretur
1423 1806 1529 1879 nobis
1547 1808 1586 1878 in
1603 1807 1683 1891 via,
1711 1819 1743 1879 et
1767 1806 1855 1880 dum
1879 1811 2035 1909 aperiret
2062 1837 2129 1884 ao-

1241 1907 1299 1977 bis
1319 1907 1553 2007 scripturas?
1580 1907 1636 1980 Et
1657 1920 1847 2006 surgentes
1871 1909 1996 1982 eadtm
2018 1907 2125 2000 hora,

1241 2011 1400 2104 regressi
1425 2012 1575 2082 suntin
1600 2010 1823 2095 Ierusalem,
1863 2023 1895 2082 ιι
1914 2013 2126 2086 invenerunt

1239 2121 1479 2208 congregatos
1498 2109 1682 2199 undecim,
1707 2123 1738 2184 et
1755 2138 1834 2200 eos,
1866 2115 1933 2217 qui
1949 2140 2027 2186 curn
2044 2113 2147 2188 illis·

1239 2221 1361 2300 erant,
1396 2210 1570 2296 dicentes,
1605 2211 1705 2314 quod
1716 2225 1919 2286 surrexerit
1934 2213 2126 2290 Dominus

1239 2338 1333 2401 vere,
1360 2323 1392 2385 ιι
1408 2315 1587 2413 apparuit
1602 2315 1760 2393 Simoni.
1813 2313 1868 2388 Et
1891 2317 1967 2415 ipsi
1987 2344 2129 2390 narra-

1238 2415 1329 2485 bant
1346 2430 1558 2516 quaegesta
1583 2429 1688 2490 erant
1711 2419 1751 2488 in
1775 2419 1854 2507 via,
1888 2429 1921 2489 et
1945 2417 2125 2522 quomado

1235 2519 1388 2613 agnitus
1404 2532 1492 2591 esset
1510 2523 1561 2592 eis
1578 2521 1617 2592 in
1625 2521 1814 2622 fractione
1824 2522 1950 2621 panis.

1184 2654 1290 2728 Dum
1314 2669 1433 2730 autem
1459 2655 1550 2732 haec
1577 2661 1796 2760 loquuntur,
1831 2662 1930 2732 stetit
1954 2660 2062 2736 Iesus
2085 2665 2124 2734 in

1237 2757 1356 2830 media
1371 2787 1512 2850 eorum,
1529 2773 1562 2832 et
1578 2758 1667 2860 dicit
1683 2761 1755 2832 eis:
1770 2757 1859 2834 Pas
1877 2761 1990 2840 vobis.
2030 2762 2069 2836 T
2068 2790 2124 2836 er-

1240 2861 1308 2932 riti
1335 2889 1414 2934 vera
1446 2875 1478 2936 et
1499 2861 1625 2935 timidi
1666 2863 1761 2950 acti,
1794 2863 2063 2938 existimabant
2085 2892 2123 2939 se

1232 2964 1406 3060 spiritum
1432 2961 1560 3039 videre.
1689 2963 1789 3036 dixit
1812 2965 1883 3036 eis:
1916 2962 2023 3065 Quid
2043 2978 2123 3038 tur-

1234 3064 1316 3140 bati
1329 3068 1434 3153 estis,
1468 3077 1499 3137 et
1517 3094 1633 3168 quare
1657 3068 1896 3164 cogitationes
1919 3067 2120 3141 ascendunt

1234 3165 1275 3238 in
1292 3165 1403 3240 corda
1423 3171 1570 3242 vestre?
1598 3167 1730 3244 Videte
1744 3196 1880 3242 manus
1892 3197 1993 3244 meas
2008 3182 2040 3244 et
2052 3177 2122 3269 'pe-

1234 3265 1296 3340 des
1318 3296 1434 3355 meas,
1459 3273 1550 3372 quia
1567 3297 1632 3369 ega
1650 3273 1834 3368 ipsesum.
1880 3267 2043 3371 Palpate
2065 3298 2142 3376 mc⁴

1234 3381 1266 3442 et
1283 3369 1415 3460 videte,
1439 3373 1529 3472 quia
1543 3373 1698 3472 spiritus
1714 3399 1860 3449 carnem
1879 3383 1911 3445 et
1934 3401 2021 3448 ossa
2044 3401 2118 3447 nan

1231 3468 1362 3558 habet,
1379 3475 1474 3547 sieut
1490 3501 1546 3548 me
1560 3471 1688 3547 videtis
1703 3471 1849 3553 habere.
1885 3476 1939 3547 Et
1954 3503 2035 3552 oum
2050 3473 2121 3548 hoc

1233 3570 1409 3661 desisset,
1437 3575 1595 3652 ostendit
1607 3578 1659 3652 eis
1673 3603 1809 3650 manus
1824 3588 1856 3650 et
1871 3575 1992 3678 pedes.
2040 3575 2120 3650 Ad·

1230 3673 1303 3748 huc
1318 3689 1439 3750 autem
1458 3678 1540 3754 illis
1565 3707 1640 3754 non
1662 3678 1889 3754 credentibus
1910 3707 2001 3779 prae
2021 3707 2121 3777 gau-

1231 3777 1294 3852 dio
1311 3791 1342 3852 et
1357 3782 1607 3871 mirantibus,
1641 3779 1741 3855 discit
1758 3781 1857 3858 illis:
1884 3785 2044 3856 Habetis
2056 3780 2120 3855 hic

1228 3881 1399 3983 aliquid,
1433 3882 1536 3985 quod
1552 3882 1822 3958 manducetur?
1856 3883 1905 3956 Αι
1929 3885 1995 3956 illi
2014 3882 2120 3956 obtu-

1229 3979 1351 4056 lerunt
1365 3986 1399 4057 ei
1410 3999 1552 4084 partem
1565 3985 1680 4086 piscis
1695 3985 1796 4071 assi,
1823 3995 1854 4055 et
1862 3985 2000 4086 savum
2026 3983 2118 4058 mel·

1230 4084 1295 4162 lis.
1346 4085 1401 4158 Et
1416 4089 1599 4188 accipiens
1614 4113 1738 4160 soram
1757 4084 1840 4158 illis
1857 4084 2020 4166 comedit.

1175 4219 1297 4295 Dtete
1318 4225 1439 4294 autem
1466 4218 1523 4295 ad
1545 4247 1619 4296 eos:
1654 4219 1758 4294 Haec
1777 4233 1865 4293 sunt
1889 4222 1998 4295 verba
2022 4249 2117 4324 quae

1227 4322 1371 4396 locutus
1388 4351 1470 4396 sum
1487 4323 1636 4415 advos,
1671 4349 1751 4396 eum
1775 4321 1901 4397 adhuc
1921 4349 2032 4398 essem
2056 4353 2117 4398 vo-
2167 4367 2171 4374 ·

1226 4425 1383 4514 bissum,¹
1396 4434 1577 4526 quoniam
1592 4451 1731 4501 necesse
1745 4436 1796 4498 est
1813 4426 1963 4525 impleri
1975 4430 2116 4514 amnia,

1225 4551 1320 4628 quae
1340 4528 1480 4628 scripta
1503 4541 1590 4601 sunt
1617 4535 1657 4604 in
1680 4528 1757 4624 lege
1782 4527 1930 4622 Moisi,
1964 4541 1995 4602 ιι
2020 4527 2115 4606 Pra-

1222 4626 1367 4729 pbetis,
1401 4640 1433 4701 et
1455 4627 1626 4705 Psalmis
1647 4630 1690 4703 de
1714 4657 1779 4702 me.
1837 4627 1946 4703 Tunc
1968 4634 2114 4728 aperuit

1225 4731 1307 4803 illis
1339 4757 1504 4814 sensum,
1547 4745 1587 4806 ut
1622 4730 1869 4828 intelligerent
1895 4734 2114 4834 scripturas,

1226 4830 1326 4906 dixit
1341 4835 1408 4908 eis:
1433 4832 1623 4934 Quoniam
1639 4837 1886 4933 sicjscriptum
1906 4847 1975 4924 est,
2008 4838 2114 4910 etsie

1223 4935 1412 5034 oportebat
1435 4933 1629 5012 Christum
1656 4937 1761 5038 pati,
1806 4949 1839 5009 et
1873 4963 2057 5034 resurgere
2085 4969 2109 5011 a

1221 5041 1376 5110 mortuis
1394 5041 1501 5112 tertia
1520 5038 1598 5136 die,
1623 5051 1655 5114 el
1666 5037 1884 5141 praedicari
1897 5038 1937 5110 in
1963 5043 2110 5114 nomine

1210 5137 1297 5212 ’eius
1322 5141 1585 5239 poenitentiam
1615 5154 1646 5214 et
1678 5142 1925 5214 remissionem
1944 5155 2109 5239 peccato-

1221 5265 1301 5312 rum
1315 5242 1355 5312 in
1370 5269 1492 5318 omnes
1511 5255 1652 5342 gentes,
1679 5238 1887 5341 incipiendo
1908 5244 1957 5316 ab
1973 5245 2111 5316 Hiero-

1217 5341 1387 5452 solyma,
1537 5345 1540 5358 '
