4620 5814
60 197 122 276 aaa
282 195 364 272 xu.
417 193 812 274 annorauonus
838 197 905 272 ur
931 194 1211 274 condonas
1239 197 1291 272 an
1315 189 1502 276 sveno.
1529 165 1821 272 Marruuia·
1983 193 2063 274 ssa

56 370 154 440 ctrina
174 369 214 436 ad
239 391 304 436 uos
323 371 490 459 pertinet.
542 363 589 438 Et
605 369 794 458 diligenter
809 385 1022 443 mementote
1048 419 1052 481 ι
1076 369 1209 450 vietor,
1234 387 1268 442 et
1289 371 1464 441 discamus
1487 391 1552 438 nos
1572 392 1713 465 quoque
1730 381 1892 460 oportere
1909 367 2061 441 vincere.

57 467 128 538 haec
143 469 229 538 dicta
245 464 431 550 Iohannis:
460 469 551 540 Ecce
565 493 675 559 agnus
692 469 772 542 Dei.
884 539 886 544 ,
1047 485 1051 570 t
1077 469 1269 542 Vincemus
1285 488 1400 543 autem
1416 494 1488 540 non
1506 471 1592 551 soli,
1619 469 1695 540 sine
1709 471 1798 540 duce
1812 466 1976 552 Christo,
1998 473 2060 541 sed

144 569 242 638 ltem:
277 567 407 641 Omnis
435 574 511 666 qui¹
526 573 638 642 credit
666 573 703 640 in
729 573 882 658 Filium,
915 567 1023 643 habet
1047 575 1051 626 ¹
1074 573 1143 642 fide
1162 588 1195 643 et
1213 575 1437 646 invocatione
1456 573 1540 644 Filii
1560 569 1638 641 Dei.

55 673 145 741 vitam
159 685 343 746 aeternam.
713 731 715 736 ,
1609 710 1620 723 -

139 771 201 841 His
224 773 324 844 dictis
349 775 598 843 confirmemus
622 797 705 854 nos,
730 789 765 844 et
788 776 939 845 sciamus
961 773 1021 844 lo·
1490 815 1496 824 .
1523 753 1618 829 llll.¹

55 870 188 942 hannem
216 899 290 944 non
319 899 393 944 esse
422 878 604 944 doctorem
627 876 783 964 futilem,
816 879 874 946 sed
900 901 918 944 a
944 874 1020 946 Deo
1174 875 1219 946 Et
1238 875 1402 944 mirabile
1420 887 1471 944 est
1487 874 1634 944 bellum.
1686 872 1830 943 Diaboli
1845 888 1928 945 sunt
1943 873 2059 967 Spiri-

53 973 196 1059 missum,
221 991 256 1046 ct
278 979 483 1062 mandatum
499 976 565 1048 Dei
592 999 682 1060 esse,
709 990 748 1045 ut
773 978 804 1047 ei
823 980 1017 1049 credamus.
1071 991 1129 1048 tus
1148 977 1382 1068 potentissimi
1400 990 1435 1046 et
1450 975 1672 1054 astutissimi,
1698 970 1896 1045 ctEcclesia
1914 989 1965 1046 est
1978 1001 2059 1048 coe-

54 1074 122 1146 ldeo
143 1100 360 1170 opponamus
386 1072 556 1146 iohannis
576 1078 801 1147 autoritatem
821 1074 1019 1149 Pharisaeis
1072 1092 1128 1148 tus
1147 1075 1335 1147 hominum
1353 1077 1673 1145 infirmissimorum
1690 1090 1723 1147 et
1738 1076 1944 1162 stultorum,
1970 1102 2058 1169 pue·
2246 1159 2249 1166 ἢ

54 1179 182 1260 nostris,
204 1179 268 1270 qui
288 1179 412 1249 dicunt
437 1175 600 1247 homiues
623 1181 750 1247 mereri
774 1181 1018 1251 remissionem
1072 1203 1215 1260 rorum,
1253 1180 1461 1263 mulierum,
1503 1191 1538 1249 et
1566 1177 1717 1246 aliorum
1748 1179 1957 1248 miserorum
1991 1174 2058 1250 ho-
2180 1217 2191 1228 ·

53 1279 183 1368 propriis
198 1280 374 1372 operibus.
1071 1281 1219 1349 minum.
1270 1280 1312 1351 ln
1332 1275 1397 1349 hos
1412 1292 1590 1368 grassatur
1604 1277 1786 1363 diabolus,
1810 1292 1850 1350 ut
1864 1280 1893 1348 si
1910 1279 1979 1348 viri
1997 1303 2057 1350 ro·

135 1378 232 1464 ltem,
258 1382 319 1473 qui
334 1379 526 1451 obscurant
539 1379 738 1452 doctrinam
755 1383 798 1451 de
815 1383 894 1451 fide.
946 1380 1016 1451 Te·
1072 1384 1166 1454 busti
1196 1382 1433 1470 irrumperent
1462 1383 1500 1450 in
1530 1396 1669 1450 coetum
1699 1380 1893 1466 infantum,
1933 1381 2058 1451 etalii

52 1503 175 1549 neamus
202 1483 321 1570 potius
349 1477 441 1551 hanc
471 1479 763 1551 consolationem:
801 1480 932 1552 Omnis
956 1485 1017 1574 qui
1070 1484 1158 1552 alios
1176 1483 1373 1574 arriperent
1388 1498 1420 1553 et
1436 1483 1622 1552 alliderent
1639 1481 1843 1574 parietibus.

52 1582 145 1650 “edil
170 1583 206 1649 5¹1
233 1581 385 1667 Filium,
418 1578 523 1652 habel
552 1582 659 1652 Vitam
691 1598 878 1654 flelfflfflffl·
939 1583 1018 1654 H⁰0
1174 1601 1215 1671 ln
1230 1603 1293 1671 tali
1310 1625 1426 1693 pugna
1442 1614 1560 1670 tamen
1576 1622 1641 1668 nos
1654 1599 1774 1669 miseri
1788 1599 1973 1684 vincimus,
1994 1599 2056 1668 sed

52 1683 163 1752 dictum
179 1685 341 1773 congruit
356 1707 436 1754 cum
455 1683 557 1752 dictis
573 1679 706 1756 Christi
724 1701 758 1755 ct
775 1684 894 1756 Pauli:
922 1684 1017 1756 Haec
1069 1727 1144 1773 non
1180 1705 1355 1773 vincimus
1385 1704 1515 1772 nostri,
1543 1703 1700 1786 viribus,
1742 1703 1802 1770 sed
1834 1697 2057 1770 invocatione

53 1797 92 1850 ⁴³⁵1
113 1783 270 1854 V⁰l¹1¹¹la⁵
287 1783 372 1869 Dei,
397 1798 437 1854 ul
457 1785 574 1854 omnis
597 1787 658 1878 qui
683 1787 793 1855 “edil
818 1788 856 1855 5¹¹
870 1787 1016 1868 Piliuffls
1069 1803 1152 1873 Filii
1173 1801 1259 1889 Dei,
1286 1806 1368 1897 quia
1391 1805 1471 1874 illos
1487 1806 1649 1876 robustos
1666 1806 1710 1872 ab
1727 1803 1922 1872 infantibus
1937 1801 2057 1892 depel-

53 1877 157 1954 habeat
175 1887 283 1954 vitam
302 1901 490 1956 aeternam.
1068 1907 1110 1978 li't
1129 1908 1299 2000 quotidie.

132 1983 224 2054 Haec
243 1987 450 2078 principalia
465 1989 509 2055 de
525 1981 685 2056 iohanne
700 1988 849 2075 cogitate
864 1989 1016 2076 diligen·
1170 2023 1266 2094 Haec
1292 2026 1335 2092 de
1357 2023 1610 2113 applicatione,
1637 2019 1732 2112 quod
1758 2018 1948 2090 debeamus
1970 2045 2056 2091 con-

54 2095 109 2166 ter,
130 2100 159 2155 et
174 2084 253 2156 Deo
275 2090 403 2178 gratias
427 2088 537 2176 agite,
562 2089 656 2179 quod
682 2085 1015 2174 ⁸0¹V⁰1E⁰⁶l⁰⁵i³mt
1070 2149 1211 2196 currere
1230 2127 1273 2196 ad
1291 2121 1474 2194 Christum
1493 2123 1662 2192 victorem
1679 2123 1717 2189 in
1734 2121 1833 2190 omni
1849 2122 2055 2206 tentatione,

53 2195 77 2250 et
90 2199 192 2271 orate,
220 2201 262 2259 ut
277 2185 422 2279 posthac
439 2211 580 2282 quoque
596 2203 719 2258 servet.
1070 2228 1223 2315 primum
1244 2227 1425 2298 discantur
1449 2224 1488 2292 in
1511 2218 1578 2293 hac
1598 2215 1767 2310 historia,
1792 2236 1911 2314 postea
1935 2223 2055 2293 videa-

1069 2341 1128 2398 tur
1142 2323 1304 2399 historia.

378 2450 517 2559 Caput
565 2452 664 2537 ΠΗ,
1170 2443 1260 2514 Tres
1282 2456 1365 2515 sunt
1390 2443 1599 2534 praecipuae
1621 2442 1898 2540 persecutiones,
1925 2442 2055 2534 quihus

419 2573 458 2635 ¹,
537 2621 545 2637 ,
765 2625 772 2640 ,
840 2624 848 2638 ,
1067 2543 1261 2616 Ecclesiam
1282 2545 1445 2616 diabolus
1460 2545 1687 2635 oppugnavit.
1739 2540 1875 2612 Harum
1894 2566 2053 2631 perseeu-

183 2619 251 2688 ΒΘ
277 2615 636 2690 mmmmm
661 2616 860 2691 (mmm
1057 2648 1206 2728 tionum
1222 2648 1297 2740 typi
1312 2645 1484 2738 propositi
1499 2660 1580 2715 sunt
1597 2645 1634 2714 in
1649 2667 1798 2734 persona
1813 2638 1961 2714 Christi.

9 2757 11 2842 i
399 2749 637 2820 praefati&
1121 2769 1155 2836 1.
1188 2763 1391 2834 Persecutio
1406 2762 1616 2853 corporalis,
1642 2762 1750 2830 fames
1766 2773 1800 2831 et
1814 2760 1962 2850 gladius.

9 2897 11 2969 ζ
130 2882 345 2977 Quanquam
368 2883 449 2952 illae
465 2885 678 2954 tentationes
693 2907 840 2975 magnae
856 2901 958 2972 sunt,
981 2901 1015 2957 et
1116 2857 1649 2980 2·P²r⁵‘⁰¹1¹i⁰l'“hle¹'?⁵⁰⁸·
1852 2963 1861 2980 ι

10 2993 11 2996 ’
49 2983 208 3068 obscurae,
236 2997 270 3054 et
289 3009 361 3070 non
379 2985 464 3055 eatis
480 2985 631 3074 intelligi
648 2999 710 3056 aut
724 2989 1013 3058 declarariano-
1117 2969 1153 3042 5·
1186 2964 1387 3040 Ρθῑδθθῦῑῖθ
1405 2989 1469 3055 l)er
1484 2967 1705 3035 ffl³n¹s⁸⁸²³¹¹¹
1721 2963 1932 3036 iddilfflm·

10 3169 11 3172 Ἴ
49 3083 88 3151 his
101 3100 262 3176 possunt,
288 3100 405 3155 tamen
422 3110 494 3156 non
512 3100 595 3158 sunt
611 3087 741 3158 frustra
758 3088 925 3176 scriptae,
952 3092 1010 3160 sed
1672 3161 1680 3178 ι
1857 3159 1866 3176 ι

10 3179 11 3187 '
48 3183 158 3278 aliquid
183 3189 312 3258 docere
336 3210 401 3255 nos
424 3186 579 3276 Spiritus
602 3203 742 3259 sanctus
766 3191 913 3294 voluit,
931 3216 1011 3262 cum
1183 3164 1240 3229 ¹²⁶
1258 3163 1406 3248 primum
1427 3165 1576 3228 mmm
1600 3161 1752 3230 citriam
1772 3159 1812 3224 ‘si
1833 3163 1929 3224 metu.

11 3371 13 3396 ι
49 3287 215 3360 l⁰¹¹¹ililla
234 3312 363 3358 arcana
382 3287 500 3357 scribi·
612 3343 619 3350 ·
1166 3303 1205 3376 Si
1222 3329 1258 3374 es
1273 3302 1481 3390 FiliusDei,
1508 3307 1537 3373 si
1554 3303 1763 3389 esMessias,
1786 3305 1863 3375 ciba
1878 3317 1922 3373 te.
1972 3302 2050 3375 lro-
2084 3283 2088 3296 ⁸

11 3417 12 3425 ’
126 3387 287 3460 Primum
309 3403 423 3460 aulem
446 3384 515 3461 ¹¹⁰⁶
538 3403 704 3476 monem,
729 3391 824 3483 (1¹¹0d
842 3416 1010 3483 magnum
1064 3410 1123 3478 nia
1152 3421 1204 3477 est
1233 3407 1403 3476 indicto:
1436 3402 1503 3476 Dic
1523 3419 1563 3475 ut
1584 3405 1644 3476 isti
1664 3406 1798 3496 lapides
1820 3407 1907 3475 fiant
1931 3428 2051 3495 panes,

12 3553 13 3592 ζ
48 3487 80 3556 sit
102 3490 228 3560 bellum
260 3492 354 3561 inter
376 3487 508 3561 Filium
530 3493 601 3562 Dei
631 3506 665 3562 et
688 3492 889 3580 diabolum,
922 3497 1012 3567 sicut
1064 3510 1162 3602 quasi
1187 3509 1298 3592 dicat,
1324 3491 1472 3592 heilica,
1501 3521 1538 3578 tu
1561 3531 1603 3576 ex
1626 3507 1806 3599 lapidibus
1828 3505 1962 3578 victum
1985 3501 2049 3576 ha.

12 3633 13 3659 r
48 3591 140 3660 statim
167 3594 206 3661 in
231 3587 366 3661 Genesi
388 3595 605 3683 praedictum
628 3607 695 3664 est:
731 3591 866 3664 Ponam
889 3597 1010 3666 inimi·
1063 3611 1173 3682 babis.

13 3773 14 3776 ,
48 3689 126 3758 litias
151 3695 246 3762 inter
272 3707 306 3762 te
336 3708 369 3762 et
398 3715 519 3764 semen
547 3695 716 3766 mulieris·
769 3697 849 3765 ldeo
874 3721 1011 3790 semper
1163 3709 1265 3781 Sicut
1279 3733 1376 3780 nunc
1394 3711 1554 3780 esuriunt
1571 3706 1735 3781 Pastores
1752 3723 1786 3780 et
1803 3709 1865 3780 alii
1879 3709 2048 3792 ministri,

13 3799 14 3858 ἶ
48 3788 184 3862 diabolus
210 3791 404 3864 Ecclesiam
435 3797 532 3866 varie
560 3798 798 3887 0PP¹¹ss¹¹³Vst2
832 3800 1010 3883 caedibus,
1063 3826 1097 3885 et
1111 3813 1217 3885 multi
1230 3811 1703 3884 deterrenturaministcrio
1718 3825 1862 3904 propter
1876 3809 2048 3902 inopiam.

13 3949 14 3952 ,
49 3894 221 3979 erroribus,
261 3909 295 3964 et
323 3895 444 3965 multis
475 3898 613 3986 magnis
642 3898 930 3987 confusionibus,
970 3901 1027 3973 ut'

47 3992 150 4064 multos
166 4021 184 4064 a
203 3997 352 4065 veritate
370 4010 404 4065 et
420 4021 439 4062 a
457 3995 534 4067 Deo
550 3993 741 4071 abstrahat.
1063 4007 1215 4079 Gloriatur
1236 4008 1369 4094 opponit
1389 4006 1525 4074 verdum
1545 4006 1644 4087 Dei,
1678 3979 1795 4091 etfide
1815 4027 1851 4072 se
1871 4011 2046 4073 audeninl.

492 4178 541 4254 Π.
1166 4149 1219 4219 lta
1243 4150 1345 4246 docet
1366 4173 1432 4218 nos
1445 4172 1586 4241 quoque
1605 4146 1789 4240 praeliari,
1815 4148 1962 4217 verbum
1978 4146 2047 4218 Dei

1061 4274 1249 4344 quaerere,
1274 4263 1309 4320 et
1333 4251 1484 4322 excitare
1504 4251 1629 4336 hdem,
1653 4265 1687 4320 et
1708 4248 1840 4320 intueri
1857 4249 1974 4339 ipsum
1992 4249 2046 4316 vi-

1061 4366 1203 4421 ctorem.
1255 4351 1360 4424 Tunc
1377 4376 1451 4421 nou
1468 4350 1584 4422 solum
1601 4351 1817 4443 spiritualem
1833 4351 2047 4421 consolatio-

1062 4477 1144 4522 nem
1163 4449 1389 4540 habebimus,
1416 4455 1479 4524 sed
1497 4454 1603 4524 etiam
1621 4453 1827 4547 temporalia
1842 4453 1934 4522 mala
1949 4453 2048 4522 miti-

1060 4558 1250 4644 gabuutur.

122 4294 203 4367 Non
217 4299 304 4370 satis
318 4313 368 4368 est
382 4297 470 4366 scire
486 4312 673 4385 certamen,
700 4303 757 4370 sed
773 4302 876 4371 etiarn
895 4305 1008 4373 scien-

48 4392 202 4484 domest,
236 4400 416 4493 quomodo
443 4401 616 4487 possimus
641 4403 793 4472 vincere.
863 4402 1009 4475 Praedi-

49 4507 117 4566 ctum
139 4515 188 4569 est
211 4502 341 4590 igitur,
371 4503 466 4593 quod
492 4499 606 4571 Filius
626 4502 692 4571 Dei
716 4504 760 4573 sit
788 4505 909 4574 victor.
962 4503 1009 4577 Et

48 4593 81 4663 sie
103 4599 217 4693 inquit
239 4599 405 4671 Genesis:
439 4598 568 4671 Semen
599 4604 757 4673 mulieris
788 4608 1009 4680 conculcabit

49 4715 127 4815 ttput
143 4704 327 4794 serpentis.
369 4700 467 4771 Idem
490 4727 635 4792 prorsus
653 4706 691 4772 in
708 4700 776 4774 hoc
793 4707 887 4776 dicto
903 4709 1008 4778 intel·
1085 4737 1161 4802 No„
1182 4735 1220 4801 5„
1241 4732 1307 4800 3010
1325 4753 1413 4818 pane
1434 4733 1514 4799 ,ama
1534 4733 1641 4816 pomo,
1678 4733 1738 4798 ,ep
1756 4734 1795 4800 a„
1816 4734 1907 4802 omme
1927 4729 2024 4802 „erpo

48 4793 159 4882 hgttur:
209 4803 324 4874 Filius
359 4798 424 4872 Dei
464 4805 580 4889 venit,
630 4821 669 4876 ut
709 4808 866 4878 destruat
901 4834 1007 4899 opera
1306 4819 1392 4907 quod
1407 4819 1556 4903 procedit
1576 4819 1616 4882 de
1637 4837 1694 4892 ore
1714 4818 1795 4886 Dei.

49 4911 164 4996 ditboli·
1049 4985 1051 4990 ·
1163 4953 1296 5043 Magna
1326 4954 1519 5023 consolatio
1541 4967 1610 5036 est,
1641 4955 1737 5047 quod
1758 4956 1912 5048 primurn
1937 4976 2045 5044 quae-

480 5089 548 5166 111,
1060 5058 1210 5127 rendum
1244 5056 1289 5124 sit
1320 5055 1469 5124 verbum
1494 5049 1592 5145 Dei,
1626 5068 1659 5126 et
1688 5057 1757 5126 lide
1786 5055 2043 5145 accipiendum.

1059 5157 1156 5229 Haec
1183 5171 1233 5228 est
1256 5156 1365 5246 magis
1386 5179 1488 5226 causa
1513 5158 1623 5240 vitae,
1658 5181 1764 5254 quam
1791 5157 1966 5228 naturalia
1988 5158 2045 5232 in·

123 5223 203 5291 Ideo
236 5237 401 5294 narratur
422 5221 482 5294 hic
502 5248 619 5316 pugna
645 5219 778 5296 Christi
802 5239 834 5296 et
861 5225 1008 5310 diaboli,
1060 5273 1268 5333 flmmeum·

49 5324 76 5381 ot
102 5325 291 5416 exemplum
330 5326 531 5409 videamus,
578 5328 673 5422 quod
707 5322 871 5399 Christus
900 5329 1035 5408 fueriti
