4616 5818
47 349 235 432 sievirunt,
261 347 684 445 omnesqnseumtopes,
709 339 917 416 utbabeant
931 357 1025 414 certa

47 450 165 522 auxilia
186 449 224 518 in
252 463 442 540 conspectu
462 463 497 520 at
515 448 553 516 in
569 459 730 538 promtu,
756 460 790 516 et
806 447 944 516 ridetur
959 449 1019 514 do-

49 551 148 622 ctrine
168 546 320 620 Christi:
347 549 507 620 Primum
531 548 689 641 quaerite
712 569 859 637 regnum
877 545 965 630 Dei,
988 559 1023 616 et

49 665 169 722 caetera
186 653 402 722 adlicientur
418 651 531 722 vobis.

480 813 579 892 VII.

317 992 319 996 Ι
399 931 446 982 Dc
485 901 656 988 secundi.

138 1033 239 1108 Ordo
270 1031 498 1106 historiarum
525 1038 682 1122 ostendit
712 1051 791 1129 post
821 1037 1020 1128 corporales

46 1140 234 1208 vexationes
248 1139 430 1208 accessisse
444 1137 616 1226 haereses,
638 1141 729 1211 sicut
743 1135 802 1210 hic
814 1155 894 1231 apte
909 1137 1020 1228 sigui-

45 1243 167 1312 licatur.
219 1237 327 1310 Stans
348 1239 387 1309 in
408 1240 548 1330 fastigio
572 1240 713 1334 templi,
739 1241 940 1334 est'aliquis
959 1265 1018 1311 ex·

46 1344 162 1412 cellens
176 1341 359 1426 doctrina,
386 1341 420 1412 ls
435 1365 472 1412 se
487 1342 674 1428 deiiciens,
699 1343 736 1412 id
753 1356 827 1428 est,
852 1365 1018 1435 spargens

46 1446 179 1533 dogma,
210 1442 290 1511 sine
320 1445 428 1512 verbo
456 1443 540 1529 Dei,
575 1456 688 1524 tentat
715 1441 843 1518 Deum.
911 1443 1016 1514 Tales
1084 1511 1085 1516 ,

44 1545 192 1628 luerunt,
220 1559 307 1618 sunt
334 1557 368 1614 et
391 1559 495 1614 erunt
518 1544 682 1636 plurimi,
713 1546 779 1616 sed¹
800 1557 884 1616 tunc
906 1559 1016 1628 erant,

44 1641 170 1729 Ebion,
194 1641 407 1726 Cerinthus,
434 1643 621 1734 Marcion,
647 1644 793 1733 Manes,
817 1645 1016 1718 Samosate-

44 1769 116 1832 nus,
138 1741 267 1842 Arius,
295 1745 475 1835 Pelagius,
500 1762 533 1816 et
549 1748 690 1818 similes.

132 1845 288 1916 Tentare
306 1845 418 1916 Deum
440 1848 602 1938 proprie,
626 1862 678 1918 est
695 1860 828 1918 certare
843 1871 922 1918 cum
939 1843 1015 1918 Deo

46 1947 157 2018 fiducia
189 1949 357 2040 propriae
384 1950 593 2039 sapientiae,
627 1949 786 2020 iusticiae
813 1963 848 2020 et
872 1949 1015 2028 virium,

46 2071 80 2118 ac
99 2049 186 2118 nolle
212 2051 289 2140 regi
314 2049 423 2140 ipsius
436 2049 506 2120 Dei
528 2051 656 2138 verbo,
682 2075 721 2120 ac
738 2049 964 2121 ordinatione
982 2064 1015 2119 et

46 2151 226 2224 vocatione.
282 2150 352 2220 Sed
377 2145 432 2220 his
455 2151 580 2242 spretis
596 2153 693 2227 aliud
713 2175 898 2246 quaerere,
922 2152 1013 2222 lidu-

45 2249 89 2318 cia
110 2265 244 2324 nostrae
270 2251 483 2342 sapientiae,
508 2255 602 2344 quod
628 2255 733 2324 nobis
755 2255 865 2342 magis
889 2254 1014 2344 placet.

47 2346 87 2420 Ut
104 2348 252 2430 bumana
275 2353 445 2443 sapientia
464 2351 652 2426 Pontifices
673 2353 889 2426 mandarunt
905 2355 1013 2424 coeli-

46 2450 170 2536 batum,
194 2453 447 2525 samosatenus
471 2457 628 2546 corrupit
648 2455 844 2526 doctrinam
861 2458 905 2524 de
920 2455 1014 2526 Filio

46 2546 118 2637 llei,
155 2569 188 2625 et
219 2556 413 2648 quaerebat
441 2555 539 2626 aliud
570 2557 789 2628 concinnius.
855 2554 1014 2628 Pseudo·
1134 2625 1137 2630 .

47 2655 176 2738 apostoli
200 2657 422 2748 quaerebant
437 2649 592 2726 humano
610 2659 743 2729 iudicio
760 2656 894 2749 aliquid
914 2658 1013 2746 plau-

47 2753 166 2824 sibilius
188 2781 273 2828 cum
297 2759 407 2846 legem
432 2758 593 2847 abrogari
618 2759 767 2832 nollent.
818 2757 902 2828 ldeo
929 2759 1014 2828 dicit

49 2849 170 2925 Petrus:
212 2857 313 2948 Quid
345 2859 487 2930 tentatis
517 2857 658 2930 Deum?
692 2861 742 2929 >td
774 2873 844 2946 est,
885 2861 1012 2930 fiducia

50 2970 162 3026 restrae
186 2960 382 3050 sapientiae
404 2974 439 3030 et
455 2956 691 3042 humanarum
707 2962 886 3032 rationum
902 2977 1013 3031 certa-

10 3145 12 3158 !
49 3054 85 3124 tis
100 3081 170 3126 cum
185 3057 286 3140 Deo,
313 3061 490 3133 disceditis
506 3063 552 3132 ab
570 3063 643 3133 eius
660 3065 781 3134 verbo.
832 3062 879 3135 Et
896 3077 1011 3154 postca

48 3151 213 3230 Pontifices
235 3162 394 3250 profecto
417 3157 638 3236 horribiliter
658 3178 882 3236 tentaverunt
898 3162 1011 3235 Deum

49 3260 152 3328 multis
172 3262 292 3351 pravis
316 3265 557 3352 dogmatibus,
581 3268 625 3335 de
648 3266 761 3334 abusu
777 3282 1012 3337 sacramento·

47 3377 130 3444 rum,
163 3365 205 3432 de
229 3365 557 3453 ignoratione-fidei
582 3380 617 3441 et
639 3390 740 3436 verae
764 3367 1012 3454 invocationis,

50 3458 84 3526 de
99 3466 293 3536 monasticis
310 3466 472 3540 cultibus.

463 3631 585 3710 VIII.

426 3753 473 3804 De
497 3753 618 3827 tertia,

588 176 672 254 llll.
709 104 1105 252 nuttorn'ttoutts
1129 169 1182 246 tu
1205 165 1509 248 uvtttttttttt.

1979 177 2056 254 280

1179 331 1363 408 Miserere
1376 335 1448 406 mei
1460 332 1625 408 Domine
1624 331 1697 430 fiii
1707 331 1856 426 David,
1869 333 1965 432 filia
1979 361 2061 410 men

1178 463 1203 508 α
1220 435 1414 508 daemonio
1427 436 1526 509 mule
1543 448 1708 514 veantur.
1758 435 1835 510 Ille
1850 448 1970 512 nutem
1987 464 2062 510 non

1178 535 1366 632 respondit
1389 539 1424 610 ci
1443 538 1598 614 verbum.
1650 537 1704 611 Et
1724 537 1928 615 accedentes
1949 536 2062 613 disci-

1173 639 1260 738 puli
1275 642 1363 727 eius,
1392 641 1681 736 engotismam,
1703 637 1875 716 dicentes:
1901 639 2062 713 Dimitte

1176 765 1275 824 eam,
1306 743 1397 841 quia
1421 740 1560 814 clamat
1581 753 1664 840 pust
1687 769 1767 818 nos.
1827 741 1916 843 Ipse
1938 755 2059 816 autem

1175 840 1396 942 respondens
1421 845 1497 916 ait:
1530 841 1620 916 Non
1642 871 1724 916 sum
1748 845 1886 918 missus
1909 845 1988 918 nisi
2008 843 2062 917 ad

1175 971 1274 1029 ones,
1301 970 1395 1046 quoe
1409 947 1612 1042 perierunt,
1638 941 1769 1018 domus
1784 945 1924 1020 Israi'i.

1123 1047 1172 1121 At
1186 1045 1259 1118 illa
1277 1049 1372 1138 genit
1387 1057 1418 1117 ct
1430 1043 1605 1121 odoravit
1620 1072 1711 1132 eum,
1732 1043 1871 1120 dicens:
1895 1045 2060 1120 Domine
2174 1043 2182 1056 '

1172 1144 1311 1220 adiuva
1340 1173 1406 1219 me.
1475 1147 1551 1221 ltte
1580 1157 1701 1220 autem
1731 1147 1954 1248 respondens
1983 1151 2059 1222 ait:

1171 1245 1262 1323 Non
1284 1261 1335 1321 est
1352 1249 1488 1322 bonum
1504 1275 1644 1322 sumere
1656 1247 1988 1348 pancmfiliorum,
2014 1276 2059 1323 oe

1170 1352 1346 1448 proiicere
1374 1349 1530 1428 catellis.
1587 1353 1637 1424 At
1667 1351 1741 1424 illo
1771 1352 1890 1424 dixit:
1924 1350 2057 1423 Etiam

1168 1451 1343 1537 Domine,
1370 1452 1447 1524 Sed
1461 1454 1555 1524 enim
1571 1464 1604 1525 et
1618 1452 1746 1526 catelli
1759 1451 1868 1526 edunt
1884 1452 1927 1526 de
1943 1452 2059 1542 micis,

1169 1581 1263 1626 tuac
1286 1554 1424 1628 cadunt
1447 1551 1490 1626 de
1510 1580 1633 1628 mensa
1650 1552 1882 1629 dominorum
1896 1580 2059 1628 suorum.
2155 1579 2157 1586 ⁴

1169 1580 1277 1728 inne
1292 1653 1513 1755 respondens
1531 1653 1655 1740 Iesus,
1682 1658 1738 1727 ait
1754 1657 1840 1730 illic
1860 1651 1896 1728 O
1911 1655 2056 1739 mulier,
2159 1681 2165 1692 ·

1168 1783 1306 1854 magna
1323 1771 1374 1828 est
1383 1754 1478 1850 fidas
1493 1769 1577 1842 tua,
1591 1753 1671 1851 fiat
1688 1758 1759 1830 tibi
1772 1759 1865 1830 sicut
1884 1759 1949 1836 vis.
2000 1755 2056 1829 Et

1167 1871 1308 1932 sanato
1327 1855 1477 1953 cstfilia
1494 1864 1571 1932 eins
1588 1885 1636 1932 ex
1653 1858 1725 1932 itta
1744 1855 1852 1942 bora.

1116 1991 1202 2064 Loci
1223 1993 1402 2085 praecipui
1418 2001 1490 2062 tres
1507 2007 1600 2067 sunt.

1219 2127 1247 2201 Ι.
1299 2127 1433 2212 Locus,
1459 2126 1513 2198 De
1529 2129 1721 2199 miraculis.

1217 2229 1265 2304 ll.
1316 2231 1373 2348 Dc
1388 2231 1644 2301 tentationibus
1656 2230 2056 2324 quaeobstrepuntpre·

1220 2346 1389 2506 lllianlle
1405 2431 1474 2500 lide
1489 2443 1523 2502 et
1540 2430 1730 2522 praecipuo
1747 2432 1856 2506 cultu.

1455 2599 1505 2650 Da
1534 2597 1657 2664 print.

1167 2701 1327 2772 Primum
1345 2698 1404 2771 bic
1419 2701 1592 2792 generalis
1605 2699 1767 2770 doctrina
1783 2704 1976 2792 repetendo
1991 2718 2054 2788 est,

1064 2805 1160 2898 quod
1178 2806 1348 2875 miracula
1364 2805 1435 2874 sint
1452 2803 1652 2872 testimonia
1667 2797 1764 2870 brine
1776 2804 1957 2873 doctorem
1971 2828 2053 2873 vere
2149 2879 2153 2888 ,
2169 2823 2179 2838 ·

1066 2908 1209 2974 missum
1233 2929 1307 2975 esse
1328 2930 1347 2975 a
1372 2907 1463 2978 Deo.
1524 2903 1631 2988 ltem,
1663 2905 1759 2997 quod
1781 2897 1842 2972 bic
1861 2905 1988 2974 doctor
2006 2906 2053 2974 sit

1063 3004 1259 3090 Dominus,
1283 3023 1317 3076 et
1336 3008 1530 3098 promissus
1546 3005 1716 3090 salvator,
1741 3005 1882 3098 qualem
1898 3029 1934 3076 se
1950 3029 2052 3097 prae-
2135 3075 2141 3082 ,

1064 3109 1177 3191 dicat,
1203 3110 1388 3178 destruens
1402 3129 1507 3198 opera
1525 3106 1679 3193 diaboli,
1704 3122 1904 3198 peccatum,
1930 3122 2051 3200 tyran-

1064 3211 1184 3278 nidem
1202 3210 1359 3294 diaboli,
1383 3222 1417 3279 et
1434 3223 1595 3283 mortem.

1437 3377 1486 3427 Ds
1509 3376 1674 3426 secundo.

1167 3481 1358 3555 Peculiaris
1380 3480 1495 3567 imago
1517 3474 1575 3547 bic
1591 3477 1813 3567 proponitur.
1865 3475 2048 3572 Nusquam
2134 3561 2139 3570 Ι

992 3655 998 3666 ,
1065 3588 1154 3654 adeo
1180 3585 1318 3652 duriter
1336 3581 1521 3673 praeterit,
1545 3592 1607 3648 aut
1629 3579 1743 3648 reiicit
1760 3601 1879 3668 preces
1896 3592 1990 3650 ortas
2006 3605 2048 3652 ex

836 3717 845 3737 ·
958 3711 964 3723 ²
1065 3711 1148 3756 vero
1173 3700 1205 3755 et
1229 3707 1357 3774 magno
1374 3682 1518 3767 dolore,
1544 3695 1584 3751 ut
1600 3676 1668 3750 bic.
1719 3675 1767 3748 Et
1784 3681 1856 3748 duo
1872 3681 2049 3752 obiiciun·
2165 3710 2168 3716 ¹
2297 3705 2298 3772 }

452 3859 460 3875 ,
1064 3805 1132 3860 tur.
1182 3786 1361 3864 Primum,
1385 3779 1820 3876 quodnonsitexlsraiil.
1871 3779 2049 3867 Secundo,

132 3852 309 3926 p⁰⁸¹rem³
335 3870 504 3943 temm’
535 3875 585 3930 θ’(
614 3860 715 3950 ’Βῧῃί
740 3882 841 3930 ⁰³¹¹⁸³
863 3861 1011 3950 “¹³¹¹lfi'
1063 3892 1158 3982 quod
1176 3889 1222 3960 sit
1238 3888 1405 3974 indigna,
1431 3899 1471 3954 nt
1488 3885 1595 3954 canis.
1648 3879 1703 3952 Ex
1721 3877 1777 3950 his
1793 3883 2049 3953 tentationibus

49 3963 119 4020 stam
142 3957 343 4028 idolatriam
362 3961 581 4034 ,constituere
606 3974 639 4030 et
662 3961 860 4031 defendere.
913 3959 1010 4031 Sicut
1062 3993 1136 4080 ip„
1165 4006 1285 4059 „men
1316 3988 1505 4068 eluctatur,
1539 3998 1574 4054 et
1601 3986 1745 4053 tandem
1778 3983 1846 4050 fide
1870 3983 2047 4073 impetrat,

10 4137 11 4152 ,
49 4065 208 4166 utrunque
229 4083 376 4150 regnum
392 4059 511 4152 Papae
522 4075 558 4180 et
574 4057 771 4179 Mabometi
788 4058 894 4132 habet
912 4086 1011 4154 prae·
1063 4093 1157 4183 quod
1183 4091 1279 4180 pem·
1333 4085 1401 4156 Hp,
1415 4085 1524 4172 igtgu,
1539 4086 1713 4152 discamus
1729 4081 1950 4171 singulorum
1968 4085 2047 4153 ani.

10 4171 11 4200 *
49 4175 150 4242 εΨ1108
178 4183 325 4246 ¹¹⁸¹V0³2
361 4175 490 4232 birram
521 4163 734 4234 ¹d⁰l⁰lf¹³¹¹b
801 4163 1011 4234 Pffl⁰m⁰¹¹⁰¹
1063 4217 1138 4261 mos
1154 4189 1349 4282 oppugnari
1366 4186 1542 4258 similibus
1559 4184 1824 4256 tentationibus.
1878 4183 2049 4276 Necpro-

48 4251 139 4340 lilluf
160 4285 224 4330 ¹¹0⁸
241 4257 427 4344 Christus·
452 4278 492 4333 ¹¹1
517 4260 601 4334 hm
623 4287 730 4354 “8¹¹³
753 4282 928 4356 P0⁸uerna
947 4289 1010 4382 PP·
1059 4309 1179 4382 pterea
1196 4292 1304 4360 iidem
1326 4289 1562 4360 abiiciendam
1580 4309 1672 4371 esse,
1698 4288 1757 4355 sed
1774 4285 1892 4376 potius
1910 4288 2048 4378 erigen-

49 4376 187 4441 pressnra
207 4359 422 4446 Ecclesiam,
457 4365 613 4436 iudicare
638 4367 834 4450 diseamus,
866 4381 901 4436 et
924 4381 1012 4436 vite·
1062 4397 1142 4464 dam
1159 4395 1252 4463 qm„
1266 4386 1332 4460 ho,
1348 4389 1488 4458 fluctus,

48 4478 113 4526 mus
132 4462 329 4550 idolatriae,
355 4480 391 4537 et
410 4489 485 4536 nou
507 4469 728 4558 defugiamus
743 4467 953 4552 certamina,
979 4481 1012 4536 et

63 4557 70 4571 .
114 4563 121 4577 .
1165 4494 1258 4568 Sunt
1278 4505 1395 4562 autem
1419 4492 1510 4558 duae
1532 4488 1718 4579 praecipue
1735 4489 1964 4558 tentationes:
1992 4491 2046 4559 al·

49 4563 241 4646 significatur
256 4568 368 4638 exitus
384 4567 629 4638 certaminum.

1063 4611 1135 4668 tera
1158 4601 1203 4666 de
1219 4593 1447 4684 indignitate,
1470 4590 1579 4662 altera
1595 4595 1638 4660 de
1653 4589 1834 4659 electione.
1887 4589 1990 4660 Prior
2005 4616 2045 4662 ex

1063 4701 1137 4786 lege
1159 4699 1285 4768 oritur.
1350 4693 1497 4782 Semper
1519 4691 1615 4760 enim
1639 4691 1795 4761 clamitat
1820 4691 1875 4762 lex
1898 4691 1936 4761 in
1959 4716 2045 4762 con·

233 4802 455 4885 Domlnlctt
505 4805 805 4892 Reminiscere.
1062 4801 1219 4870 scientiis
1246 4796 1377 4867 nostris
1398 4791 1513 4864 Deum
1534 4791 1729 4882 respicere,
1761 4795 1944 4878 exaudire,
1975 4795 2046 4862 sal-

1063 4925 1144 4970 vare
1175 4901 1322 4988 dignos,
1356 4897 1477 4966 iustos.
1546 4891 1618 4962 Nos
1641 4917 1724 4963 vero
1747 4893 1914 4980 iniustos,
1949 4895 2046 4964 iudi-

286 4947 520 5042 &angelium
543 4947 673 5024 Matih'
694 4951 751 5025 15⁶
1023 4997 1030 5013 '
1062 5027 1166 5092 gnos,
1192 5001 1347 5091 pollutos
1370 5011 1404 5066 et
1427 4996 1580 5066 abiectos
1595 5018 1667 5064 esse
1680 4997 1770 5065 sicut
1784 5018 1899 5068 canes.
1950 4993 2045 5094 Huic

91 5089 138 5164 Et
152 5120 312 5192 egressus
330 5095 415 5169 inde
426 5091 543 5178 lesus,
569 5099 712 5172 secessit
731 5099 770 5170 in
782 5097 1015 5196 partesTyri
1054 5103 1247 5181 ,tentationi
1264 5102 1368 5168 debet
1382 5097 1514 5189 opponi
1531 5097 1691 5168 doctrina
1705 5091 1890 5185 Evangelii
1906 5098 1950 5166 de
1966 5120 2045 5187 gra·
2091 5105 2100 5120 ¹

135 5195 335 5282 etSidnnis,
361 5199 417 5272 Et
432 5225 503 5272 ecee
518 5196 866 5274 mulierCanannea
885 5199 1012 5296 nfini-
1062 5207 1150 5275 tuito
1181 5201 1444 5284 iustificatione,
1475 5213 1510 5268 et
1540 5202 1584 5298 dc
1610 5198 1803 5277 exclusiva,
1838 5195 1978 5282 Gratis,
2009 5213 2044 5268 et

138 5297 199 5372 bus
216 5298 296 5373 illis
312 5317 476 5397 egressa,
501 5301 675 5373 clamavit
690 5301 746 5380 ed
757 5329 848 5392 eum,
874 5303 1010 5378 dicens:
1061 5306 1181 5394 colligi
1202 5301 1511 5470 testimoqri5a*quae
1528 5301 1720 5374 ostendunt
1734 5289 1934 5391 indignos,
1948 5299 2044 5372 iniu-
