4616 5818
60 175 120 248 sn
556 161 653 238 uu.
701 153 1178 270 annonantounsru
1211 151 1514 234 uvauouun.
1981 155 2058 230 soc

55 339 228 412 sententiae
248 340 386 408 docent.
438 331 633 406 Abstineas
654 355 675 404 a
696 333 759 406 lite
785 346 926 426 peccata
949 332 1020 402 mi·-
1070 327 1223 401 Dicitur,
1242 341 1277 402 et
1308 329 1353 400 dc
1383 308 1466 398 filiis
1486 319 1659 420 Ephraim
1683 327 1717 398 1.
1744 323 1861 400 Paral.
1887 324 1923 403 7.
1948 321 2055 418 longe

57 459 135 512 nuet.
184 439 267 510 ideo
291 451 406 508 autem
429 437 533 508 toties
554 436 592 504 in
609 435 719 506 veteri
740 449 775 506 ct
796 458 891 506 novo
914 447 1020 506 testa·
1070 444 1153 502 ante
1174 429 1317 512 Maisan
1338 429 1507 500 invasisse
1528 452 1588 500 eos
1609 441 1740 500 terram
1763 429 1993 524 promissam,
2020 443 2056 501 st

55 557 156 613 mento
171 537 256 610 baec
267 551 451 638 praecepta
465 537 614 629 repetita
629 547 732 622 sunt,
757 536 841 630 quia
861 536 1020 606 inomni
1070 530 1277 606 interfectos
1291 554 1383 614 esse,
1407 531 1434 600 ii
1451 527 1670 602 hauddubie
1692 531 1781 602 moti
1804 545 1888 602 sunt
1904 531 2055 624 promis-
2078 569 2089 582 ·

55 642 289 732 gubernatione
304 639 474 712 maximos
490 651 606 710 motus
615 636 742 709 usitat
756 636 933 730 cupiditas
940 636 1021 708 vin·-
1070 633 1191 720 sione,
1216 647 1252 705 et
1273 635 1544 724 disputaverunt
1561 656 1596 702 se
1613 634 1740 702 debere
1763 633 1873 705 fretos
1889 655 1975 702 voce
1997 633 2054 704 di-

56 747 169 829 dictae,
190 756 229 815 ut
245 743 283 810 in
301 763 403 812 versu
418 740 524 812 etiam
538 740 672 810 dictum
690 750 757 810 est:
1071 735 1155 805 vina
1175 758 1273 806 arma
1298 759 1441 827 capere,
1473 747 1507 806 ct
1532 757 1594 805 sua
1618 755 1809 825 occupare,
1839 731 1955 804 Deum
1978 758 2054 804 non

370 840 448 900 Nom
469 849 586 900 caetera
607 855 701 918 regna
1071 836 1162 908 velle
1176 849 1216 908 ut
1239 837 1350 908 ociosi
1372 835 1588 926 negligerent
1612 836 1796 927 promissa.
1846 832 1964 923 Quem
1979 859 2054 906 non

199 925 345 984 1⁴⁰¹⁰¹³0³
366 923 459 1004 'lffi’s
486 923 620 1002 ⁰dfl⁸q¹¹⁰
642 921 778 1002 ωψθῐῧῑῑ1
798 921 898 982 vertit.
1066 949 1228 1009 moveret
1241 950 1315 1008 tam
1331 939 1488 1028 speciosa
1510 938 1624 1010 ratio?
1656 937 1717 1010 sic
1731 959 1799 1007 nos
1815 936 2054 1028 disputamus:
2155 921 2166 938 ’

1069 1033 1263 1132 Nunquam
1279 1033 1633 1124 delebitaneclesia,
1655 1061 1886 1128 ergonecesse
1897 1039 2056 1110 estvinci

127 1164 346 1250 Dominio,
370 1162 522 1248 xxm
592 1168 659 1246 ost
688 1161 911 1247 'latinitatis
1072 1133 1228 1224 Turcas,
1259 1161 1400 1211 necesse
1421 1152 1474 1211 est
1502 1140 1541 1208 in
1561 1135 1621 1209 his
1644 1141 1732 1210 locis
1758 1162 1903 1213 manere
1926 1152 2056 1212 statum
2117 1223 2127 1238 ἱ

288 1225 534 1384 &angelinus
549 1187 682 1364 lamb·
700 1291 763 1365 η.
912 1222 924 1247 ’
1068 1233 1261 1312 Ecclesiae.
1313 1237 1367 1312 Ita
1388 1241 1478 1312 etin
1497 1234 1566 1312 hoc
1587 1262 1669 1312 casu
1686 1235 1808 1312 ludaei
1830 1256 2056 1332 argumenta·

1068 1339 1218 1413 bantur:
1270 1339 1408 1412 Semini
1432 1337 1599 1412 Abrahae
1623 1355 1676 1412 cst
1704 1343 1872 1436 promissa
1897 1343 2054 1428 libertas,

12 1473 14 1480 ν
92 1423 187 1498 Tunc
198 1422 374 1495 abeuntes
383 1417 608 1508 Pharisaei,
634 1418 830 1494 eonsilium
846 1420 1020 1512 inierunt,
1070 1463 1151 1533 0130
1169 1442 1274 1514 ,utam
1293 1443 1385 1513 [ueri
1398 1444 1587 1526 debemus,
1613 1455 1646 1515 οι
1662 1457 1821 1514 murm
1835 1441 2029 1518 Romanos,

137 1535 172 1597 ut
188 1532 354 1623 caperent
370 1547 450 1595 eum
466 1523 507 1595 irs
526 1545 701 1596 sermone.
753 1519 970 1596 Etmittunt
986 1525 1022 1597 ei
1171 1569 1230 1645 Ad
1255 1571 1323 1647 hoc
1346 1590 1593 1668 argumentum
1625 1577 1896 1670 exputandum,
1929 1591 2054 1649 men,

137 1621 335 1724 discipalos
356 1648 445 1697 snos
469 1649 549 1696 cam
562 1618 812 1713 Herodianis,
842 1621 1019 1698 dicentes:
1068 1678 1154 1747 dum
1171 1690 1222 1748 est
1238 1679 1274 1748 d.
1334 1677 1342 1696 .
1531 1680 1589 1748 dt
1736 1691 1751 1750 ι
1871 1679 1880 1695 .
1920 1678 1930 1696 .

12 1745 13 1774 ³
135 1723 344 1822 Magister,
372 1725 509 1797 scimus
529 1725 619 1826 qaia
646 1747 762 1797 seraa
777 1749 832 1812 es,
863 1735 896 1797 et
919 1725 1017 1798 siam
1068 1779 1079 1796 .
1263 1702 1427 1798 ”irim
1445 1702 1527 1748 Μ
1556 1702 1734 1797 ³⁰¹⁰J¹¹²
1765 1701 2055 1771 9¹⁰¹⁰¹⁸⁵¹⁰¹¹¹¹m’

134 1825 209 1900 Du.
230 1826 274 1896 in
298 1825 446 1897 „emm
469 1821 590 1912 dom,
615 1835 647 1897 α
673 1849 747 1897 mm
773 1835 824 1897 m
845 1825 1016 1900 ,ibicum
1067 1793 1153 1848 rtem
1182 1801 1457 1869 promissionum
1487 1781 1726 1872 corporalium
1753 1793 1788 1850 et
1815 1793 2054 1855 aeternarum.

12 1943 13 1952 ,
136 1927 341 2026 denaque,
368 1951 442 1996 mm
457 1925 553 1996 mm
571 1925 719 2025 respicis
733 1951 929 2025 personam
944 1923 1016 1999 ha·
1066 1876 1673 1965 Demandatisnibildubiumest,
1696 1881 2054 1976 faciendaessequae

12 2035 13 2046 ,
136 2030 294 2110 minum,
320 2025 399 2097 Dic
416 2025 644 2122 nammis,
671 2023 766 2127 quid
777 2026 1017 2119 mmmm,
1068 1977 1165 2050 Deus
1178 1983 1405 2072 praeceperit.
1457 1979 1510 2052 De
1532 1981 1829 2074 promissionibus
1844 1983 1949 2054 etiam
1971 1983 2054 2053 uni·

12 2125 13 2136 r
135 2125 233 2202 Licet
260 2153 405 2200 mum
427 2125 517 2200 dm
540 2121 712 2210 Caesari,
737 2152 790 2199 an
811 2133 911 2201 non?
942 2123 1016 2204 Co.
1068 2081 1447 2198 rersalitermiendum
1471 2095 1540 2166 cst,
1565 2083 1779 2152 credendum
1803 2105 1877 2153 esse
1900 2083 2053 2184 prornis-

135 2243 237 2325 ΨΜ
273 2238 397 2300 “mm
426 2227 536 2301 mus
562 2251 731 2329 mima
761 2251 904 2318 ‘mm’
939 2240 1016 2301 ⁰⁸²³
1065 2305 1151 2374 pus,
1177 2283 1246 2354 nisi
1269 2283 1438 2355 roceDei
1458 2285 1693 2374 exprimatur,
1717 2297 1757 2354 ut
1780 2285 1922 2354 credere
1943 2285 2051 2354 debe-

12 2327 13 2346 ³
136 2327 236 2430 Quid
257 2352 316 2399 me
345 2327 497 2402 tentatis
518 2323 733 2428 hypocritae
742 2327 764 2394 Ρ
822 2323 1017 2404 Ostendile

12 2431 13 2466 ,
135 2429 225 2502 mihi
244 2429 438 2502 numisma
461 2454 599 2505 census.
647 2426 695 2500 A,
717 2426 785 2502 im
806 2429 1015 2506 obtulerunt
1066 2406 1146 2502 mus
1160 2407 1226 2454 nos
1242 2399 1500 2456 resurrecturos
1517 2408 1603 2472 esse,
1624 2387 1685 2455 sed
1703 2399 1842 2478 tempus
1853 2396 1889 2456 et
1903 2387 2051 2455 modum

134 2533 165 2602 ei
177 2530 384 2604 denariam.
435 2527 491 2602 Es
505 2529 561 2602 ait
577 2527 659 2602 iliis
675 2527 802 2604 Iesus:
828 2521 948 2605 Cuius
963 2543 1015 2606 est
1066 2507 1284 2574 ¹3⁰⁰¹³¹¹¹⁰³·

12 2695 13 2700 ¹
135 2632 254 2730 lm⁰8⁰
278 2627 387 2716 hm,
424 2641 456 2704 02
479 2630 761 2730 superscriptio?
797 2629 943 2706 Dicunt
965 2636 1016 2705 ei.-
1168 2617 1294 2692 Postea
1309 2622 1542 2693 necessarium
1562 2621 1752 2694 discrimen
1771 2635 1823 2695 est
1842 2623 2052 2715 promissio.

134 2727 322 2809 Caesaris.
347 2727 455 2804 Tana
467 2732 523 2803 ait
539 2730 637 2804 illis:
655 2727 909 2836 Redditeergo
921 2760 1016 2836 qnae
1066 2742 1165 2795 num.
1217 2719 1299 2792 Alia
1313 2736 1365 2794 est
1381 2723 1676 2794 reconciliationis
1697 2738 1732 2795 et
1753 2747 1872 2795 rernm
1888 2739 2050 2796 aeterna·

12 2865 13 2880 t
133 2847 213 2908 sant
229 2829 428 2918 Caesaris,
448 2825 625 2919 Caesari,
650 2831 705 2905 Ee
720 2857 814 2934 qaae
828 2845 915 2910 sunt
927 2835 1016 2925 Dei,
1066 2843 1165 2907 rum,
1190 2845 1280 2915 quae
1302 2837 1354 2894 est
1375 2826 1519 2916 propria
1535 2820 1744 2916 Evangelii,
1768 2839 1802 2896 et
1816 2825 1923 2896 datur
1942 2825 2051 2914 gratis

12 2935 16 2962 ⁸
131 2933 220 3013 Deo.
275 2933 330 3005 Et
349 2929 539 3006 audientes
562 2934 695 3006 mirati
707 2945 811 3025 sunt,
837 2949 869 3010 et
891 2936 1016 3012 relicto
1052 2937 1212 3020 -ΡῑθΡῑθῐ
1229 2924 1361 2995 Filium
1377 2923 1457 2999 Del·
1505 2921 1642 3018 Ess‘tue
1662 2927 1888 3011 mandalum,
1911 2919 2050 2996 ulhuic

133 3062 185 3125 eo,
208 3037 396 3110 abierunt,
1067 3025 1292 3114 promissioni
1315 3029 1515 3110 credamus,
1541 3039 1575 3096 et
1595 3027 1665 3096 iam
1690 3025 1903 3118 accipiamus
1924 3048 2050 3096 recon-

1067 3126 1282 3195 ciliationem
1304 3127 1391 3213 nde,
1415 3128 1564 3202 etomni
1581 3141 1738 3220 tempore
1761 3132 1805 3198 ad
1830 3150 1906 3197 eam
1926 3127 2050 3197 redea-

1067 3249 1146 3295 mus
1155 3276 1167 3311 ,
1197 3229 1293 3298 iuxta
1309 3228 1416 3297 illud:
1445 3227 1538 3299 Vivo
1554 3251 1635 3317 ego,
1662 3228 1747 3299 nolo
1763 3243 1913 3301 mortem
1927 3251 2049 3320 pecca-

1065 3327 1174 3418 toris,
1200 3332 1261 3397 sed
1276 3342 1503 3400 convertatur
1521 3342 1556 3400 et
1570 3330 1678 3400 vivat.

92 3169 164 3246 Loci
180 3191 267 3248 sunt
283 3183 444 3272 quatuor
459 3173 652 3265 praecipui.

176 3295 203 3367 l.
261 3291 317 3364 De
334 3291 539 3365 discrimine
555 3290 833 3382 promissionum
847 3313 1014 3382 corpora-

230 3396 323 3466 lium
350 3407 635 3466 etacternarum.

181 3493 228 3570 11,
284 3495 338 3566 D,
361 3507 520 3593 tempo„
542 3497 716 3564 ,dmm
738 3488 886 3568 Chfpffi·
1167 3460 1270 3531 Aliae
1293 3475 1374 3532 sunt
1396 3459 1649 3551 promissiones
1661 3460 1897 3560 corporalium
1916 3461 2050 3533 benefi-

1065 3561 1222 3647 ciorum,
1255 3587 1343 3654 quae
1366 3563 1420 3632 vel
1443 3563 1655 3634 nominatim
1679 3584 1839 3660 expressa
1860 3576 1965 3644 sunt,
1991 3564 2054 3641 vel
2101 3651 2105 3658 ι

1064 3686 1138 3731 non
1155 3662 1366 3732 nominatim
1384 3687 1556 3754 expressa.
1608 3660 1742 3756 Estque
1759 3666 1909 3735 tenenda
1925 3666 2048 3756 regula

1064 3765 1108 3833 de
1124 3765 1292 3836 omnibus
1307 3765 1603 3855 promissionibus
1618 3765 1875 3857 corporalibus,
1899 3789 1974 3836 non
1990 3790 2049 3836 ra-

1064 3864 1212 3956 piendas
1234 3887 1310 3936 esse
1327 3867 1459 3936 nostris
1481 3865 1658 3949 consiliis,
1685 3868 1762 3936 sine
1785 3866 1970 3938 vocatione
1991 3866 2050 3937 di-

1064 3967 1159 4038 vina.
1210 3964 1384 4036 Addenda
1411 3969 1515 4037 etiam
1538 3967 1715 4051 conditio,
1739 3963 1933 4038 Ecclesiam
1957 3967 2049 4036 sub-

1065 4067 1191 4137 iectam
1207 4091 1281 4138 esse
1294 4066 1400 4138 cruci.
1451 4065 1511 4138 Sic
1526 4069 1591 4138 ctsi
1607 4063 1775 4138 Abrahae
1785 4066 1957 4156 promissa
1972 4081 2049 4139 erat

411 4167 460 4218 θ’
483 4163 608 4230 trim-
1063 4182 1177 4248 terra,
1204 4181 1322 4238 tamen
1346 4191 1528 4261 nunquam
1550 4192 1628 4239 earn
1650 4167 1847 4259 occupavit.
1898 4165 1983 4238 ldeo
2001 4171 2048 4240 ad

129 4271 274 4345 Prodest
295 4296 398 4362 saepe
420 4268 683 4341 commonefieri
702 4261 866 4340 homines
879 4271 923 4341 de
937 4271 1011 4342 dis-
1035 4306 1038 4364 μ
1062 4265 1221 4339 Ebraeos
1237 4269 1383 4340 dicitur:
1405 4268 1542 4340 Mortui
1557 4285 1641 4343 sunt
1655 4293 1728 4341 non
1743 4269 2048 4360 acceptapromis-

53 4371 172 4444 crimine
197 4372 492 4466 promissionum,
529 4373 612 4464 qnia
632 4372 800 4442 omnibus
823 4374 1011 4463 temporib.
1034 4453 1037 4464 Ι
1062 4370 1180 4454 sione,
1204 4383 1424 4462 expectantes
1440 4383 1618 4443 aeternam
1636 4370 1921 4464 promissionem.
1956 4366 2046 4450 Item

53 4475 131 4542 ctiam
146 4481 262 4566 magni
279 4469 442 4544 homines
464 4471 553 4563 lapsi
579 4486 664 4543 sunt
687 4471 778 4542 mala
799 4473 1010 4572 interpreta—
1033 4468 1036 4557 j
1060 4485 1178 4562 patres
1207 4471 1246 4541 in
1269 4467 1430 4566 Aegypto
1452 4472 1608 4544 sciebant
1642 4474 1712 4544 sibi
1737 4470 1946 4565 promissam
1973 4495 2047 4544 esse

52 4569 125 4643 tione
139 4577 410 4666 promissionum
425 4573 674 4664 corporalium.
725 4567 818 4642 Cum
842 4569 1009 4643 Ieremias
1033 4573 1036 4650 ξ
1059 4584 1210 4658 terram,
1234 4595 1298 4642 nec
1319 4587 1439 4643 tamen
1461 4577 1700 4674 occupabant,
1732 4576 1793 4644 sed
1817 4575 2047 4666 expectabant

53 4677 239 4756 praediceret
263 4675 386 4768 templi
409 4689 449 4746 ct
467 4672 569 4744 urbis
592 4670 790 4751 excidium,
816 4678 1010 4763 arguebant
1032 4657 1036 4766 l
1060 4673 1293 4748 vocationem.
1345 4670 1477 4745 Davidi
1493 4677 1706 4766 promissum
1721 4689 1773 4745 est
1789 4696 1955 4764 regnum,
1981 4698 2047 4743 ne-

52 4780 321 4848 consacerdotes
343 4774 520 4846 manifesti
545 4774 694 4870 erroris,
726 4772 810 4866 quia
836 4775 1007 4866 scriptum
1058 4798 1130 4866 que
1161 4789 1280 4845 tamen
1314 4777 1432 4867 rapuit
1454 4777 1537 4846 rivo
1561 4774 1657 4850 Saul.
1720 4771 1883 4849 Christus
1908 4775 2045 4867 inquit:

52 4885 100 4942 cst:
121 4873 196 4948 Non
211 4879 391 4950 auferetur
405 4877 645 4968 sceptrnmde
661 4873 763 4946 luda.
814 4870 905 4948 Cum
922 4872 1007 4948 huic
1059 4873 1253 4945 Habebunt
1274 4877 1540 4970 centuplumin
1565 4872 1631 4948 hac
1647 4877 1741 4964 vita,
1767 4879 1864 4971 quod
1885 4875 2046 4968 intellige

52 4977 157 5070 populo
186 5002 331 5069 regnum
364 4991 398 5048 et
429 4971 536 5048 buius
560 4977 677 5047 cultus
694 4971 1007 5050 conservationem
1057 5000 1134 5046 non
1155 4975 1368 5068 rapiendum
1396 4972 1555 5050 hnmano
1578 4980 1747 5066 consilio,
1784 4979 1874 5048 sicut
1897 4975 2045 5048 Anabas
2087 4978 2090 4986 ’

51 5063 122 5144 Deus
134 5081 365 5168 promisisset,
389 5079 619 5170 disputabant
636 5077 937 5168 praedicationem
952 5076 1005 5148 le·
1057 5079 1185 5168 ptistae
1198 5078 1377 5167 lingebant
1391 5102 1430 5149 sc
1444 5081 1573 5150 debere
1585 5079 1737 5152 alio‘rnm
1760 5101 1845 5167 opes
1861 5101 2044 5170 occupare.

51 5177 154 5248 nane
185 5182 367 5252 manifeste
404 5201 562 5271 pugnare
594 5203 675 5250 cum
708 5176 1032 5270 promissionibus,
1056 5176 1128 5250 Sed
1154 5179 1331 5270 intellige,
1362 5179 1453 5252 sicut
1475 5177 1573 5251 Deus
1593 5205 1657 5252 suo
1679 5171 1830 5251 consilio
1857 5180 1976 5260 dabit,
2009 5194 2045 5251 et

52 5271 245 5370 dedamis,
274 5305 340 5354 nec
372 5303 503 5373 paucos
536 5282 729 5354 movebant
753 5275 792 5350 hi
824 5279 1012 5360 clamores,
1055 5275 1220 5354 Christus
1238 5281 1316 5376 ipse
1328 5280 1429 5354 addit
1449 5280 1797 5374 interpretationem,
1825 5305 1906 5352 cum
1927 5282 2044 5352 tribu-

178 3597 245 3672 lll.
300 3594 354 3666 De
379 3619 463 3666 vero
497 3595 596 3668 cultu
621 3593 707 3678 Dei,
742 3607 776 3665 et
802 3595 847 3664 de
881 3593 1014 3685 regula,

229 3698 328 3789 quod
344 3709 506 3788 oporteat
514 3694 589 3768 Deo
607 3697 719 3785 magis
733 3696 890 3781 obedire,
906 3719 1013 3788 quam

234 3794 454 3870 hominibus.

180 3897 268 3970 llll.
317 3899 370 3970 De
391 3897 516 3969 olliciis
539 3897 803 3992 corporalibus,
842 3919 933 3990 quae
956 3897 1012 3968 vel

225 4002 306 4072 inre
329 4000 416 4100 petit
433 4012 604 4091 potestas,
628 3999 686 4071 vel
707 3998 744 4068 vi
764 4011 958 4094 extorquet.

975 2231 982 2248 .
1066 2182 1179 2266 suoni,
1204 2187 1357 2252 sednon
1376 2184 1672 2273 praesumendum
1695 2185 1861 2263 modum,
1888 2195 2052 2255 auttcm-
2149 2225 2153 2234 ι
