4590 5808
37 183 98 256 tte
259 177 338 256 llll.
392 161 787 256 auttorartottus
811 175 879 255 ΕΤ
904 112 1185 256 couotouus
1211 176 1264 252 tu
1288 173 1473 254 EVANG.
1501 175 1781 256 ΜΑΤΤΗΑΕΙ.
1950 179 2025 257 750

36 353 130 446 inquit
152 349 355 426 Lucae22u
398 349 542 440 Quanto
571 353 680 441 magis
701 351 807 423 Pater
829 353 987 424 coelestis
1142 349 1195 422 Ac
1211 353 1379 423 omnibus
1395 351 1568 424 aetatibus
1583 352 1622 422 in
1635 377 1762 445 genere
1777 348 1934 426 humano
1950 381 2026 428 ma-

34 458 113 548 dsbit
128 453 290 544 Spiritum
306 468 464 525 sanctum
484 451 698 544 perentibus.
1039 469 1126 526 nent
1148 455 1280 524 semina
1303 448 1412 524 huius
1436 454 1635 526 diabolicae
1658 454 1931 549 superstitionis,
1956 482 2026 550 qua

114 554 247 641 Videte,
272 555 321 649 pii
337 555 535 641 auditores,
566 569 606 626 ut
623 550 711 626 haee
729 557 835 629 rerba
852 554 987 627 intimis
1040 561 1209 649 perpetuo
1235 556 1321 626 novi
1345 579 1385 626 ac
1409 556 1603 648 peculiares
1626 557 1742 629 cultus
1767 560 1898 652 absque
1925 583 2027 628 man-

34 658 121 729 animi
138 659 291 728 sensibus
307 657 460 752 inligatis
481 673 516 728 et
539 654 864 750 comprehendatis,
889 681 989 728 exer-
1040 661 1121 730 dato
1146 654 1235 744 Dei,
1272 670 1306 729 ct
1338 672 1436 730 extra
1466 658 1614 730 verbum
1644 658 1818 751 divinitus
1845 662 2027 745 traditum,

33 759 193 830 celelidem
209 773 240 830 et
254 760 514 832 invocationem
539 774 690 832 vestram
715 761 753 830 in
775 756 843 831 hoc
868 783 988 853 opere,
1040 762 1266 858 quorundam
1283 759 1478 832 temeritate
1494 761 1693 850 finguntur:
1716 761 1779 855 qui
1794 763 1937 855 quidem
1952 765 2027 844 cul-

32 862 60 928 in
81 855 137 928 hac
158 862 381 932 meditatione
398 877 431 934 et
453 863 664 953 precatione.
714 861 767 933 lta
784 862 912 933 clarius
929 863 988 930 in-

32 961 185 1050 telligetis,
209 977 243 1033 et
259 988 297 1033 re
318 965 391 1055 ipsa
406 963 653 1054 experiemini,
676 956 850 1035 haeenon
867 963 988 1034 inania

32 1087 80 1131 uec
92 1065 318 1136 commentitia
337 1090 425 1136 esse:
453 1064 566 1136 Petite
588 1079 627 1138 ut
644 1063 739 1136 Deus
763 1091 826 1158 per
848 1081 883 1137 et
904 1090 985 1160 pro-

32 1179 90 1254 pter
107 1165 210 1234 lilium
233 1189 335 1238 suum
351 1166 546 1238 Dominum
567 1181 728 1240 nostrum
749 1167 863 1239 lesum
880 1163 989 1238 Chri-

31 1279 101 1335 stum
120 1267 253 1358 Spiritu
283 1283 401 1354 sancto
432 1293 496 1339 suo
524 1272 629 1338 corda
656 1282 769 1339 vestra
794 1269 988 1352 illuminet,

32 1368 145 1446 doceat,
172 1384 284 1459 regat,
311 1370 502 1440 sanctificet
518 1385 551 1441 et
566 1371 760 1441 confirmet.
788 1368 988 1444 ·Caeterum

32 1492 60 1536 ex
74 1463 140 1556 his,
164 1494 251 1564 quae
267 1485 538 1542 commemorata
556 1487 651 1554 sunt,
679 1473 861 1564 perspicue
876 1485 990 1565 potest

31 1570 171 1661 intelligi,
207 1574 504 1663 praedicationem
534 1574 622 1664 legis
654 1597 728 1644 non
755 1576 897 1645 inanem
928 1586 990 1644 aut

30 1672 148 1741 otiosam
169 1697 260 1757 esse,
288 1698 351 1744 seu
367 1673 582 1764 Deculogum
599 1700 671 1745 non
688 1677 818 1748 frustra
836 1675 989 1768 proponi

32 1785 55 1840 et
68 1774 214 1865 explicari
232 1777 271 1845 in
288 1772 462 1860 Ecclesia,
490 1777 627 1846 etiamsi
651 1779 756 1848 corda
783 1794 902 1849 nostra
926 1801 989 1846 ne-

32 1893 139 1964 queunt
167 1891 344 1967 praestare
372 1879 560 1969 perfectam
584 1879 842 1960 obedientiam,
883 1903 988 1972 ᾳιιιιιιι

32 1978 154 2068 requirit
163 1980 374 2068 Decalogus.
411 1977 508 2050 Haec
524 1976 700 2051 sufficiant
715 1983 758 2050 de
774 1982 907 2073 triplici
923 2001 990 2050 usu

32 2073 126 2166 Legis;
150 2082 310 2175 sequitur
325 2083 363 2149 in
383 2093 497 2153 textu:

150 2258 252 2326 Haec
269 2261 327 2326 est
343 2257 444 2325 enim
458 2257 539 2324 Lea
554 2263 595 2325 et
610 2252 835 2348 Prophetae.

16 2393 18 2420 '
106 2383 194 2457 llaec
222 2389 333 2459 verba
361 2413 437 2458 non
465 2401 604 2459 tantum
627 2391 809 2461 referenda
834 2403 918 2460 sunt
946 2393 990 2460 ad

32 2487 157 2570 proxime
171 2491 442 2581 praecedentem
458 2491 633 2578 regularis:
661 2489 901 2586 Quaecunque
911 2493 991 2561 vul-

32 2583 62 2651 tis
76 2600 108 2659 ut
121 2591 250 2662 faciant
267 2591 369 2663 vohis
385 2587 569 2677 homines,
602 2595 724 2663 eadem
747 2607 782 2663 et
806 2617 868 2663 vos
888 2594 991 2665 facite

32 2685 95 2756 illis:
118 2693 194 2784 quia
212 2692 290 2764 Lex
312 2708 346 2764 et
369 2689 569 2784 Prophetae
593 2719 666 2764 non
690 2695 888 2788 loquuntur
912 2710 992 2767 tan-

32 2799 85 2856 tum
98 2793 137 2861 de
152 2797 307 2865 secunda
325 2795 465 2880 tabula,
494 2797 555 2864 sed
570 2798 688 2886 potius
703 2799 747 2865 de
761 2810 834 2868 tota
850 2799 993 2868 coelesti

33 2887 171 2981 doctrina,
196 2897 371 2988 patefacta
387 2895 526 2984 inLege
541 2893 789 2988 etEvangelio,
816 2902 859 2968 de
873 2900 991 2990 priore

33 2999 241 3078 etposrertore
261 2997 381 3067 tabula
397 2995 581 3086 Decalogi,
609 2999 694 3068 item
720 3001 764 3070 de
785 3001 992 3090 promissio-

34 3091 114 3164 uibus
127 3100 271 3173 divinis.
322 3097 406 3168 ldeo
424 3094 510 3168 haec
533 3101 709 3191 appendix
732 3123 793 3171 seu
816 3103 990 3172 clausula:

32 3185 89 3263 Hoc
105 3202 191 3290 quod
211 3225 278 3291 ego
302 3202 411 3270 doceo
433 3213 484 3269 est
501 3199 574 3270 Lex
597 3214 631 3271 et
645 3197 863 3292 Prophetae,
889 3205 992 3274 debet

34 3291 154 3390 intelligi
170 3305 213 3372 de
230 3314 305 3373 tota
323 3303 546 3395 praecedenti
561 3301 746 3374 concione:
780 3304 881 3398 quasi
898 3305 993 3376 dicat

33 3391 195 3472 Dominus:
222 3400 304 3494 Ego
320 3405 488 3496 proposui
510 3405 612 3474 vobis
638 3406 809 3494 integram
834 3407 992 3476 declara·
1030 3425 1034 3432 ·

33 3495 136 3569 tionem
153 3529 212 3574 seu
230 3507 493 3576 enarrationem
509 3505 694 3600 utriusque
710 3506 851 3578 tabulae
868 3507 993 3594 Mosis,

32 3589 101 3670 hanc
129 3629 240 3676 meam
272 3605 546 3676 declarationem
577 3631 637 3678 seu
660 3608 991 3699 interpretationem

32 3697 145 3791 discite,
177 3707 263 3801 quia
289 3709 535 3799 complectitur
558 3708 694 3802 ipsum,
727 3724 768 3782 ut
789 3711 838 3781 ita
863 3711 992 3797 dicam,

32 3805 169 3875 nucleum
202 3820 237 3880 ει
265 3833 436 3891 nervum,
475 3811 607 3896 idest,
647 3812 920 3883 fundamentum
952 3837 991 3883 ac

32 3921 172 3977 summam
195 3911 306 3981 totius
328 3911 509 3980 doctrinae
534 3912 577 3980 de
598 3912 692 4002 lege,
719 3910 991 4006 comprehensae

32 3999 57 4067 ln
69 4003 159 4078 Mose
174 4026 209 4082 ει
224 4008 426 4105 Prophetis.
477 4007 530 4082 Ac
545 4011 662 4083 sciatis
684 4008 771 4086 haee
795 4019 904 4087 verba
926 4041 989 4108 op-

32 4107 95 4214 poni
108 4107 317 4183 Pharisaicis
342 4113 628 4206 persuasionibus
645 4128 751 4208 atque
768 4119 992 4217 corruptelis,

33 4219 93 4276 ten
121 4216 369 4306 superstitiosis
398 4215 536 4284 naeniis
560 4237 733 4286 novarum
758 4219 991 4291 traditionum

33 4295 255 4386 humanarum:
289 4319 388 4411 quasi
405 4319 550 4388 diceret:
581 4313 672 4387 Ecce
693 4341 755 4408 ego
779 4344 906 4391 revoco
929 4343 991 4393 vos

34 4409 61 4472 td
77 4409 195 4504 Legem
221 4432 257 4488 et
279 4413 492 4510 Prophetas,
531 4443 551 4488 a
575 4419 705 4512 quibus
729 4415 910 4494 Pharisaei
928 4447 991 4493 vos

33 4526 193 4588 avocarunt
209 4532 244 4590 et
264 4521 499 4593 abduxerunt.

103 4613 282 4690 Praeterea
299 4621 390 4692 illud
408 4621 573 4714 inprimis
589 4635 638 4692 est
656 4623 901 4694 observatione
915 4649 989 4695 me-

33 4715 185 4812 noriaque
202 4723 370 4810 dignum,
398 4726 492 4817 quod
512 4725 586 4816 ipse
602 4719 781 4794 Dominus
796 4725 923 4814 allegat
939 4741 992 4797 te·

34 4811 209 4923 slimonium
226 4823 340 4893 Musis
361 4838 394 4895 et
418 4820 698 4918 Prophetarum,
731 4827 854 4896 volens
869 4823 992 4898 Eccle-

34 4931 96 4984 sum
110 4945 203 4993 suam
221 4926 397 5018 alligatam
415 4951 488 4996 esse
504 4931 548 4996 ad
572 4928 700 5018 scripta
723 4929 896 4999 divinitus
919 4942 992 5000 tra-

1041 879 1142 935 tuum
1163 862 1470 934 idololatricorum
1495 876 1636 935 autores
1668 886 1708 933 ac
1737 878 2029 955 propugnatores,

1041 966 1202 1037 iudicant
1232 951 1325 1036 hanc
1354 989 1453 1035 suam
1483 964 1761 1054 superstitiosam
1792 955 2028 1036 curiositatem

1040 1069 1165 1157 ingens
1181 1090 1254 1136 esse
1272 1068 1378 1138 decus
1395 1066 1544 1136 eximiae
1560 1067 1741 1137 cuiusdam
1757 1091 1798 1136 ac
1818 1069 2031 1159 praeclarae,

1040 1195 1119 1239 curn
1141 1168 1352 1260 sapientiae,
1386 1182 1462 1239 tum
1487 1169 1759 1248 sanctimoniae,
1793 1191 1874 1239 cum
1896 1169 2029 1260 reipsa

1041 1272 1086 1342 sit
1105 1266 1294 1346 horribilis
1314 1271 1481 1353 coecitas,
1515 1269 1640 1360 ingens
1660 1269 1787 1356 scelus,
1827 1284 1862 1341 et
1883 1271 2026 1340 audacia

1041 1375 1257 1444 detestanda.
1324 1368 1567 1459 Quamobrem
1600 1372 1737 1443 dictum
1770 1372 1861 1442 illud
1885 1366 2031 1457 Christi,

1041 1469 1172 1544 Matth.
1191 1471 1252 1555 15.
1266 1473 1455 1563 diligenter
1479 1473 1670 1544 memoriae
1693 1473 1869 1544 mandetis
1891 1487 1925 1544 ει
1949 1474 2030 1544 inli-

1042 1578 1130 1667 gatis
1155 1576 1293 1646 animo:
1320 1573 1466 1646 Frustra
1491 1575 1616 1648 colunt
1636 1598 1692 1646 me
1717 1576 1893 1648 mandatis
1913 1569 2030 1644 homi-

1041 1703 1140 1749 num.

1143 1776 1344 1872 Utrumque
1367 1801 1464 1848 vero·
1478 1775 1661 1846 sciendum
1686 1794 1727 1843 ac
1748 1774 1940 1844 tenendum
1963 1791 2030 1846 est:

1041 1885 1217 1971 primum,
1235 1899 1239 1904 ·
1258 1881 1355 1972 quod
1383 1877 1591 1950 traditiones
1617 1870 1813 1962 humanae,
1852 1899 1913 1946 seu
1936 1899 2031 1946 cerc-

1042 1982 1202 2061 moniae‚
1229 1994 1263 2051 et
1278 2003 1403 2069 opera,
1426 2003 1516 2072 quae
1531 1979 1569 2045 in
1583 1971 1742 2046 Ecclesia
1757 1971 1915 2047 humana
1929 1993 2031 2050 auto-

1042 2085 1145 2155 ritate
1163 2082 1418 2166 instituuutur,
1443 2102 1518 2151 non
1533 2077 1672 2171 possint
1685 2099 1759 2146 csse
1773 2077 1889 2148 cultus
1904 2079 1990 2148 Dei.

1144 2182 1328 2263 Secundo,
1354 2185 1451 2274 quod
1467 2181 1539 2253 vita
1554 2194 1616 2252 tua
1630 2178 1846 2269 debeat-regi
1859 2192 1953 2250 certo
1963 2177 2032 2250 Dei

1043 2287 1184 2370 verbo,
1195 2299 1230 2357 et
1244 2284 1385 2356 institui
1398 2283 1493 2354 iuxta
1508 2280 1763 2374 praescriptum
1779 2277 1948 2370 Decalogi
1964 2277 2031 2351 hoc

1043 2389 1189 2472 ordine,
1215 2400 1257 2458 ut
1272 2386 1376 2457 initio
1397 2387 1511 2456 luceat
1533 2385 1572 2452 in
1598 2381 1703 2452 corde
1724 2382 1812 2451 fides
1833 2377 2032 2474 apprehen-

1044 2492 1132 2560 dens
1156 2485 1359 2572 Christum,
1390 2501 1424 2557 et
1447 2486 1623 2579 accipiens
1647 2484 1946 2570 consolationem,
1976 2509 2033 2554 re·

1046 2591 1251 2664 missionem
1287 2602 1511 2684 peccatorum
1546 2602 1651 2680 atque
1686 2584 1857 2658 iustitiam
1889 2599 2035 2678 propter

1043 2695 1158 2763 lilium
1172 2690 1241 2763 Dei
1264 2691 1504 2763 mediatorem.
1555 2685 1695 2759 Deinde
1720 2699 1761 2756 ut
1781 2701 1976 2778 sequantur
2000 2703 2035 2758 et

1046 2809 1213 2885 regantur
1229 2807 1362 2865 caetera
1377 2793 1472 2862 bona
1489 2814 1595 2880 opera
1609 2788 1705 2858 iuxta
1719 2787 1838 2857 omnia
1849 2783 1916 2857 Dei
1933 2811 2033 2878 prae-

1043 2909 1142 2988 cepta
1172 2897 1218 2966 ad
1242 2918 1309 2965 nos
1332 2892 1564 2985 pertinentia,
1597 2890 1690 2960 sicut
1712 2884 1891 2982 Propheta
1911 2913 2033 2982 preca-

1043 3012 1103 3068 tur
1122 2995 1370 3070 Psalm.119.:
1410 2993 1572 3066 Lucerna
1601 2991 1751 3085 pedihus
1775 2992 1863 3060 meis
1883 2993 2033 3062 verbum

1043 3113 1143 3171 tuum
1150 3150 1163 3183 ,
1189 3112 1223 3169 et
1236 3099 1297 3169 lux
1313 3096 1447 3168 semitis
1461 3095 1562 3169 meis.
1603 3091 1834 3187 Nequaquam
1852 3095 1948 3164 enim
1964 3093 2032 3164 fiu-

1044 3224 1104 3292 gas
1126 3201 1231 3271 licere
1252 3198 1336 3282 tibi,
1362 3199 1438 3269 sine
1452 3199 1570 3288 legum
1587 3219 1627 3266 ac
1648 3194 1855 3287 disciplinae
1878 3196 2031 3266 vinculis

1042 3303 1164 3394 vagari
1180 3326 1245 3373 ceu
1260 3303 1353 3372 ferae
1370 3315 1542 3389 vagantur
1556 3298 1596 3367 in
1608 3295 1726 3380 silvis,
1758 3309 1818 3366 aut
1833 3299 1915 3392 equi
1935 3298 2030 3367 fero-

1042 3429 1098 3475 ces
1138 3425 1281 3475 excusso
1320 3415 1467 3473 rectore.
1540 3397 1638 3468 Haec
1666 3395 1854 3491 Cyclopica
1889 3399 2032 3468 licentia

1041 3501 1135 3575 nihil
1160 3505 1281 3576 minus
1310 3518 1380 3588 est,
1415 3525 1523 3597 ¹quarn
1545 3501 1692 3570 libertas
1711 3493 1932 3586 Christiana,
1970 3505 2032 3569 sed

1042 3631 1104 3677 cor
1118 3621 1166 3694 1ει
1187 3629 1278 3697 opus
1307 3619 1410 3676 tuum
1437 3606 1655 3694 gubernetur
1677 3625 1718 3671 ae
1740 3600 1912 3692 dirigatur
1939 3618 2032 3673 certa

1042 3731 1167 3779 norma
1212 3709 1467 3778 mandatorum
1513 3702 1601 3777 Dei:
1662 3716 1764 3776 tuum
1814 3707 2031 3796 coniugium,
2094 3791 2099 3802 Ι

1042 3825 1144 3881 ιιιιιιιι
1171 3811 1371 3904 opificium,
1397 3823 1457 3880 tua
1484 3807 1575 3878 ratio
1602 3804 1752 3899 parandi
1777 3807 1927 3887 victum,
1955 3830 2031 3874 non

1043 3915 1147 3983 debet
1187 3912 1339 3982 transire
1379 3912 1466 3980 fines
1504 3920 1772 4001 praeceptorum
1812 3907 2030 3990 divinorum,

1042 4039 1106 4084 nec
1131 4016 1350 4106 erumpendo
1371 4029 1467 4084 extra
1491 4021 1601 4080 metas
1622 4007 1766 4078 divinae
1788 4007 1892 4097 legis,
1931 4007 2031 4078 ordi-

1042 4140 1123 4185 nem
1145 4111 1258 4185 aDeo
1279 4115 1534 4207 praescriptum
1557 4109 1769 4180 conturbare
1791 4132 1831 4178 ac
1851 4109 1948 4180 velut
1971 4109 2031 4178 in-

1042 4219 1122 4288 cisis
1138 4218 1310 4287 scalarum
1326 4217 1515 4308 gradibus,
1543 4209 1753 4284 convellere.
1800 4208 1896 4279 Haec
1909 4212 2030 4282 omnia

1042 4313 1292 4410 comprehensa
1309 4333 1392 4390 sunt
1409 4333 1442 4390 et
1457 4318 1592 4388 inclusa
1606 4309 1663 4384 bis
1678 4311 1809 4382 verbis:
1836 4309 1915 4383 Hoc
1933 4316 2030 4406 quod

1041 4443 1105 4510 ego
1127 4423 1256 4508 doceo,
1297 4435 1348 4491 εει
1367 4418 1441 4490 Lex
1470 4433 1505 4492 et
1526 4413 1741 4510 Prophetae,
1782 4415 1884 4508 quasi
1917 4416 2028 4486 dicat:

1040 4517 1222 4594 Pharisaei
1236 4546 1299 4593 vos
1313 4546 1333 4592 a
1347 4520 1440 4611 Lege
1456 4544 1496 4592 ac
1504 4517 1709 4610 Prophetis,
1736 4531 1841 4610 atque
1858 4517 1906 4588 ita
1922 4519 2034 4587 aDeo‘

1042 4625 1119 4716 ipso
1135 4626 1377 4708 abduxerunt,
1405 4625 1599 4716 iidemque,
1624 4642 1706 4690 vera
1728 4621 1968 4691 consolatione
1990 4643 2030 4688 ac

1041 4727 1247 4796 remissione
1271 4739 1492 4818 peccatorum
1515 4722 1657 4816 penitus
1672 4719 1830 4807 sublata,
1855 4722 2028 4812 praecipi-

1041 4842 1163 4899 tarunt
1179 4851 1242 4898 vos
1257 4829 1299 4896 in
1313 4829 1563 4910 dubitationes,
1591 4837 1788 4894 merserunt
1803 4825 1841 4890 in
1857 4822 2026 4900 tenebras,

1025 4943 1076 5000 ,ει
1100 4923 1314 5000 hor'rendam
1339 4930 1561 5013 coecitatem,
1593 4941 1715 5024 postea
1740 4921 1945 5018 hypocrisin
1969 4925 2028 4991 in·

33 5009 100 5124 dira,
120 5047 162 5095 nc
182 5029 508 5114 comminiscamur,
530 5030 699 5118 eligamus
716 5044 748 5101 et
764 5031 990 5102 instituamus
1041 5033 1163 5100 auium
1188 5057 1355 5123 operum,
1391 5056 1452 5101 seu
1483 5029 1750 5111 exercitiorum,
1790 5025 2028 5116 superstitiose

18 5117 83 5200 ,Ῥιῑ
108 5127 235 5212 cultus,
274 5131 417 5201 audacia
450 5133 593 5223 propria
624 5132 843 5203 discedentes
875 5159 894 5203 a
921 5133 989 5204 Dei
1040 5135 1288 5225 praedicarunt
1310 5149 1344 5205 et
1365 5148 1605 5217 ostentarunt,
1639 5131 1835 5201 servierunt
1859 5128 2027 5198 avarlliae

34 5219 134 5310 verbo,
164 5231 254 5300 sicut
268 5227 432 5316 Ethnici,
463 5227 665 5318 Pharisaei,
690 5232 846 5306 Romani
863 5234 987 5308 Ponti·
1039 5259 1079 5304 ac
1095 5237 1212 5306 ventri
1227 5235 1449 5307 cumulandis
1472 5234 1668 5317 sacrificiis,
1695 5245 1758 5301 etc.
1817 5227 1972 5301 Perinde
1987 5247 2028 5301 ut

35 5311 109 5409 fices,
130 5327 298 5402 Monachi
313 5348 347 5406 et
364 5332 616 5427 Anabaptistae
633 5336 803 5411 lecerunt.
1001 5381 1005 5386 ·
1038 5354 1159 5411 nostra
1175 5352 1284 5410 aetate
1300 5335 1460 5429 Papistae
1479 5336 1607 5408 Missas
1631 5337 1675 5406 ad
1693 5345 1882 5428 'quaestum
1906 5331 2027 5403 conle-
