4590 5808
252 121 327 192 645

260 295 379 366 venies
399 293 437 359 in
458 311 607 379 regnum
637 301 756 373 tunm,
790 289 834 358 de
864 290 1008 360 sublimi
1032 291 1247 363 concionans

260 398 333 467 edit
356 395 531 464 illustrem
552 392 830 471 confessionem,
873 404 907 461 et
930 394 1085 464 ostendit
1106 417 1170 465 sno
1194 408 1247 466 te-

260 497 446 579 stimonio,
486 491 581 564 bunc
604 493 742 578 Iesum,
782 493 844 588 qui
879 519 975 564 nunc
1005 508 1056 565 est
1081 496 1247 589 supplicii

259 602 392 687 socius,
418 621 499 666 vere
515 595 682 666 Messinm
705 617 801 679 esse,
832 596 1069 669 remittentem
1091 611 1247 687 peccata,

259 718 294 777 et
306 715 467 774 autorem
485 712 590 790 atque
601 698 873 768 instauratorem
891 697 983 768 vitae
998 690 1169 770 aeternae.

359 802 560 885 Praeterea,
609 799 899 870 commemoratio
931 812 1024 870 certa
1054 803 1245 873 verborum

260 906 291 973 si
314 905 375 976 liat
396 903 553 996 publice,
594 903 731 973 utiliter
755 915 789 970 et
813 901 1019 972 testimonio
1039 927 1245 973 commone·

258 1006 342 1077 lacit
358 1030 397 1076 ac
412 1003 551 1089 erudit,
579 1018 615 1074 et
636 1003 796 1094 exemplo
821 1003 967 1085 invitat,
993 1005 1119 1075 excitat
1140 1019 1246 1100 atque

258 1108 463 1192 confirmat,
489 1129 569 1176 cum
585 1130 714 1198 pueros
731 1118 764 1177 et
781 1107 1039 1192 adolescentes,
1064 1121 1141 1178 tum
1157 1108 1246 1178 alios

142 1293 145 1306 Ι
256 1209 462 1300 grandiores
479 1221 578 1280 natu.

358 1310 457 1381 Haec
479 1308 600 1379 omnia
622 1309 714 1378 bene
744 1307 967 1396 considerare
987 1309 1246 1400 diligenterque

258 1413 460 1486 meminisse
477 1411 631 1496 debetis,
652 1423 692 1480 ut
709 1410 944 1490 assuefaciatis
967 1434 1030 1480 vos
1052 1412 1097 1481 ad
1118 1410 1246 1479 recita-

156 1571 161 1576 .
259 1519 392 1588 tionem
414 1513 628 1606 precationis
648 1509 875 1598 Dominicae,
907 1511 1070 1605 Symboli
1088 1508 1246 1603 Aposto-

258 1620 339 1702 lici,
366 1630 401 1688 ct
420 1615 643 1686 Psalmorum
671 1615 826 1684 libenter
847 1637 888 1683 ac
909 1615 1134 1708 frequenter,
1169 1626 1244 1682 tum

258 1719 444 1814 privatim,
481 1730 556 1788 tum
586 1716 728 1806 publice
760 1720 1001 1788 exercendam.
1033 1713 1142 1784 ·Nam
1165 1715 1245 1806 piae

258 1833 393 1892 mentes
408 1819 649 1911 experientur,
675 1815 791 1887 Deum
808 1842 874 1910 per
888 1812 980 1887 banc
1002 1817 1246 1888 recitationem

257 1924 442 1993 efficaciter
458 1921 542 2012 ipsis
557 1920 834 1989 consolationem
853 1935 959 2012 atque
980 1921 1094 1989 lucem
1117 1941 1246 2011 suppe-

257 2027 453 2096 ditaturum
478 2044 573 2106 esse,
615 2045 679 2090 nec
702 2021 839 2091 irritam
870 2023 947 2094 fore
970 2020 1246 2106 invocationem,

180 2158 203 2200 ·,
255 2151 320 2197 ιιεε
342 2127 512 2195 clamores
535 2123 702 2214 inutiles,
732 2125 794 2192 sed
819 2123 985 2195 salutaria
1007 2147 1097 2216 quae
1119 2135 1246 2214 petunt

256 2231 505 2321 impetraturos
524 2248 610 2297 esse.

357 2327 462 2400 Nunc
483 2327 526 2398 ad
547 2326 622 2417 ipsa
645 2325 751 2396 verba
776 2325 949 2394 orationis
960 2324 1170 2396 Dominicae
1187 2351 1246 2398 ac-

253 2433 351 2504 cedo.

460 2585 572 2662 Pater
587 2599 708 2660 noster
723 2587 837 2688 quies
855 2589 896 2658 in
913 2589 1032 2666 coelis.

354 2728 431 2800 Hac
449 2743 549 2820 parte
571 2727 714 2797 recitata
729 2726 885 2816 primum
911 2727 1068 2797 detineat
1085 2729 1244 2801 animum

849 115 975 194 rum
1003 115 1119 197 uec.
1148 119 1359 196 semera
1387 73 1690 202 sareanen.

2189 139 2252 223 ill

1299 300 1516 373 constituisti
1551 327 1619 394 pro
1653 305 1758 376 nobis
1797 305 2071 396 propitiatorem.
2133 312 2252 401 lugens,

1298 425 1402 472 verus
1425 417 1461 474 et
1487 407 1738 498 ardensgamor
1767 418 1819 477 est
1849 421 2030 498 pareutum
2059 433 2135 501 erga
2160 429 2254 498 natos,

1297 515 1483 594 propterca
1511 529 1594 578 vero
1617 507 1730 576 animi
1752 521 1852 580 motu
1881 511 1926 580 ad
1950 523 1983 580 te
2004 526 2132 603 patrem
2153 538 2255 583 aman-

1297 604 1472 676 tissimum
1504 607 1689 700 confugio,
1728 635 1834 703 quem
1868 610 1995 682 fiducia
2022 616 2173 704 patefacti
2202 616 2256 683 filii

1297 721 1391 776 certo
1424 719 1562 793 statuo,
1602 711 1766 781 miranda
1796 725 1831 782 et
1858 727 2004 804 paterna
2038 715 2257 786 benevolentia

1297 804 1388 878 mibi
1403 808 1442 878 in
1456 811 1623 883 omnibus
1639 813 1805 904 periculis
1822 814 2088 906 opitulaturum,
2111 829 2143 885 et
2156 816 2259 886 divina

1298 911 1540 983 consolatione
1578 915 1773 986 leniturum
1810 939 1883 988 esse
1911 917 2119 990 calaruitates
2152 932 2183 990 et
2212 941 2259 986 ae-

1297 1034 1456 1083 rumnas.
1804 1039 1809 1050 ·

1400 1127 1484 1201 Tali
1511 1134 1630 1226 aliqua
1662 1157 1725 1204 εει]
1754 1134 1887 1219 forma,
1925 1157 1986 1206 seu
2016 1138 2215 1228 cogitatione
2233 1149 2259 1205 tc

1297 1235 1600 1320 commonefacias,
1625 1258 1665 1305 ac
1680 1233 1785 1306 fidem
1800 1237 1968 1306 accendas
1984 1252 2018 1309 ct
2035 1241 2168 1320 excites,
2187 1261 2260 1330 qno·
2285 1265 2286 1300 1

1297 1333 1362 1402 ties
1380 1336 1504 1406 recitas
1518 1331 1605 1407 baec
1621 1339 1744 1406 verba:
1772 1335 1877 1407 Pater
1892 1351 2021 1410 noster.

1586 1617 1590 1628 s
1629 1527 1759 1629 Quies
1778 1531 1954 1612 incaelis.

1398 1679 1593 1775 Sequitur}
1617 1679 1693 1771 Qui
1714 1705 1751 1752 es
1772 1683 1950 1769 incaelis,
1977 1679 2046 1754 boc
2066 1698 2134 1770 est,
2158 1684 2213 1776 qui
2234 1707 2261 1751 es
2285 1705 2286 1712 ¹

1296 1783 1542 1875 omnipotens,
1584 1783 1801 1874 opitulator,
1850 1798 1884 1855 et
1913 1809 1996 1856 vere
2031 1785 2113 1856 ades
2138 1787 2286 1878 ubique,

1296 1882 1389 1955 Nam
1406 1906 1479 1954 esse
1497 1885 1536 1954 in
1553 1885 1678 1970 coelis,
1704 1909 1784 1956 curn
1800 1888 1850 1958 dc'
1859 1883 1955 1968 Deo,
1983 1911 2043 1958 εει]
2065 1888 2197 1956 infinita
2209 1910 2260 1954 na-

1298 1999 1377 2057 tura
1408 1986 1608 2081 loquimur,
1646 2010 1722 2057 non
1753 1988 1926 2079 significat
1954 2012 2125 2081 occupare
2152 2001 2286 2058 certam*

1297 2090 1477 2182 quandam
1501 2088 1590 2158 coeli
1617 2103 1775 2179 partem,
1807 2105 1842 2162 et
1865 2090 1903 2160 in
1925 2091 2016 2163 solio
2035 2094 2154 2161 sedere
2175 2110 2263 2179 supra

1297 2191 1426 2277 solem,
1464 2204 1525 2260 aut
1553 2213 1659 2282 supra
1690 2187 1875 2282 sphaeram
1908 2194 2090 2264 stellarum
2119 2192 2263 2261 fixamm:

1297 2295 1358 2362 sed
1374 2305 1425 2363 est
1440 2292 1636 2362 substantia
1652 2293 1820 2364 omnibns
1835 2293 2141 2366 locisetcreaturis
2152 2295 2265 2371 adesse,

1297 2419 1337 2464 ac
1367 2395 1501 2486 ubique
1533 2406 1754 2485 praesentem
1786 2409 1821 2466 et
1851 2395 2028 2467 efficacem
2059 2419 2149 2481 esse,
2192 2393 2266 2462 sicut

1297 2508 1413 2565 textus
1441 2495 1594 2566 affirmat
1619 2490 1787 2567 Ieremiae
1810 2497 1872 2568 25.
1914 2495 2068 2569 Coelum
2098 2512 2132 2570 et
2157 2510 2266 2567 terram

1297 2617 1360 2685 ego
1381 2595 1523 2687 impleo.
1895 2618 1897 2629 ’
1990 2593 1994 2601 ’

1397 2710 1465 2784 Est
1494 2711 1604 2802 igitur
1633 2707 1718 2784 baec
1758 2717 1970 2786 asseveratio
2006 2719 2047 2786 ln
2077 2716 2265 2808 precatione,

255 2849 355 2906 tuum
373 2830 578 2903 dulcissima
590 2827 701 2921 patris
722 2827 924 2919 appellatio.
955 2827 1169 2901 Consideres
1191 2847 1245 2902 at·
1297 2817 1469 2908 (tumidam
1486 2815 1659 2885 muse-‘³⁵5⁰
1677 2819 1721 2886 de
1735 2817 1931 2886 usslvflmli
1947 2820 2148 2907 Ρῑὸθῦθῦῑῑθ
2173 2829 2204 2886 θῑ
2222 2815 2265 2879 ln·

254 2949 366 3019 tonte,
392 2956 497 3026 quem
519 2927 636 3001 Deum
659 2953 760 2998 voces
774 2927 933 3015 Patrem,
960 2945 994 3002 et
1018 2957 1082 3002 cur
1105 2934 1154 3003 ita
1177 2959 1245 3004 no·
1295 2917 1397 2987 finili*
1418 2917 1576 3007 P⁰l⁸¹¹li³
1600 2913 1689 2998 Deis
1721 2919 1818 3011 quod
1841 2942 1923 2988 vere
1948 2919 2017 2990 libi
2043 2919 2151 3004 addis
2173 2931 2204 2986 ¹⁸
2222 2936 2286 2983 Ψ

252 3039 376 3107 ιιιὶιιεε.
405 3030 458 3103 Ac
472 3033 561 3102 scias
575 3025 640 3101 hac
656 3043 690 3100 te
706 3032 988 3122 compellatione,
1007 3031 1112 3105 Pater
1124 3050 1246 3107 noster
1295 3019 1420 3110 ⁸1)iciat
1441 3033 1475 3090 ‘l
1498 3019 1680 3108 ‘mdia’
1715 3019 1834 3088 Videat
1869 3034 1904 3090 ⁶²
1934 3019 2070 3138 ἷῦἆῑῑξῖ
2102 3031 2212 3090 '⁰⁰1¹ss
2236 3037 2266 3083 ³⁰

253 3139 365 3235 quies
381 3135 419 3204 in
436 3133 560 3214 coelis,
586 3132 722 3226 alloqui
741 3145 849 3212 totam
866 3136 1098 3210 divinitatem.
1137 3134 1245 3207 Pater
1294 3120 1445 3210 bemiffl‘
1465 3121 1519 3190 ml
1544 3120 1679 3211 ⁰⁶fdl⁵r
1706 3122 1874 3214 ¹l¹¹⁰dq¹1⁰
1899 3133 1999 3192 timia
2023 3137 2070 3194 ⁵¹²
2090 3122 2196 3216 ipsius
2216 3141 2267 3208 9⁰·

252 3241 347 3312 enim
370 3233 438 3307 hoc
461 3236 538 3306 1000
562 3247 614 3307 est
631 3234 801 3305 essentiae
824 3259 973 3320 nomen,
1006 3262 1080 3306 110„
1103 3250 1243 3308 tantum
1293 3223 1425 3312 tentia,
1451 3236 1490 3292 ut
1505 3237 1602 3294 certo
1617 3221 1684 3294 tibi
1699 3221 1810 3313 possit
1824 3222 2014 3314 opitulari:
2052 3225 2268 3319 etquodnon

250 3342 358 3414 unius
372 3361 554 3432 personae.
605 3333 670 3408 Est
688 3337 797 3427 igitur
818 3325 1030 3409 vocabulum
1054 3362 1243 3411 commune
1294 3327 1419 3394 admei
1434 3323 1584 3414 lignem
1606 3323 1855 3424 ³⁰l¹³llid⁰⁸¹¹l
1870 3338 2043 3407 sicimam,
2069 3351 2134 3398 net
2152 3323 2267 3394 ld⁰l¹¹ffl

251 3444 316 3516 toti
331 3441 529 3526 divinitati,
555 3463 616 3510 seu
630 3441 778 3532 ponitur
792 3441 1055 3522 essentialiter,-
1070 3467 1144 3512 non
1160 3466 1242 3534 per·
1292 3449 1439 3496 aureum
1455 3427 1510 3494 vel
1525 3438 1741 3516 argenteum,
1757 3427 1817 3496 ⁸01¹
1835 3427 1995 3508 unicum,
2013 3452 2151 3511 verum,
2175 3438 2269 3494 ³0¹⁸·

250 3545 435 3628 sonaliter,
462 3543 698 3634 complectens
713 3539 875 3623 Patrem,
901 3541 1053 3630 Filium,
1076 3557 1110 3615 et
1124 3543 1241 3637 Spiri-
1292 3551 1402 3611 num,
1443 3528 1743 3614 omnipotentem,
1783 3527 1924 3606 vivum,
1969 3529 2183 3619 sapientem,
2217 3526 2269 3592 bo·

250 3663 325 3720 tom
342 3657 513 3717 sanctum.
1293 3653 1399 3712 num,
1427 3626 1642 3711 beneficum,
1675 3648 1853 3708 veracem,
1887 3639 2043 3714 castum,
2077 3630 2205 3701 iustum
2226 3638 2269 3693 at·

352 3746 491 3818 Deinde
511 3765 651 3812 necesse
674 3757 726 3812 est
749 3754 784 3813 te
806 3743 913 3812 simul
935 3745 1090 3834 cogitare
1118 3760 1152 3818 et
1184 3749 1241 3816 in·
1292 3754 1361 3823 ‘1¹1⁰
1385 3719 1649 3798 msseritffl‘lem
1669 3723 1805 3809 Deum,
1844 3729 1906 3822 qul
1934 3751 1970 3798 se
2002 3754 2069 3821 per
2090 3729 2269 3802 Dominum

252 3853 345 3926 meri
370 3860 487 3919 mente
510 3845 762 3938 patefactionem
788 3845 946 3930 divinas,
976 3860 1016 3917 ur
1039 3848 1170 3918 directa
1194 3850 1240 3920 εἰ]
1291 3825 2271 3914 nostrumlesumChristumresuscitationemortuorun,

251 3952 430 4024 invocatio
453 3950 495 4018 ad
518 3943 611 4018 hunc
627 3971 750 4018 verum
769 3944 903 4032 Deum,
928 3948 992 4041 qni
1015 3972 1051 4018 se
1074 3939 1254 4041 patefecit¹
1291 3947 1325 4002 et
1342 3932 1420 4002 aliis
1443 3932 1622 4002 miraculis
1647 3932 1828 4023 patefecit,
1854 3955 1893 4001 ac
1915 3957 1997 4005 vere
2019 3925 2100 4007 vult
2122 3950 2156 4008 et
2176 3941 2272 4027 potest

251 4057 359 4128 misso
381 4053 455 4124 lilio
478 4049 635 4121 Domino
659 4062 781 4119 nostro
806 4047 886 4118 lesu
908 4047 1048 4121 Christo
1072 4051 1239 4123 crucifixo
1290 4035 1395 4105 ¹¹⁰bl⁸
1410 4057 1513 4125 ⁰P⁰¹¹¹
1533 4033 1635 4103 serre·

253 4173 285 4228 et
301 4156 517 4228 resuscitato.
569 4150 689 4242 Quare
713 4151 792 4237 talis
813 4152 931 4247 aliqua
956 4154 1070 4223 forma
1093 4154 1240 4224 invoca·
1392 4150 1496 4222 Hanc
1527 4151 1775 4242 cogitationem
1815 4153 1921 4222 debes
1958 4155 2093 4226 addere
2122 4155 2166 4224 ad
2202 4147 2273 4220 haec

253 4259 362 4330 tionis
379 4257 570 4348 cogitetur:
1290 4254 1416 4325 verba:
1443 4252 1570 4342 Quies
1589 4255 1628 4322 in
1646 4254 1766 4329 coelis.
1807 4253 1851 4324 In
1866 4277 1936 4348 qua
1949 4255 2165 4329 recitatione
2182 4247 2272 4324 simol

355 4343 615 4449 Omnipotens,
648 4369 805 4441 aeterne,
840 4379 920 4428 vere
957 4369 991 4426 et
1029 4357 1110 4428 vive
1132 4356 1240 4442 Deus,
1290 4355 1529 4442 consideretis,
1546 4357 1837 4450 quantacoecitas
1854 4357 2107 4441 etinsaniasit,
2124 4358 2273 4426 invocare

252 4475 391 4532 aeterne
421 4459 525 4530 Pater
548 4457 696 4528 Domini
727 4458 842 4528 nostri
865 4457 944 4528 lesu
967 4453 1121 4562 Cbristi,
1154 4483 1240 4528 con·
1290 4458 1457 4540 Sanctus,
1484 4460 1547 4552 qui
1569 4482 1611 4528 ex
1629 4454 1695 4529 bac
1721 4459 1791 4530 vita
1813 4461 2052 4536 decesserunt.
2108 4459 2171 4532 lsti
2192 4453 2273 4527 enim

253 4565 349 4636 ditor
365 4562 454 4633 coeli
477 4577 511 4633 et
534 4574 669 4648 terrae,
707 4583 778 4632 nna
800 4575 880 4630 cum
902 4560 975 4629 filio
998 4575 1060 4631 tuo
1082 4559 1239 4632 Domino
1290 4585 1354 4632 nec
1371 4560 1557 4633 intuentur
1576 4574 1762 4646 cortuum,
1776 4585 1839 4632 nec
1854 4563 1891 4631 'te
1908 4577 2114 4652 praesentes
2129 4560 2276 4635 audiunt,

253 4679 376 4738 nostro
404 4661 483 4733 lesu
505 4659 665 4749 Christo,
697 4677 730 4734 ct
759 4687 839 4733 cum
864 4660 1002 4754 Spiritu
1032 4676 1171 4744 sancto,
1207 4676 1240 4733 tc
1290 4687 1355 4734 nec
1382 4664 1516 4758 ubique
1544 4663 1686 4746 adsunt.
1754 4661 1825 4734 Sed
1857 4662 2037 4735 invocatio
2070 4660 2277 4756 compellans

255 4769 400 4862 supplex
415 4765 596 4858 alloquor,
621 4788 685 4836 oro
711 4778 746 4836 et
766 4764 914 4848 invoco,
940 4766 984 4834 ad
1007 4778 1040 4835 te
1063 4765 1241 4856 coningio,
1290 4779 1449 4836 mortuos
1464 4763 1613 4838 Sanctos
1627 4780 1699 4835 tarn
1717 4766 1936 4855 estincerta,
1958 4765 2101 4852 inanis,
2126 4781 2162 4837 et
2177 4762 2277 4839 irrita,

257 4886 352 4942 tuam
371 4866 648 4938 misericordiam
667 4882 701 4938 et
716 4891 818 4960 opem
846 4868 937 4936 veris
961 4869 1149 4956 gemitibus
1165 4868 1238 4955 im·
1291 4868 1504 4961 quamcito
1528 4863 1710 4936 hominem
1735 4891 1879 4960 prorsus
1901 4865 2096 4954 ignotum,
2121 4870 2278 4956 ignoran-

256 4975 377 5064 ploro‚
404 4967 530 5042 exarrdi
547 4992 621 5053 me,
647 4970 743 5040 iuxta
757 4969 1010 5062 promissiones
1034 4983 1131 5055 tuas,
1156 4994 1240 5062 pro·
1263 4970 1267 5034 l
1292 4985 1382 5050 tem,
1416 4970 1616 5053 absentem,
1655 4971 1830 5063 longeque
1859 4969 2104 5054 disiunctum,
2140 4963 2278 5038 ridicule

255 5086 333 5165 pter
359 5071 474 5146 filium
499 5068 734 5141 Mediatorem
762 5071 880 5168 lesum·
901 5064 1100 5158 Christum,
1136 5086 1174 5145 tu
1206 5093 1242 5140 es
1293 5072 1482 5162 compelles
1514 5085 1547 5142 et
1570 5072 1762 5164 alloquaris
1786 5063 1826 5142 in
1848 5071 2014 5144 cubiculo
2047 5085 2125 5144 tuo.
2180 5061 2279 5138 Verbi

257 5175 362 5247 Pater
376 5189 516 5258 noster,
538 5169 606 5244 boc
622 5186 691 5258 est,
717 5189 755 5246 tu
777 5174 831 5242 vis
855 5173 1054 5244 nobis'esse
1070 5175 1241 5266 placatus,
1292 5196 1414 5258 causa,
1439 5172 1470 5241 si
1492 5172 1620 5248 dicas:¹
1642 5167 1702 5242 Ah
1727 5173 1775 5242 mi
1790 5170 1945 5243 Domine
1960 5171 2093 5244 Pastor
2112 5169 2281 5242 Ecclesiae

255 5275 489 5368 nosrecipere
504 5289 538 5348 et
553 5277 718 5347 exaudire
731 5275 1117 5370 propterliliumtuum,
1135 5301 1241 5370 qoem
1291 5273 1505 5346 Lubeccnsis
1519 5275 1601 5345 iuva
1621 5301 1698 5362 me,
1723 5275 1779 5345 vel
1802 5301 1864 5346 ora
1887 5300 1951 5367 pro
1971 5297 2042 5348 me.
2106 5273 2174 5344 llle
2195 5269 2280 5344 enim
