4674 5822
75 207 157 286 rus
286 198 418 276 an.
479 181 875 270 ausura-nortus
899 174 974 275 rr,
993 139 1277 260 commune
1305 175 1355 256 m
1379 131 1562 258 erano.
1591 147 1804 258 ruanms.
1983 177 2145 288 aur

287 379 479 460 Peccatum
506 407 579 455 non
607 375 795 466 luberent,

71 537 188 613 idest,
220 553 294 602 non
313 525 517 632 “sensissent
546 505 831 594 incredulitatem
861 539 935 588 esse
962 536 1044 607 pee-

71 651 185 708 ratum.

140 797 249 878 Nune
272 807 394 872 nutam
419 793 691 869 excusationem
713 815 788 862 non
811 785 961 864 babent.

156 953 399 1030 Conscientiae
423 951 605 1022 convictae
625 959 733 1030 suut,
756 945 853 1037 quod
877 943 1043 1014 incredu-

66 1061 135 1129 litas
146 1059 190 1128 sit
206 1068 397 1148 peecatum·
449 1050 523 1140 Qui
539 1075 594 1122 me
609 1049 699 1132 odit,
724 1060 758 1117 et
773 1059 907 1136 patrem
924 1068 1042 1116 meum

66 1161 149 1244 odit,
181 1160 204 1230 i.
222 1185 252 1230 e.
279 1158 369 1228 sicut
388 1153 414 1224 ii
437 1154 593 1224 latentur
621 1151 744 1221 odium
769 1149 860 1228 mei,
899 1147 963 1240 qni
986 1170 1044 1217 me

65 1274 336 1357 persequuntur,
375 1258 426 1328 ita
447 1255 622 1338 latentur,
662 1275 698 1322 se
722 1273 796 1320 non
820 1243 972 1321 credere.
993 1287 1043 1303 -

64 1361 103 1434 Et
127 1378 258 1453 patrem
282 1383 400 1430 meum
423 1357 524 1442 odit,
553 1357 576 1429 i.
592 1381 623 1426 e.
653 1374 857 1446 quanquam
878 1349 1042 1440 Evange-

61 1465 140 1536 linm
164 1473 445 1556 persequuntur,
478 1457 591 1528 videri
612 1456 756 1539 volunt,
788 1476 826 1522 se
850 1453 943 1523 tueri
965 1451 1043 1542 glo·

1096 347 1167 426 tate
1184 351 1439 446 apostatam
1455 365 1577 450 conus
1595 373 1671 441 eoa,
1697 355 1762 449 qni
1778 354 1969 448 Apostolos
1981 353 2087 422 etiam

1098 453 1261 560 homines
1277 457 1387 528 tuisse
1403 459 1546 544 dicuat,
1571 470 1606 528 et
1623 456 1674 528 sic
1686 479 1769 530 sues
1791 455 2002 530 traditiones
2017 447 2085 524 bu·

1097 579 1220 630 manas
1241 572 1394 632 statuere
1419 572 1605 631 conantur.

1448 843 1586 956 Caput
1631 843 1756 929 xvt

1197 1006 1388 1104 Epilogum
1412 1011 1510 1081 addit
1527 1007 1690 1082 Christus
1711 1005 1886 1102 superiori
1911 1005 2089 1089 concioni,

1097 1111 1245 1199 docens,
1278 1129 1317 1186 ut
1344 1137 1505 1183 sermone
1533 1138 1596 1183 suo
1620 1135 1687 1183 nos
1714 1131 1889 1182 armemus
1918 1109 2088 1179 adversus
2122 1165 2126 1173 .

1096 1218 1303 1286 scandalum
1327 1216 1451 1286 crucis.
1506 1211 1579 1285 Nec
1610 1213 1704 1285 enim
1733 1225 1849 1307 potest
1875 1207 2087 1282 conscientia

1097 1332 1275 1389 creaturae
1290 1318 1400 1389 ullius
1417 1318 1594 1410 praesidio
1618 1315 1838 1401 confirmari3
1858 1312 1956 1384 sicut
1982 1323 2087 1383 testa-

1081 1435 1155 1498 .tur
1175 1417 1314 1496 Esaias:
1352 1417 1478 1496 Gloria
1499 1419 1616 1490 carnis
1636 1419 1734 1513 quasi
1751 1417 1864 1508 gloria
1878 1415 1985 1519 foeni.
2038 1411 2088 1484 At

1095 1524 1243 1594 verbum
1268 1522 1338 1592 Dei
1364 1523 1435 1592 vita
1459 1535 1528 1606 est,
1555 1523 1707 1614 ideoque
1731 1520 1884 1590 viviticat
1904 1517 2087 1590 conscien-

1096 1623 1174 1698 tias.
1224 1618 1496 1716 H'uepcrtinent
1510 1648 1569 1715 ea,
1596 1647 1686 1720 quae
1710 1617 1778 1692 hoc
1799 1623 1876 1692 loro
1900 1621 2086 1691 dicuntur:

1095 1723 1193 1797 Haec
1209 1727 1349 1798 locutus
1364 1749 1442 1796 sum
1458 1725 1571 1812 vobis,
1593 1750 1638 1794 ne
1654 1721 1952 1796 scandalizemini.
1982 1721 2086 1792 ltem:

1096 1825 1184 1900 Cum
1209 1829 1347 1900 venerit
1369 1823 1476 1913 hora,
1508 1851 1682 1898 memores
1708 1826 1802 1912 sitis,
1829 1825 1912 1920 quia
1936 1823 2085 1894 dixerim

259 2009 263 2018 ⁸
1097 1931 1208 2001 vobis.
1259 1928 1362 2000 Adeo
1382 1929 1559 2021 necsigna
1582 1955 1648 2000 nec
1670 1953 1803 2000 novum
1831 1929 1978 1998 verbum
2000 1949 2086 2019 pro-

275 2031 331 2108 Et
358 2029 511 2105 oderunt
538 2041 650 2104 meet
673 2041 829 2132 putrem.
1097 2025 1408 2111 mittit.Cbristus,
1446 2035 1505 2103 scd
1530 2033 1648 2118 iubet,
1674 2032 1750 2102 eius
1774 2031 1874 2101 verbi
1897 2021 2088 2113 reeordari,

153 2171 371 2266 Quanquam
387 2171 503 2272 velint
518 2169 629 2240 videri
646 2170 738 2240 tucri
754 2168 903 2258 gloriam
920 2165 1042 2258 patris,
1097 2136 1193 2230 ‘1¹¹⁰d
1210 2133 1281 2204 Μ
1299 2133 1482 2228 l'reditum
1501 2149 1563 2208 ²⁸¹·

55 2301 130 2346 curn
153 2278 389 2372 adversantur
405 2269 619 2362 Evangelio,
644 2271 768 2365 ferunt
783 2294 862 2342 suas
876 2269 1044 2353 iusticias,

53 2400 146 2448 suam
163 2375 374 2468 sapientiam
389 2388 553 2455 tuentur,
580 2395 655 2446 non
669 2368 821 2462 gloriam
835 2371 913 2446 Dei.
946 2369 1043 2460 Quia

53 2475 214 2550 Christus
231 2478 328 2550 solus
342 2477 523 2568 praedicat
546 2474 694 2566 gloriam
712 2475 845 2566 patris,
870 2475 1043 2566 docetque
1095 2475 1228 2560 sciliret
1246 2475 1291 2546 dc
1303 2490 1428 2562 morte,
1449 2477 1493 2548 de
1510 2475 1816 2567 persecutionibus
1831 2475 1966 2559 vestris,
1992 2475 2088 2560 item,

54 2597 189 2653 nostras
222 2579 381 2650 iusticias
405 2589 585 2668 peccatum
610 2598 702 2662 esse,
741 2588 928 2668 propterea
947 2576 1043 2669 quod
1096 2579 1193 2672 quod
1223 2600 1287 2667 ego
1312 2572 1547 2660 hauddubie
1583 2591 1726 2669 accepto
1762 2600 1872 2668 regno
1901 2577 2090 2648 adiuturus

52 2705 109 2752 cur
133 2696 235 2754 vacet
257 2679 385 2750 fiducia
408 2701 489 2768 erga
511 2676 627 2748 Deum
652 2691 687 2748 et
712 2692 810 2759 metu
832 2675 918 2764 Dei;
946 2678 1040 2770 quod
1096 2703 1174 2751 sum
1215 2680 1328 2754 vobis.
1393 2677 1441 2752 Ut
1470 2705 1545 2752 nou
1568 2679 1876 2764 scandalizemini,
1913 2679 1934 2748 i.
1959 2705 1988 2753 e.
2020 2673 2089 2749 hoc

52 2787 132 2876 quia
151 2808 226 2854 non
244 2783 355 2852 cernit
373 2777 569 2875 hypocrisis
586 2775 762 2865 humana,
793 2803 876 2868 ergo
899 2781 1043 2851 damnat
1097 2783 1207 2852 verbo
1222 2781 1419 2852 confirmati
1434 2783 1568 2852 duretis
1592 2783 1631 2852 in
1656 2806 1758 2854 eruce
1775 2795 1811 2852 et
1824 2784 1991 2854 adversus
2008 2803 2088 2873 per*-

51 2883 297 2977 Evangelium.
349 2882 496 2966 Sermo,
521 2883 584 2976 qni
601 2882 641 2954 in
658 2883 733 2972 lege
751 2906 887 2970 eorum,
910 2881 1044 2952 scilicet
1095 2884 1304 2956 secutiones.
1363 2880 1509 2978 Absque
1539 2885 1725 2980 synagogis
1748 2884 1877 2958 facient
1902 2907 1985 2962 ros,
2021 2883 2043 2952 i.
2059 2907 2089 2957 e.

51 2989 258 3060 testificante
276 2997 397 3054 contra
418 3007 492 3054 eos.
1096 2987 1321 3086 proscribent
1338 3010 1401 3058 ros
1417 3002 1451 3062 et
1467 2987 1834 3060 excommunicabunt.

61 1567 142 1635 riam
169 1563 248 1636 Dei.
309 1560 349 1632 Si
371 1583 477 1653 opera
506 1583 581 1628 non
604 1557 784 1637 fecissem,
822 1554 844 1626 i.
862 1577 891 1623 e.
913 1555 944 1623 si
969 1577 1043 1622 non

58 1668 253 1740 testificatus
289 1651 443 1735 fuissem
471 1685 585 1732 meam
622 1659 823 1730 doctrinam
850 1655 1041 1728 miraculis.

57 1768 154 1839 Nune
173 1782 291 1840 autern
316 1766 505 1850 viderunt,
527 1765 553 1838 i.
567 1788 598 1836 e.
622 1760 777 1834 convicti
798 1770 914 1844 sunt..
930 1771 965 1830 et
989 1773 1044 1832 ta·

58 1894 132 1940 men
150 1895 225 1940 non
243 1869 404 1940 credunt.

1334 2319 1437 2392 Haec
1462 2317 1606 2392 locutus
1625 2345 1708 2392 sum
1734 2319 1845 2408 vobis,

257 3145 360 3226 Odia
386 3176 441 3221 me
470 3145 681 3222 habuerunt
706 3150 841 3246 gratis.
1135 3151 1190 3226 Et
1218 3149 1453 3244 ventedorn,
1488 3165 1527 3227 ut
1553 3155 1673 3228 omnis
1699 3155 1768 3258 qui
1789 3123 1958 3250 interficit
1983 3163 2046 3228 etc.

151 3291 283 3364 Gratis
307 3291 534 3362 referendum
561 3303 611 3360 est
632 3290 674 3358 ad
700 3289 891 3374 miracula,
935 3306 976 3366 ut
995 3295 1044 3364 sic
1198 3290 1278 3362 Hoc
1307 3293 1514 3364 scandalum
1544 3317 1719 3368 summum
1749 3307 1818 3380 est,
1863 3294 1960 3388 quod
1981 3291 2091 3362 totius

48 3397 245 3484 intelligat:
287 3388 378 3465 Curn
406 3406 459 3462 tot
487 3390 668 3460 miraculis
699 3391 902 3462 testificatus
930 3395 976 3463 sit
1000 3398 1044 3466 de
1098 3397 1225 3466 mundi
1243 3394 1376 3464 iudicio
1393 3392 1571 3468 habentur
1585 3391 1781 3468 Christiani
1796 3419 1876 3466 cum
1893 3418 1958 3485 pro
1975 3393 2092 3477 fatuis,

50 3500 158 3568 verbo
177 3491 363 3579 Christus,
387 3491 618 3586 tamen⁰)sic
634 3493 893 3577 induruerunt,
919 3509 1043 3567 utnon
1098 3509 1173 3568 tum
1188 3519 1253 3586 pro
1270 3496 1397 3588 impiis.
1448 3497 1555 3571 Sicut·
1570 3523 1706 3569 summa
1723 3498 1836 3591 gloria
1851 3509 1905 3568 est
1919 3495 2090 3587 sapientia

47 3599 189 3690 possint
218 3619 293 3667 nun
325 3597 508 3688 persequi,
557 3617 759 3688 quanquam
788 3617 861 3666 non
892 3591 1045 3670 habeant
1098 3611 1134 3668 et
1163 3595 1319 3679 iusticia,
1361 3599 1410 3668 ita
1432 3599 1649 3688 ignominiae
1671 3601 1800 3690 gradus
1823 3592 1883 3668 hic
1906 3618 2091 3687 supremus

47 3725 166 3795 neque
210 3698 357 3769 verbum
389 3721 505 3791 neque
533 3696 758 3766 autoritatem
789 3696 948 3768 divinam
982 3723 1046 3770 cur
1098 3712 1169 3782 est,
1196 3699 1363 3788 derogare
1380 3696 1592 3788 sapientiam
1613 3715 1647 3770 et
1670 3701 1858 3772 iusticiam.
1909 3693 2090 3770 Pharisaei

47 3813 325 3896 persequantur.
1092 3801 1149 3895 'sic
1168 3799 1342 3870 sentiunt:
1381 3797 1511 3889 Legem
1531 3798 1631 3868 Deus
1658 3803 1851 3892 praecepit,
1893 3822 1974 3889 ergo
2004 3797 2091 3887 legis

1098 3926 1205 3994 opera
1223 3901 1423 3973 iustificant.
1473 3895 1638 3972 Christus
1657 3921 1742 3970 sero
1766 3912 1888 3990 negat,
1914 3916 1990 3970 tum
2013 3900 2089 3969 fieri

1097 4004 1230 4092 legem,
1258 4020 1331 4075 turn
1355 4027 1461 4095 opera
1485 4003 1688 4076 iustificare:
1721 4003 1921 4095 quodcum
1944 4025 2018 4072 non
2033 4002 2091 4070 in-

45 4106 202 4194 scilicet,
242 4103 307 4176 ubi
336 4126 400 4194 ego
422 4127 484 4196 per
516 4103 808 4185 resurrectionem
829 4105 1046 4194 glorificatus
1098 4107 1282 4194 telligunt,
1308 4107 1500 4188 damnant,
1531 4105 1770 4199 videnturque
1794 4104 1863 4175 sibi
1885 4103 1998 4194 legem
2021 4099 2089 4174 Dai

47 4212 166 4284 luero.
222 4203 337 4296 Quem
355 4229 418 4296 ego
440 4206 597 4292 mittam3
624 4227 708 4295 ego,
733 4207 951 4280 scilicctiam
969 4209 1046 4298 glo-
1098 4209 1200 4281 tneri.
1261 4203 1395 4292 Gentes
1430 4203 1631 4301 probant¹)
1655 4231 1770 4277 mores
1795 4219 1828 4278 ct
1851 4217 1985 4274 veteres
2009 4202 2090 4292 opi·

45 4312 220 4382 rilicatus.
273 4304 447 4398 Spiritum
471 4307 649 4388 veritatis,
676 4307 698 4380 i.
715 4332 745 4381 e.
760 4309 822 4402 qui
838 4332 977 4380 veraces
993 4311 1046 4382 ia·
1098 4311 1417 4400 ninnesreceptas,
1444 4323 1566 4380 contra
1590 4332 1677 4402 quas
1701 4309 1842 4403 si'quid
1864 4308 1980 4378 tradat
2001 4304 2107 4400 quid¹

45 4415 105 4486 cit.
162 4409 230 4482 llle
253 4409 497 4482 testimoninm
522 4403 744 4508 perhibebit,
776 4410 1046 4504 scilinsingu·
1098 4413 1211 4506 piam,
1247 4409 1392 4506 hunet)
1412 4411 1569 4482 insanire
1595 4413 1768 4486 iudicant.
1824 4407 1942 4480 Habes
1967 4431 2089 4480 exem-

44 4513 169 4587 lorum
185 4512 373 4596 cordibus,
399 4511 462 4605 qui
483 4511 611 4582 arrabo
633 4525 667 4582 et
691 4511 819 4603 pignus
833 4513 983 4606 gratiae,
1006 4529 1048 4588 ut
1099 4517 1197 4608 plum
1214 4510 1448 4588 Amos.Vll.:
1476 4512 1558 4586 Non
1572 4528 1711 4606 poterat
1725 4513 1888 4584 universa
1903 4524 1995 4582 terra
2011 4533 2087 4580 sus-

45 4612 248 4708 Apostolus
264 4613 394 4708 inquit.
784 4662 792 4700 ,
1097 4619 1210 4690 tinere
1228 4639 1408 4689 sermones
1424 4629 1488 4688 etc.
1540 4613 1793 4706 Arbitrantur,
1819 4639 1855 4687 se
1877 4613 2085 4708 obsequium

999 4807 1001 4814 Ι
1098 4735 1292 4812 praestare,
1319 4719 1453 4790 scilicet
1468 4719 1550 4812 quia
1567 4719 1677 4808 legem
1686 4715 1752 4790 Dei
1768 4742 1805 4788 se
1823 4717 1913 4788 tucri
1929 4715 2084 4786 indicent

1097 4817 1293 4904 Pharisaei.
1345 4820 1426 4892 Non
1451 4821 1546 4890 enim
1570 4820 1710 4906 vident,
1736 4845 1826 4915 qnae
1850 4822 1895 4891 sit
1920 4802 2084 4892 11‘810833·

154 4913 215 4990 Ab
237 4917 344 5012 initiq
359 4943 496 4992 mecum
513 4921 614 5002 estis,
638 4919 662 4990 ἰ.
678 4944 708 4996 e.
731 4919 801 4992 iarn
816 4923 964 4996 audistis
979 4923 1045 4998 do·
1097 4919 1310 5016 Exemplum
1337 4925 1450 4994 estin
1474 4920 1593 5010 Actis,
1632 4925 1694 4994 nbi
1721 4920 1936 5016 Stephanum
1961 4919 2084 4978 mulli

44 5020 224 5106 ctrinam,
250 5033 290 5092 ut
306 5022 447 5111 possitis
465 5018 631 5094 exhibere
647 5023 891 5099 testimonium
908 5028 1044 5099 demea
1096 5026 1230 5117 legem,
1265 5039 1387 5096 contra
1411 5026 1603 5117 templum,
1636 5041 1757 5100 contra
1783 5013 1954 5110 populum
1985 5032 2087 5104 lim·

44 5117 227 5196 doctrina.
280 5117 415 5220 Estque
440 5119 500 5194 hic
527 5124 677 5215 insignis
698 5125 797 5198 locus
818 5151 884 5220 pro
908 5128 1044 5202 autori·
1096 5130 1216 5202 dirare
1234 5127 1410 5202 dicebant.
1462 5119 1887 5235 Ethaeclacientrobis,
1912 5114 2086 5210 quianon

224 3957 320 4042 Cum
347 3975 468 4038 autem
497 3965 631 4040 venerit
653 3963 879 4066 paracletus,

296 4778 352 4852 Et
380 4806 443 4853 vos
468 4781 717 4856 testimonium
744 4793 808 4860 etc.

808 5301 823 5343 t

41 5411 47 5420 ·
79 5391 443 5458 armemanensis.
735 5381 738 5388 ’

1132 5399 1161 5459 t)
1180 5399 1278 5451 secer.
1296 5397 1429 5462 proteat.
1538 5397 1571 5458 2)
1590 5387 1684 5448 secer:
1701 5395 1779 5478 tnnc.
