4590 5808
244 145 323 222 us
513 170 518 181 .
718 163 721 172 ·
841 132 967 214 unu.
994 131 1673 258 nauscnrrmurnumtos.
1867 99 1874 112 ’
2171 151 2236 232 m

162 365 173 386 -,
245 316 479 404 derabsntus,
516 307 667 388 honeste
690 308 898 406 discipline,
936 311 1038 386 dicit:
1080 308 1156 384 Vos
1188 335 1230 383 ex
1280 323 1433 409 utroque
1446 324 1625 407 tempure,
1648 335 1730 386 cum
1753 314 1796 386 se
1812 316 1920 388 reim
1943 323 2127 414 prosperis,
2149 337 2183 398 st
2197 332 2237 401 nt

246 417 353 490 Patre
366 417 511 489 diabolo
528 417 623 490 estis.
674 411 764 487 ltem
781 411 879 486 Petri
898 414 1140 492 testimonium
1155 437 1231 486 ms·
1281 415 1500 488 voluntatem
1515 418 1681 508 [nostram
1703 416 1916 501 fluentibus,
1958 433 2033 492 tum
2057 423 2095 496 in
2113 429 2237 502 daem

247 521 500 594 nifestnmest:
522 514 697 591 Diabolus
721 530 889 610 tanquam
914 514 970 588 leo
993 518 1137 609 rugiens
1157 518 1232 588 cic·
1281 529 1316 589 et
1339 515 1471 589 afflicta
1490 517 1654 602 lustuns,
1684 529 1726 589 ut
1749 523 1893 612 quande
1916 525 2068 611 morbis,
2099 544 2237 618 egestate,

247 621 379 708 comit,
429 642 600 716 quaereus
641 641 745 712 quem
779 621 934 690 devoret.
1008 617 1091 690 Non
1124 618 1233 709 igitur
1281 631 1481 705 contemtu,
1504 619 1719 712 caussisque
1740 621 1892 692 miseriis
1913 639 1947 696 et
1968 630 2239 722 nemmnisurqe-
2278 665 2279 668 ¹

247 722 448 808 somnietis,
471 744 537 793 eos
551 721 590 790 in
607 731 683 792 tuto
700 719 857 815 citraque
881 719 1095 813 periurium,
1120 732 1155 792 et
1172 743 1231 792 ve·
1282 743 1380 808 mur,
1403 720 1617 812 premimur,
1643 742 1685 792 sc
1702 721 1901 796 obruimur.
1952 721 2092 798 lltenim
2115 737 2244 824 quando

112 887 117 905 ,
247 826 303 898 lut
318 839 412 898 extra
427 823 489 896 teli
504 822 635 894 iactum
657 822 799 906 sedere,
824 845 890 892 nec
912 844 1015 914 posse
1032 844 1097 893 vos
1115 845 1140 894 e·
1156 823 1232 893 dia·
1281 822 1385 893 nobis
1399 821 1591 916 tranquilla
1605 823 1885 912 etplscstssunt
1899 831 2039 916 omnis,
2061 835 2240 928 cunqaein

249 928 332 999 bolo
350 922 621 1008 circumveniri,
644 923 793 994 sauciari
810 923 866 994 vel
882 924 1003 998 everti.
1281 923 1354 995 vita
1369 923 1611 1015 voluptatibus
1624 923 1793 997 affluente
1812 927 1948 999 divitiis
1968 943 2003 1004 et
2023 933 2131 1023 glana
2151 936 2245 1007 llere·

352 1025 477 1098 Postea
492 1023 690 1116 cogitentur
707 1037 742 1096 et
757 1024 820 1094 alii
833 1019 968 1111 hostes,
994 1023 1059 1122 qni
1072 1038 1155 1097 sunt
1175 1025 1232 1095 iu·
1281 1047 1371 1110 snus,
1397 1038 1482 1100 tunc
1498 1025 1735 1117 immoderati,
1762 1028 1969 1122 petulantes,
1990 1045 2025 1104 et
2038 1037 2147 1106 securi
2161 1037 2241 1107 lara.

249 1127 531 1221 citatoresatque
543 1147 666 1198 musae
682 1125 931 1210 tentationum,
949 1126 1126 1214 videlicet,
1148 1127 1232 1198 mali
1281 1148 1360 1197 mus
1374 1127 1496 1198 frenos
1511 1127 1622 1198 coecis
1638 1127 1913 1220 cupiditatibus,
1939 1133 2149 1226 despicimus·
2157 1161 2242 1211 arro.

108 1249 111 1258 ’
248 1225 431 1314 homines,
454 1241 495 1300 ut
516 1239 671 1314 constat,
702 1227 814 1298 multa
835 1227 947 1297 millia
970 1227 1232 1302 adolescentum
1281 1241 1421 1320 gauter,
1449 1241 1485 1301 et
1500 1227 1750 1306 conculcamus
1764 1229 1870 1316 alios,
1892 1235 2139 1314 certaminibus
2154 1241 2247 1314 motis

248 1330 352 1402 melis
365 1324 541 1402 sodalitiis
560 1342 596 1401 et
610 1328 776 1420 exemplis
792 1327 996 1420 depravari,
1020 1331 1233 1424 tandemque
1282 1328 1457 1402 tumultun
1485 1331 1698 1416 excitemus,
1736 1343 1799 1402 aut
1823 1331 2048 1424 indulgentes
2070 1340 2244 1416 curiositati

249 1454 378 1524 eorpns
401 1445 436 1506 et
457 1430 567 1500 vitam
588 1432 754 1524 perdere,
792 1430 931 1522 aliquos
960 1431 1064 1500 etiam
1093 1432 1233 1503 animae
1281 1443 1500 1503 ostentamus
1520 1429 1665 1522 ingenia
1685 1444 1722 1503 et
1735 1433 1962 1532 sapientiam,
1985 1459 2104 1512 sumus
2124 1455 2249 1520 acuns
2278 1455 2279 1512 ξ

126 1567 132 1574 ·
248 1534 421 1608 mensem
451 1535 577 1607 facere.
640 1529 748 1616 Item,
785 1531 892 1603 multi
920 1533 1098 1625 principes
1124 1547 1158 1604 et
1178 1555 1232 1602 sa·
1281 1555 1458 1604 novomm
1480 1533 1703 1622 dogmatum,
1741 1545 1778 1605 et
1797 1535 1903 1605 uubis
1926 1541 2169 1628 persuademus
2190 1565 2246 1616 us*
2278 1527 2279 1604 ἶ

249 1635 387 1728 pientes
407 1633 497 1721 viri,
505 1655 570 1726 per
594 1653 678 1706 suos
701 1632 941 1720 consiliarios,
979 1657 1131 1728 querum
1151 1633 1233 1706 fidei
1281 1647 1388 1708 stram
1409 1631 1610 1703 felicitatem
1627 1645 1831 1726 perpetuam
1853 1635 1946 1723 fore,
1970 1639 2060 1714 sicut
2074 1639 2246 1736 Pompeius

250 1759 312 1808 cor
335 1749 368 1806 et
392 1736 505 1808 vitem
518 1756 617 1805 suam
633 1732 876 1821 committunt,
900 1747 935 1807 et
949 1737 1098 1831 quibua,
1123 1749 1163 1810 ut
1178 1736 1234 1807 di·
1283 1735 1439 1821 dicebat,
1464 1755 1502 1806 se
1516 1734 1746 1827 supplosione
1766 1736 1866 1829 pedis
1881 1734 2020 1810 ltaliam
2043 1754 2146 1814 totam
2161 1767 2245 1818 eset-
2278 1785 2279 1792 κ

250 1837 359 1923 enos,
379 1848 540 1928 apertum
552 1849 676 1928 pectus
690 1837 899 1924 ostendunt,
923 1839 1114 1929 capiuntur
1127 1850 1161 1907 et
1178 1858 1234 1907 se-
1282 1835 1412 1908 citibus
1426 1835 1685 1927 completurum
1704 1837 1871 1908 adversus
1886 1836 2019 1913 lulium
2035 1839 2219 1922 Caesarem.
2278 1907 2279 1910 ,

250 1941 442 2019 ducuntur,
468 1949 508 2007 ut
519 1937 777 2028 amplectantur
790 1960 831 2008 ac
845 1937 1020 2030 recipiant
1032 1937 1233 2009 doctrinam
1367 1934 1417 2010 As
1431 1949 1553 2008 contra
1566 1960 1647 2008 cum
1661 1937 1895 2012 subeuntibus
1909 1939 2069 2032 ingentes
2081 1967 2248 2022 aemmnss

248 2039 372 2110 fabam
387 2051 421 2110 et
436 2035 688 2130 perniciosam,
713 2051 753 2110 ut
770 2061 845 2108 uon
857 2039 1050 2111 necessaria
1064 2051 1099 2110 et
1113 2040 1232 2133 perui·
1282 2037 1447 2110 accidunt
1458 2037 1720 2112 inextricabilia
1729 2033 1885 2110 hnmano
1899 2044 2063 2132 consilio,
2087 2061 2168 2119 tune
2180 2049 2245 2118 ani·

248 2141 342 2214 eiose
358 2139 648 2223 bellemoseaut,
673 2151 714 2211 ut
729 2138 809 2210 aliis
823 2140 925 2214 melis
942 2143 1055 2211 causis
1068 2153 1103 2212 et
1123 2163 1234 2232 nego-
1281 2139 1351 2208 mis
1367 2141 1469 2211 fracti
1484 2161 1645 2210 moerore
1663 2141 1959 2230 contabescimus,
1990 2147 2127 2218 ruimus
2140 2149 2175 2218 in
2188 2149 2243 2218 im·

225 2276 229 2282 ·
247 2241 308 2316 tiis
321 2240 562 2341 implicentur.
614 2238 675 2312 Sic
691 2253 726 2310 et
749 2241 812 2311 elii
836 2242 966 2330 privati
989 2237 1151 2312 homines
1170 2245 1232 2314 de·
1282 2240 1487 2332 patientiam
1502 2240 1846 2336 etdsspcratiouem,
1870 2244 2026 2335 fugimus
2041 2247 2169 2336 Deum,
2189 2251 2245 2320 tri.

248 2342 431 2435 cipiantur
449 2353 484 2412 et
499 2351 778 2428 corrumpuntur
800 2361 1050 2432 saepenumero
1072 2365 1135 2434 per
1156 2367 1232 2413 ms-
1281 2354 1419 2434 stesque
1453 2339 1627 2414 cruciatus
1655 2354 1691 2413 et
1719 2337 1891 2414 horrendi
1914 2347 2077 2422 fremitus
2097 2351 2135 2422 in
2156 2352 2245 2422 eorde

249 2443 304 2516 les
320 2439 540 2516 consultores
555 2452 590 2510 et
604 2440 775 2516 doctores.
1280 2455 1488 2536 sequuntur.
1839 2517 1845 2523 ,

352 2541 496 2616 Tertius
509 2535 623 2616 bostis
643 2555 678 2615 et
698 2540 859 2614 omnium
882 2538 1031 2614 intimus
1050 2565 1090 2612 ac
1113 2541 1232 2632 prori-
1383 2539 1459 2612 Hos
1486 2555 1558 2614 tarn
1583 2541 1700 2614 varim
1728 2539 1847 2616 hostes
1875 2569 2085 2638 agnoscere,
2123 2566 2246 2649 tamque

248 2665 329 2720 nus
349 2659 403 2720 est
432 2659 493 2717 tue
517 2640 660 2738 propris
686 2643 876 2736 sapientia,
910 2656 970 2715 tua
992 2643 1084 2714 bella
1106 2643 1232 2734 imagi-
1281 2638 1495 2734 multiplices
1517 2645 1730 2714 tentationes
1749 2646 1972 2720 considerare
1996 2653 2181 2735 debemus,
2202 2665 2245 2722 at-

247 2749 364 2835 nstie,
389 2739 654 2840 seusplendide
666 2745 848 2838 cogitatio,
873 2757 910 2816 et
929 2765 1035 2836 prave
1057 2744 1233 2837 cupiditas
1280 2765 1350 2839 que
1370 2743 1451 2815 ideo
1474 2743 1566 2842 reris
1585 2744 1774 2837 gemitibus
1802 2761 1836 2819 et
1861 2750 2029 2846 lacrymis
2052 2777 2167 2825 orare:
2204 2751 2246 2824 Ne
2278 2745 2279 2750 ’

247 2848 288 2920 in
303 2863 366 2922 tuo
383 2851 506 2922 corde:
533 2848 677 2944 quando
693 2845 836 2941 propria
860 2845 1063 2918 curiositate
1084 2869 1146 2916 seu
1169 2869 1230 2938 pe·
1280 2867 1345 2914 nos
1361 2844 1510 2918 inducas
1527 2846 1822 2930 intentationem,
1848 2843 1917 2921 boc
1934 2867 1998 2935 est,
2025 2877 2073 2926 ne
2088 2855 2178 2926 sines
2193 2876 2245 2924 nos

247 2951 398 3024 velentis
419 2949 646 3038 ingeniorum
672 2947 939 3019 exstimulamuc
959 2960 993 3019 et
1015 2947 1234 3038 impellimur
1279 2947 1409 3036 mergi,
1442 2948 1689 3032 succumbere,
1721 2961 1755 3020 et
1770 2950 1943 3041 opprimi,
1972 2975 2056 3026 cum
2074 2969 2246 3038 senumur,

247 3050 490 3142 sdbsgeuda,
515 3047 681 3127 serenda,
707 3048 764 3117 vel
778 3047 1020 3140 amplectenda
1035 3072 1127 3119 noea
1143 3039 1231 3138 dot·
1279 3049 1422 3141 quando
1446 3046 1581 3118 diaboli
1609 3049 1826 3141 perieulum,
1865 3068 2018 3144 pestem,
2061 3071 2095 3130 et
2118 3057 2245 3129 exitium
2278 3085 2279 3092 ¹

246 3163 360 3238 meta,
404 3163 466 3222 aut
495 3171 575 3222 cum
606 3147 806 3220 errantibus
837 3148 992 3221 flammis
1019 3149 1229 3220 vitiosomm
1278 3147 1478 3221 moliuntur
1498 3149 1726 3242 corporibus,
1757 3149 1968 3240 animabus,
1991 3158 2204 3248 coniugibus
2219 3167 2247 3228 et

245 3251 434 3334 effectuum
455 3249 681 3322 incendimur
696 3250 741 3320 ad
758 3249 952 3335 adulteria,
976 3261 1038 3322 eut
1056 3250 1232 3342 cupidita·
1279 3249 1400 3320 liberis
1427 3250 1574 3334 nostris,
1614 3253 1759 3346 quando
1782 3253 1975 3326 dilacerare
1998 3253 2189 3344 Ecclesiae,
2219 3269 2247 3326 et

246 3367 317 3426 tem
340 3353 536 3435 vindictae,
566 3351 613 3421 ad
634 3350 747 3439 forta,
777 3343 991 3437 mendacio,¹
1006 3350 1230 3444 imposturas,
1277 3351 1422 3421 turbare
1435 3349 1652 3442 respublicas
1667 3365 1854 3429 conantur.
1904 3357 1995 3435 ltem
2016 3383 2100 3431 cum
2118 3353 2248 3433 aliiho·

245 3471 281 3529 et
296 3454 522 3546 eliadapitia.
558 3449 656 3524 llaec
670 3475 857 3546 possumus
871 3453 941 3544 ipsi
952 3454 1082 3524 sentire
1097 3453 1230 3527 omnia.
1277 3451 1391 3521 mines
1415 3451 1572 3527 consiliis
1602 3464 1637 3524 et
1660 3452 1932 3535 incitationibus
1952 3461 2027 3531 suis
2049 3459 2174 3534 volunt
2193 3481 2247 3529 nos

244 3553 407 3650 Cumque
426 3557 709 3647 obtemperemus
730 3567 765 3626 et
785 3553 1011 3646 indulgemus
1033 3550 1089 3626 bis
1110 3555 1229 3656 pravis
1277 3552 1416 3624 irretire
1433 3565 1467 3624 et
1480 3551 1665 3644 implicare
1679 3553 1780 3624 malis
1796 3556 1919 3628 causis.
1971 3559 2082 3644 ltem,
2109 3565 2279 3636 comsu-¹

245 3657 400 3730 motibns
434 3669 469 3734 et
499 3654 813 3740 inclinationibus,
853 3669 1028 3748 vagantur
1048 3656 1138 3726 circa
1163 3679 1229 3726 nos
1277 3655 1386 3744 perati
1412 3653 1555 3746 propria
1577 3653 1781 3725 infirmitate
1804 3657 1964 3749 rapimur
1984 3675 2021 3732 et
2045 3661 2249 3756 impellimur

244 3759 379 3832 diaboli
401 3771 613 3852 spectatores
630 3755 846 3828 furiosorum
869 3765 1058 3825 conatuum
1085 3769 1228 3827 nostro-
1276 3755 1321 3824 ad
1336 3749 1520 3826 inhonesta
1538 3755 1592 3826 vel
1609 3755 1754 3826 exitiosa
1775 3759 1928 3850 negotia.
1979 3760 2036 3834 Ac
2053 3763 2092 3835 in
2107 3787 2248 3836 summa:

243 3883 344 3948 meu,
376 3861 529 3954 ideoque
548 3857 732 3932 confestim
754 3858 939 3938 advolant,
965 3866 1000 3926 et
1022 3856 1103 3927 diro
1123 3871 1228 3950 atque
1275 3853 1316 3926 Si
1347 3857 1428 3949 quis
1459 3855 1588 3945 cogitat
1619 3879 1690 3926 sue
1714 3857 1886 3950 sapientia
1918 3861 2067 3958 suisque
2094 3865 2248 3946 consiliis,

244 3975 418 4035 menno
432 3961 554 4033 afflatu
571 3983 635 4032 cor
646 3959 834 4044 miserum,
859 3957 1037 4029 imbecille
1054 3983 1095 4027 ae
1108 3959 1230 4040 deser·¹
1275 3955 1380 4026 etiam
1396 3955 1474 4028 sine
1495 3957 1770 4048 gubernatione,
1803 3963 1968 4034 mnodss
1988 3979 2025 4038 et
2047 3991 2121 4060 ope
2139 3968 2252 4040 divine

242 4061 446 4138 tumulltu
468 4061 632 4134 inficiunt
654 4085 693 4132 sc
716 4061 921 4154 impellunt,
944 4073 982 4131 ut
1000 4058 1223 4134 debilitatum
1274 4081 1312 4126 se
1333 4077 1453 4148 regere
1477 4081 1577 4150 posse
1597 4081 1680 4130 sasas
1703 4081 1835 4146 moses,
1860 4082 1923 4136 sua
1945 4068 2091 4158 negotia
2112 4065 2253 4162 asperi

244 4177 279 4237 et
303 4163 562 4256 lenpuefectum
585 4176 665 4234 urat
687 4161 727 4232 in
749 4161 933 4232 manifeste
952 4162 1100 4233 'scelera
1167 4159 1226 4248 tn,
1274 4159 1369 4228 urla:
1396 4160 1426 4229 is
1447 4181 1529 4230 vere
1552 4183 1694 4244 coecus,
1719 4185 1857 4247 cemes,
1881 4164 2057 4252 banosus,
2085 4184 2122 4243 et
2144 4182 2249 4240 mente

243 4291 324 4338 curn
335 4263 777 4340 Dasidiutuensalienam
793 4263 1222 4354 coniugemfocmaprae·
1273 4259 1689 4351 captusiudiceridebet.
1738 4261 2183 4342 Necenim-nllnhumaue
2200 4293 2248 4340 se-

242 4381 393 4442 stentem
408 4367 662 4438 incenderetur
676 4365 752 4434 usse
772 4387 910 4450 amore,
937 4387 1087 4458 cumque
1103 4366 1225 4434 volens
1274 4362 1405 4452 pientia
1420 4376 1453 4432 et
1470 4363 1651 4452 vigilantia
1669 4387 1732 4455 par
1746 4385 1820 4436 esse
1840 4380 1958 4438 tantae
1971 4373 2064 4442 nauli
2085 4372 2254 4466 periano·-

242 4469 351 4542 aleeet
366 4467 590 4552 incendium,
617 4465 794 4536 inanimo
815 4479 951 4552 ortum,
977 4477 1011 4536 et
1026 4467 1063 4534 in
1080 4480 1223 4535 externo
1272 4487 1351 4531 nam
1374 4477 1409 4534 et
1430 4463 1784 4556 impedimentomm,
1813 4491 1878 4538 nec
1896 4469 2059 4542 sufficere
2082 4487 2192 4567 petest
2207 4471 2255 4541 ad*

241 4594 382 4668 qaoque
395 4583 492 4662 gestu
507 4591 547 4640 ec
560 4591 723 4638 sermone
735 4567 988 4662 obsequeretur
1002 4567 1138 4636 vitiosis
1153 4567 1223 4637 illis
1272 4565 1460 4652 rependam
1482 4565 1589 4634 vitam
1613 4581 1791 4651 nostram,
1816 4571 1862 4638 ed
1885 4572 2135 4646 sustinendam
2156 4595 2250 4645 rocs-

240 4673 397 4746 snotibus
411 4683 445 4742 et
465 4667 636 4749 flammis,
661 4667 795 4739 diaboli
817 4668 977 4740 videntes
998 4691 1078 4762 eum
1100 4671 1222 4738 cedere
1270 4665 1424 4749 tionem,
1457 4668 1501 4736 sd
1525 4666 1805 4760 prospiciendas,
1832 4671 1996 4743 vitandas
2013 4689 2052 4748 et
2073 4677 2252 4769 fugiendas

239 4774 399 4860 affectui,
435 4784 472 4844 et
502 4768 689 4843 admittere
717 4769 918 4854 illecebras,
953 4770 1220 4862 praecipitatum
1269 4767 1415 4837 insidias
1431 4767 1587 4852 diaboli,
1612 4771 1657 4838 ad
1675 4767 1921 4862 intelligendas
1936 4779 2249 4872 cavendasque-ss·

238 4877 413 4948 violenter
428 4871 668 4959 impellebant,
694 4885 979 4966 prostratumque
990 4871 1147 4965 lapsibus
1163 4873 1219 4942 in·
1267 4869 1451 4940 ductiones
1467 4881 1500 4939 et
1516 4867 1727 4962 imposturas
1745 4865 1931 4945 bominum
1940 4927 1952 4967 ,
1977 4877 2023 4946 ed
2042 4879 2248 4950 viuemdssn

238 4975 506 5050 extricabilibns
521 4972 763 5065 implicabant.
1147 5013 1149 5018 ,
1267 4970 1421 5066 denique
1441 4971 1620 5062 propriam
1645 4971 1906 5062 infirmitatem,
1945 4976 2024 5047 siae
2055 4981 2191 5051 susilio
2217 4989 2249 5046 et

336 5075 406 5150 llic
421 5077 540 5172 itaque
555 5073 681 5147 tertius
695 5070 827 5158 bostis,
846 5097 977 5168 nempe
991 5069 1135 5166 propria
1155 5095 1217 5142 cu-
1265 5073 1483 5164 pcotectione
1497 5070 1577 5147 un.
1625 5071 1720 5162 Quia
1744 5095 1883 5167 semper
1904 5101 1984 5150 sera
2004 5091 2061 5150 est
2080 5077 2255 5152 sententio¹

98 5243 102 5258 .
235 5177 395 5263 riosites,
420 5192 455 5252 et
467 5175 638 5271 appetitio
652 5197 717 5248 seu
729 5176 905 5270 cupiditas
920 5175 1067 5258 vitiosa,
1097 5195 1215 5244 versa·
1263 5173 1328 5242 lilii
1343 5169 1429 5242 Dei:
1460 5172 1548 5245 Sine
1564 5196 1621 5242 me
1643 5169 1737 5245 nibil
1761 5178 1906 5268 potestis
1925 5181 2053 5254 famae.
2118 5180 2248 5254 Sumus

233 5297 294 5357 tur
313 5279 353 5350 in
374 5277 532 5368 lubrico,
561 5299 801 5378 magnumque
826 5277 983 5352 venitin
1004 5275 1214 5389 pmiculom,
1234 5339 1236 5344 .
1260 5273 1467 5362 irssbecilles,
1483 5271 1635 5347 nnana
1647 5277 1906 5360 calamitatibus
1917 5281 2248 5378 mensispsoptee·
