4620 5814
11 199 12 280 ι
211 175 290 252 ιιι
803 163 1075 256 numism
1100 161 1641 247 commensurantes.
2159 175 2233 252 ιιι

11 431 12 434 ¹
214 343 387 429 Domine,
423 357 565 437 tempus
586 341 797 438 beneplaciti
821 338 936 430 Deos,
975 340 1014 414 id
1046 353 1117 424 est,
1153 337 1202 412 sit
1257 337 1392 412 indicio
1416 337 1503 426 Dei,
1534 339 1612 410 sine
1633 339 1761 412 timore
1784 339 1871 430 Dei,
1909 333 1988 416 sine
2011 341 2243 422 invocatione·

11 467 13 546 t
215 446 412 543 aliquando
427 445 518 518 illud
533 459 692 538 ternpus,
714 447 809 540 quod
826 444 915 518 velis
928 467 986 516 me
1001 443 1165 518 liberare.
1258 438 1343 513 Iden
1359 463 1548 512 aerumnae
1572 442 1812 516 cumulantur.

11 559 12 564 ’
318 545 480 618 Primum
497 546 608 639 igitur
620 546 762 640 'colligat
778 569 878 617 mens
890 557 1088 640 prseoepto,
1113 565 1206 638 quse
1360 540 1473 612 Porro
1488 566 1570 614 cum
1585 545 1796 636 obstrepunt
1810 547 1987 638 exempla,
2010 546 2087 622 Cur
2100 569 2173 622 non
2186 573 2242 620 ex·

218 649 345 722 iubent
367 649 550 732 invocare,
582 647 713 720 deinde
739 662 774 720 et
806 647 1059 739 promissiones
1079 647 1204 716 addat:
1258 643 1403 715 auditur
1417 641 1616 717 Hieremias
1634 647 1830 740 deprecans
1848 649 2042 733 sus‘dium,
2064 663 2101 722 et
2117 650 2243 724 similis

218 750 351 834 Petite,
379 744 413 821 et
427 749 617 844 accipietis.
668 748 850 846 Quicquid
874 749 1047 842 petieritis
1068 760 1207 840 patrem
1259 745 1396 816 multa?
1446 741 1516 816 Hic
1532 743 1619 817 lidos
1638 749 1834 838 pmdenter
1847 750 2026 824 discernet
2043 753 2245 843 promissio·

219 852 260 922 in
275 850 421 923 nomine
436 875 534 936 meo,
559 851 658 922 dabit
672 852 784 922 vobis.
837 847 908 924 Sed
924 845 1036 920 hicio
1052 852 1206 943 promis·
1259 871 1341 916 nem
1367 845 1520 939 gratiae,
1545 859 1579 918 et
1602 846 1834 938 mitigationis
1857 873 2052 942 menarum
2075 867 2244 944 temporo·

137 1119 144 1134 ‚
170 1039 171 1048 ἵ
221 1053 638 1147 sumusmeritipoenas,
663 1068 702 1127 ut
715 1052 853 1134 David,
878 1051 1079 1139 Manasses,
1103 1052 1208 1124 Sam·
1260 1049 1329 1122 tibi
1345 1049 1477 1120 remitti
1495 1063 1656 1139 peccata,
1680 1050 1790 1141 recipi
1808 1065 1879 1126 tcs
1898 1051 1974 1126 Deo
1988 1057 2034 1126 ad
2047 1053 2242 1126 societatem

222 1181 309 1242 son,
340 1155 495 1251 denique
515 1154 621 1225 multi
646 1155 810 1226 meliores
836 1178 911 1225 nou
933 1169 1017 1226 sunt
1040 1151 1209 1233 exauditi,
1261 1151 1355 1222 vitae
1367 1166 1541 1236 aeternae,
1568 1148 1915 1244 proptchhristum‚
1941 1151 2065 1230 lobon.
2075 1158 2129 1230 dn
2154 1155 2244 1230 Haec

222 1272 263 1329 ut
277 1257 383 1344 Saul,
410 1271 445 1328 et
467 1257 530 1330 ulii
543 1257 840 1330 innumerabiles.
892 1253 991 1346 Quid
1015 1257 1060 1325 de
1075 1279 1132 1326 me
1146 1254 1209 1325 lie-
1260 1265 1315 1324 ect
1330 1253 1494 1324 voluntas
1510 1255 1638 1345 patris,
1663 1268 1704 1325 ut
1716 1253 1836 1326 omnis
1849 1256 1911 1351 qui
1926 1257 2041 1329 credit
2054 1259 2093 1330 in
2105 1255 2242 1339 Filium,

223 1359 302 1434 ret?
325 1359 387 1454 qui
403 1380 610 1434 summense
627 1357 832 1443 immunda,
856 1355 1095 1429 contaminata
1114 1355 1210 1428 mul·
1261 1347 1390 1426 habeat
1420 1353 1528 1424 vitam
1556 1368 1747 1426 aeternam.
1816 1355 2116 1453 Quandocnnqne
2144 1359 2245 1448 igitur

222 1460 412 1553 tipliciten,
446 1460 558 1550 magis
583 1483 690 1553 quam
707 1457 843 1546 David,
872 1458 935 1552 qui
956 1458 1089 1552 inquit:
1122 1455 1210 1528 Tibi
1263 1455 1425 1540 invocas,
1451 1479 1531 1524 vere
1548 1459 1773 1528 statuendum
1789 1471 1859 1546 est,
1885 1461 1981 1552 quod
1996 1458 2095 1532 Deus
2110 1461 2243 1532 tereci·

224 1575 364 1635 tantum
381 1575 563 1654 peceatum
577 1583 677 1642 sum,
703 1562 831 1646 idest,
855 1582 911 1632 res
926 1583 986 1630 rea
1008 1572 1043 1630 et
1065 1558 1212 1644 sbiects,
1262 1555 1356 1649 piat,
1369 1555 1371 1560 ’
1384 1551 1695 1647 propterFilium,
1720 1573 1755 1630 et
1777 1572 1857 1631 tuas
1874 1583 1995 1651 preces
2009 1561 2143 1634 audiat.
2190 1560 2245 1634 Sic

226 1663 315 1759 qnid
336 1663 525 1754 impurare
547 1662 715 1753 possum?
751 1661 906 1734 Difficile
933 1673 986 1734 est
1007 1656 1077 1731 hoc
1099 1673 1212 1730 certa-
1263 1657 1302 1728 in
1330 1657 1431 1728 omni
1458 1656 1683 1729 invocatione
1712 1661 1889 1752 praelucet
1915 1660 2169 1753 Evangelinm,
2201 1665 2249 1734 dc

227 1787 330 1848 men,
355 1767 417 1834 sed
446 1763 529 1860 quia
553 1759 620 1835 hac
641 1763 715 1855 ipsa
738 1787 822 1834 voce
840 1763 927 1853 legis
947 1760 1088 1834 assidue
1108 1783 1213 1832 amu·
1264 1757 1501 1850 poenitentia,
1528 1771 1561 1848 et
1582 1761 1626 1829 de
1648 1761 1856 1832 remissione
1877 1780 2120 1852 peccatorum,
2145 1775 2243 1834 etoc-

226 1887 369 1952 samur,
392 1859 677 1962 discamus'hsnc
694 1865 807 1958 ipsam
829 1867 877 1935 ob
899 1887 1040 1935 causam
1060 1861 1213 1954 promis·
1264 1861 1377 1932 currit
1399 1853 1484 1931 huic
1505 1859 1583 1930 voci
1599 1861 1703 1950 legis,
1727 1859 1825 1932 Deus
1841 1876 2041 1955 mentones
2057 1887 2130 1936 non
2146 1888 2243 1936 esau·

228 1968 346 2038 siones
357 1960 542 2056 Evangelii
561 1965 707 2038 traditos
722 1989 816 2052 esse,
841 1969 886 2037 de
909 1963 1116 2036 remissione
1132 1987 1214 2056 pec·
1264 1961 1345 2048 dit,
1362 1959 1495 2032 scilicet
1517 1974 1778 2052 perseverantes
1802 1963 1839 2034 in
1861 1967 2031 2055 peccatis,
2056 1989 2130 2038 non
2144 1987 2243 2056 rgen-

228 2081 386 2138 catorum
409 2082 552 2162 propter
571 2065 717 2141 Filium.
769 2065 983 2160 Quanquam
1010 2087 1133 2136 sumus
1155 2063 1214 2134 in·
1265 2075 1317 2137 tes
1329 2062 1605 2156 poenitentiam,
1628 2085 1703 2133 uon
1716 2065 1960 2156 confugientes
1973 2070 2018 2140 sd
2036 2064 2180 2138 Filium.

229 2167 348 2260 digni,
375 2181 492 2242 tamen
506 2168 603 2241 Deus
625 2167 703 2242 vult
723 2193 788 2242 nos
809 2183 953 2262 propter
969 2165 1101 2239 Filium
1122 2166 1214 2237 reci·
1368 2209 1444 2285 Sed·
1462 2216 1507 2285 de
1528 2213 1706 2285 beneficii,
1725 2193 1970 2308 corporalibhs
1989 2219 2158 2303 sciamus,
2180 2213 2242 2290 Ec,

231 2294 326 2361 pere.
377 2267 648 2364 Hic-cogitanda
671 2283 722 2340 est
742 2270 915 2362 particula
940 2267 1078 2339 Gratis:
1108 2264 1214 2338 lusti·
1266 2316 1408 2386 desim
1431 2317 1623 2411 subjectam
1647 2338 1721 2386 m
1743 2318 1857 2400 emp,
1881 2317 2055 2392 e,Dm
2076 2321 2242 2412 pompm

91 2539 94 2542 ,
1267 2416 1517 2534 Μνω
1575 2415 1790 2489 ίννω
2193 2445 2241 2490 ν

231 2588 303 2644 tam
318 2587 499 2662 naturam,
516 2571 606 2644 sicot¹
619 2568 735 2644 David
750 2573 853 2645 dicit:
880 2571 967 2644 Tibi
983 2584 1120 2642 tantum
1137 2591 1215 2639 sum
1267 2518 1441 2608 “piam
1460 2517 1498 2585 3⁰
1519 2515 1686 2607 ΜΨ
1713 2517 1818 2590 ‘¹¹⁸³'
1835 2546 1914 2592 ‘¹¹¹¹'
1931 2538 2053 2596 “¹³⁰³
2067 2524 2249 2598 ⁶³¹i¹¹¹f¹³⁸o

233 2688 428 2768 peccatum.
502 2672 550 2747 Et
572 2671 700 2746 Daniel
719 2675 862 2746 clamat:
896 2673 977 2744 Non
1010 2673 1047 2742 in
1076 2667 1214 2742 iusticia
1266 2615 1315 2740 ,Εἰ
1336 2632 1456 2690 tamen
1477 2615 1759 2707 Ρωωιῧῑυωῆ
1785 2645 1860 2691 ”⁰¹¹
1882 2623 1998 2696 ⁸⁰¹”m
2018 2625 2242 2696 ⁰b0diffl¹i³¹¹¹

522 2776 531 2795 .
591 2777 600 2794 .
692 2778 700 2794 .
985 2773 994 2791 .
1241 2745 1305 2798 ,ιιι
1323 2718 1594 2796 afflictionibus,
1620 2721 1680 2790 sed
1698 2721 1803 2791 etiam
1818 2723 2103 2809 invocationem,
2129 2739 2160 2796 et
2176 2721 2242 2791 vult

233 2790 376 2866 ΜΨ
401 2777 461 2846 ”d
481 2778 723 2895 ¹⁰¹⁸²¹¹⁰⁰fd¹³
745 2792 805 2848 ω’
819 2790 1077 2892 ΡΜΜΜἾΜ
1096 2794 1217 2864 imm
1241 2799 1245 2884 i
1267 2821 1430 2910 mitigare
1443 2831 1505 2888 aut
1518 2819 1643 2888 tollere
1655 2843 1853 2907 aerumnas,
1878 2825 1969 2897 sicut
1982 2826 2182 2898 dulcissime
2194 2823 2244 2892 in·

182 2949 185 2954 ,
234 2890 382 2947 nostras.
421 2873 486 2948 Et:
511 2875 650 2948 Ειιιιιιιιι
668 2900 733 2947 nos
756 2891 900 2971 propter
914 2874 1122 2946 Dominum.
1171 2871 1218 2944 Et

348 3004 355 3020 ι
445 2977 454 2994 .
692 2977 701 2996 .
883 2977 893 2995 .
954 2977 963 2994 .
1054 2976 1064 2994 .
1241 2887 1347 3018 iqnit
1364 2916 1540 2994 Patrae
1568 2917 1648 2990 Non
1665 2922 1826 2995 accendit
1842 2937 1951 2996 totam
1968 2926 2059 2996 iram
2077 2951 2171 2998 suam
2188 2939 2244 2994 etc.

236 2976 355 3048 hm·
382 2975 544 3067 ΟΜΝ]
560 2978 769 3069 ⁶⁰¹¹s⁰3¹¹¹¹¹¹
784 2981 827 3050 ‘id
845 2979 1136 3059 m¹⁵⁰¹¹⁰⁰rd¹³m’
1162 2997 1216 3044 ὅθ’
1241 3023 1245 3086 Ι
1270 3021 1357 3093 Vult
1386 3022 1482 3092 enim
1513 3020 1646 3090 servari
1674 3034 1709 3091 et
1738 3023 1776 3091 in
1799 3019 1863 3094 hac
1887 3024 1957 3095 vita
1980 3009 2085 3099 susim
2112 3023 2243 3120 aliquod

234 3092 376 3149 ctantur
402 3102 510 3165 vano,
533 3079 671 3178 idest,
701 3079 826 3180 fiducia
852 3078 1014 3170 propriae
1036 3077 1217 3166 dignitatis
1241 3140 1245 3197 Ξ
1269 3146 1407 3215 mum·
1462 3121 1548 3195 quq,
1574 3144 1648 3191 m„
1675 3121 1815 3216 ,qfqum
1843 3125 2059 3214 pneuma,
2090 3143 2130 3200 „g
2158 3151 2245 3198 tom.

235 3192 287 3250 ’δι
309 3178 443 3262 ἰωῐῆ
482 3181 543 3250 ⁸⁸d
563 3179 838 3272 ⁶⁰¹¹f⁴¹⁸3e¹¹d¹¹m
864 3194 915 3252 ⁶⁸¹
943 3183 986 3249 “d
1018 3177 1217 3247 'merim'
1241 3221 1245 3312 ἰ
1270 3224 1388 3294 munis
1419 3223 1511 3295 vitae
1536 3222 1674 3293 labores
1697 3224 1915 3310 sustineant,
1949 3230 2030 3301 votlt
2054 3224 2243 3302 conservari

235 3280 345 3356 diam.
395 3275 471 3353 Hac
492 3281 652 3354 doctrina
669 3277 944 3374 promissionum
964 3280 1218 3350 confirmentur
1243 3325 1245 3330 -
1269 3327 1384 3396 nudi,
1403 3326 1586 3395 dominae
1601 3321 1806 3416 Evangelii,
1831 3328 1996 3417 potnias,
2023 3329 2244 3414 oeconomias,

207 3379 902 3572 ,ιι
1243 3513 1246 3536 .
1991 3427 2155 3527 ont

239 3579 344 3667 Filii,
378 3583 467 3654 sicut
487 3585 620 3688 dictum
640 3590 708 3655 e's't:
741 3585 929 3679 Quicquid
962 3583 1134 3675 petieritis
1157 3607 1219 3673 pa·
1242 3541 1247 3632 i
1270 3541 1304 3598 ἰ
1327 3528 1365 3596 ἱῃ
1389 3525 1607 3615 mi¹33⁰¹i⁰¹¹⁰
1628 3549 1822 3618 P⁰⁹¹¹⁸¹l¹ffl
1846 3543 1882 3602 ei
1904 3530 2145 3608 calamitatum
2164 3532 2243 3603 cele-

71 3705 77 3718 ·
225 3695 328 3754 trem
346 3683 384 3754 in
401 3685 544 3755 nomine
557 3710 655 3771 mco,
679 3687 717 3756 id
734 3701 803 3768 est,
829 3711 887 3756 me
906 3687 1131 3756 nominantes
1145 3707 1219 3752 me·
1271 3631 1379 3702 Νη

237 3783 421 3867 (tiatorem,
441 3785 673 3878 perferentem
687 3809 808 3880 preces
823 3801 965 3874 vestras,
989 3785 1089 3856 dabit
1107 3785 1219 3859 vobis.
1375 3779 1460 3852 Ideo
1489 3801 1626 3870 seroper
1649 3780 1688 3850 in
1711 3780 1935 3855 invocatione
1956 3800 2078 3878 petere
2096 3801 2130 3860 et
2151 3803 2245 3874 expe·

488 3971 493 3984 „
1271 3897 1364 3956 ctare
1378 3884 1484 3952 debes
1499 3878 1691 3966 armillum,
1718 3895 1753 3954 et
1768 3883 2025 3976 mitigationem
2040 3881 2246 3966 calamitatis,

340 3987 438 4063 Haec
460 3991 621 4064 doctriua
642 3993 688 4064 dc
718 3987 943 4063 invocatione
975 3999 1009 4060 et
1032 3987 1102 4059 fide
1133 4009 1220 4058 nns—
1272 3983 1407 4056 etiamsi
1432 4007 1505 4052 non
1527 3982 1830 4070 statimtollitur,
1861 4001 1902 4057 ut
1923 3988 2049 4062 elamat
2073 3986 2243 4060 ieremias:

239 4113 346 4185 quam
369 4093 436 4166 ulli
457 4094 555 4185 genti
576 4107 670 4166 extra
696 4089 888 4168 Ecclesiam
909 4103 993 4163 nota
1016 4103 1086 4176 est,
1117 4111 1158 4161 ac
1179 4089 1219 4159 in
1271 4086 1420 4175 Corripe
1436 4107 1493 4154 me
1506 4078 1677 4169 Domine,
1704 4101 1936 4159 veninumeo
1950 4089 1990 4159 in
2004 4089 2154 4170 iudicio,
2179 4103 2244 4154 non

240 4191 312 4260 sola
331 4187 485 4266 Ecclesia
504 4192 571 4267 Dei
592 4197 762 4288 patefacta
789 4209 862 4280 est,
892 4205 925 4264 et
950 4205 1088 4266 tantum
1108 4192 1154 4260 ab
1176 4191 1221 4261 iis
1272 4189 1310 4259 io
1333 4191 1454 4258 lurore
1477 4198 1558 4268 tuo,
1583 4205 1629 4255 ne
1649 4187 1694 4256 ad
1712 4184 1867 4258 nihilum
1883 4191 2023 4281 redigas
2036 4214 2110 4264 mes
2152 4184 2197 4260 Et
2211 4185 2244 4254 in

239 4289 468 4384 intelligitur,
498 4297 561 4390 qui
583 4299 734 4368 audiunt
762 4307 796 4368 et
817 4307 952 4366 norunt
972 4291 1220 4384 Evangeliums
1271 4288 1415 4360 Psalm:
1435 4281 1619 4376 Contiguus
1633 4287 1814 4378 castigavit
1826 4291 2080 4378 meDominus,
2101 4305 2135 4362 et
2148 4282 2244 4358 morti

240 4388 399 4484 Vultque
428 4393 525 4467 Deus
562 4399 666 4470 nobis
701 4393 888 4486 Evangelii
925 4393 1142 4480 doctrinam,
1186 4407 1222 4464 et
1271 4415 1347 4462 non
1363 4387 1511 4461 tradidit
1528 4411 1595 4457 me.
1651 4386 1754 4461 item:
1777 4389 1859 4460 Non
1875 4394 2025 4478 moriar,
2051 4394 2112 4464 sed
2128 4391 2244 4470 vivam,

240 4513 337 4563 suem
352 4494 679 4569 misericordiamet
699 4497 953 4590 praesentiam,
977 4495 1053 4565 beri
1072 4517 1236 4588 conspe-1
1271 4507 1306 4565 et
1328 4489 1555 4561 annunciabo
1577 4511 1684 4582 opera
1705 4488 1867 4564 Domini.
1926 4492 2010 4564 ldco
2034 4497 2156 4566 liberat
2176 4487 2244 4560 no·

240 4593 385 4664 ctionem
401 4592 458 4667 bis
474 4599 648 4672 exercitiis
662 4597 906 4670 invocationis.
946 4596 1220 4668 ldeoinomni-
1271 4593 1410 4678 minus,
1452 4605 1492 4662 ut
1518 4605 1637 4684 postea
1667 4605 1769 4664 testes
1800 4593 1930 4681 simus,
1965 4598 2062 4692 quod
2094 4587 2244 4664 aaudiat

238 4695 307 4767 bus
330 4697 495 4787 periculis
518 4715 551 4772 et
573 4701 790 4794 quotidianis
812 4697 965 4792 negociis
991 4700 1219 4769 decurramus
1270 4694 1388 4778 Deus,
1414 4707 1449 4765 et
1464 4715 1545 4762 vere
1562 4691 1613 4762 sic
1628 4692 1712 4764 velit
1726 4692 1814 4776 coli,
1841 4695 2116 4768 etdiscamnsoc
2130 4695 2243 4764 docea-
2287 4743 2288 4750 ν

238 4800 284 4867 ad
300 4794 393 4869 hanc
411 4824 491 4871 vere
512 4824 645 4872 sacram
666 4826 841 4876 ancoram.
893 4799 936 4871 In
957 4801 1052 4870 libro
1068 4797 1219 4891 Sapien·
1270 4819 1350 4866 mus
1370 4795 1459 4866 alios
1481 4794 1528 4874 de
1547 4792 1788 4880 invocatione,
1812 4807 1855 4866 ut
1870 4794 1960 4866 Psal.
1977 4795 2251 4896 ddaylstepattff

238 4898 307 4969 tiae
321 4901 498 4973 invocatio
513 4915 658 4974 vocatur
679 4917 816 4976 sculum
836 4916 1009 4978 nostrum.
1060 4897 1109 4974 Et
1125 4897 1217 4972 Pau·
1270 4923 1334 4991 pes·
1351 4893 1514 4968 clamavit
1531 4893 1576 4962 ad
1591 4891 1810 4981 Dominum,
1835 4886 2241 4970 esDomtnusexandivit

238 4997 293 5070 lus
314 5001 447 5095 inquit:
489 5001 668 5098 Quicquid
691 5004 805 5076 [scitis
827 5005 865 5074 iu
889 5004 1034 5074 nomine
1056 5001 1219 5087 Domini,
1269 5023 1363 5070 eum.
1416 4993 1492 5064 lmo
1510 4987 1602 5064 hanc
1617 4994 1729 5094 ipsam
1747 4995 1795 5066 ob
1809 4991 1949 5068 cansam
1963 4999 2080 5071 omnia
2095 4988 2240 5082 exempla

236 5098 359 5187 idest,
383 5105 608 5177 invocatione
623 5103 711 5198 Dei,
734 5105 846 5177 facite.
898 5106 968 5176 Sed
986 5126 1111 5195 magua
1136 5125 1217 5195 pars
1270 5097 1541 5178 miraculorum,
1567 5093 1650 5166 iude
1664 5119 1775 5190 usque
1786 5098 1832 5166 ab
1848 5097 1951 5170 initio
1969 5099 2141 5191 proposita
2155 5100 2239 5169 suot,

235 5199 423 5274 huminum
437 5231 556 5280 secura
569 5205 664 5290 cuit,
688 5231 760 5302 quo
782 5207 878 5278 coeci
897 5208 1035 5277 'furores
1059 5199 1217 5290 trabunt,
1268 5216 1306 5274 ut
1329 5200 1504 5270 discamus
1526 5195 1785 5269 invocationem
1804 5217 1879 5270 nost
1894 5224 1969 5272 esse
1983 5201 2128 5273 irritam.
2175 5188 2238 5264 Sed

234 5305 346 5378 multa
365 5305 492 5400 incipit
513 5333 553 5382 ac
578 5321 715 5394 movet,
751 5308 916 5384 sinentis
937 5303 1149 5400 cogitatione
1171 5309 1216 5378 dc
1267 5300 1419 5374 maxims
1437 5318 1517 5392 pars
1533 5292 1740 5382 hominum,
1767 5301 1929 5394 quamvis
1944 5311 2090 5397 propter
2103 5311 2238 5370 consue·
