4674 5822
257 152 356 230 mcc
858 133 985 212 rum
1009 129 1128 210 scen.
1155 127 1370 217 susum
1392 125 1693 219 muetos
2025 165 2028 170 ·
2116 83 2122 94 ’
2181 149 2259 222 tus

258 324 370 400 credit
391 343 507 415 quem
520 333 660 390 erucem
676 333 749 384 esse
766 309 974 395 salutarem,
999 319 1105 402 atque
1121 307 1170 376 ita
1182 287 1241 376 iuss
1261 345 1265 361 ι
1298 304 1437 380 stisiam
1451 303 1570 396 legis,¹
1584 307 1681 402 quod
1700 302 1794 380 hanc
1806 309 2041 386 annuimus.
2074 313 2260 390 Maledictus

257 428 350 498 dicet
367 421 562 494 secundum
585 438 726 488 caruem
749 426 785 484 et
803 413 966 503 desperat
990 422 1058 482 etc.
1109 405 1164 481 lta
1184 405 1239 476 vi·
1298 408 1502 503 enim„qni
1516 431 1592 480 non
1608 422 1792 502 permanet
1805 411 1846 482 in
1861 416 2029 498 omnibus
2043 429 2107 498 etc.
2142 415 2263 495 tutum

259 530 384 599 demus
395 516 455 594 tic
473 518 716 593 mulierculam
739 514 888 586 ridicule
910 513 1122 604 respondere
1137 503 1244 581 Chri·
1299 509 1459 604 quaestio
1489 522 1561 597 est,
1609 533 1717 606 quam
1745 515 1938 606 proponit,
1977 543 2059 590 cum
2087 520 2265 612 interroget,

260 644 332 715 sto,
366 625 541 722 siquidem
564 643 624 691 vas
646 641 720 688 non
749 612 896 700 habeat,
928 638 1004 684 nou
1028 609 1241 684 hausturum
1299 611 1365 686 ubi
1376 624 1539 703 oporteat
1563 615 1723 700 adorari,
1746 615 1769 684 i.
1786 639 1817 688 e.
1845 618 1937 690 sitne
1961 619 2024 692 illa
2039 622 2127 712 legis
2140 622 2266 705 iusticia,

262 753 406 826 aquam;
433 725 534 821 qnasi
550 723 698 792 diceret:
722 715 914 809 Quomodo
930 711 1022 786 milti
1034 715 1136 786 dabis
1153 712 1249 785 salu·
1300 736 1389 808 quae
1406 711 1667 888 Hierosoquois
1689 718 1930 807 praedicatur,
1956 724 2032 794 sola
2046 721 2123 794 Deo
2139 740 2265 816 accepta,

263 847 354 917 tem,
380 851 488 924 quam
503 825 577 918 ipse
592 817 816 893 nonhabes?
1301 839 1395 886 aune
1410 828 1551 908 praeter
1617 818 1793 889 uectium
1817 819 1887 892 alia
1907 827 2079 916 quaedam
2100 839 2165 898 etc.
2211 825 2267 898 lle-

1301 919 1453 1010 spondet
1467 912 1646 990 Christus:
1686 915 1835 1008 Mulier,
1867 927 1972 996 erede
1996 922 2105 1011 milti,
2131 927 2154 1002 i.
2169 951 2196 1002 c.
2215 923 2267 997 hoc

414 1001 605 1108 quuid
627 1014 666 1076 ιιι
692 1000 817 1074 maior
844 1024 880 1072 es
902 1009 1008 1100 patre
1034 1007 1097 1074 elo.
1300 1015 1393 1090 habe
1409 1041 1477 1110 pru
1493 1019 1633 1092 iusticia
1648 1025 1746 1114 quod
1768 1044 1832 1115 ego
1855 1027 2039 1118 praedico3
2067 1053 2141 1100 non
2161 1043 2210 1100 est
2226 1029 2270 1098 iu·

365 1142 527 1216 Primum
547 1137 756 1230 simpliciter
777 1135 899 1209 reiecit
921 1147 1090 1228 tanquam
1114 1133 1252 1224 ridicu·-
1301 1122 1401 1194 ttici&
1417 1119 1486 1194 Dei
1501 1122 1641 1196 ἱΰδῑῑῦὶᾶ
1659 1124 1757 1216 legit·
1863 1121 1866 1126 ⁵

264 1253 358 1334 lum,
391 1245 488 1341 quod
502 1238 667 1316 Christus
696 1239 843 1310 dixerat.
891 1235 999 1308 Nunc
1022 1237 1128 1308 etiam
1148 1258 1252 1325 argu-

263 1362 383 1422 mento
399 1359 554 1440 pugnat,
580 1341 681 1438 quasi
704 1341 851 1411 diceret:
894 1337 994 1428 Quid
1009 1361 1099 1430 opus
1114 1352 1165 1410 est
1179 1337 1250 1408 alia

263 1451 444 1534 doctrina,
467 1471 548 1519 curn
564 1441 757 1516 habeamus
772 1439 927 1512 Mosen?
950 1437 999 1512 Et
1011 1436 1124 1510 nunc:
1150 1437 1261 1528 Quid*
1405 1425 1465 1500 Sic
1490 1428 1646 1519 primum
1675 1430 1881 1503 ⁰⁰⁰⁸⁰¹³¹⁰1
1901 1434 2104 1521 mullerem,
2140 1450 2175 1508 ἃ
2195 1436 2274 1506 ludi·

264 1575 353 1648 opus
380 1564 432 1623 est
460 1551 539 1622 alia·
557 1546 738 1632 doctrina,
778 1566 859 1614 cum
889 1537 1084 1620 habeamus
1113 1553 1260 1614 sanctos·
1303 1543 1358 1601 cat
1371 1529 1425 1628 ⁹),
1458 1529 1635 1601 iusticiam
1662 1543 1696 1602 et
1724 1533 1923 1605 orationem
1952 1534 2274 1633 Hierosolymorum,

264 1654 404 1748 pm?
422 1643 424 1650 ’
1303 1628 1370 1702 hoc
1386 1643 1439 1702 est
1453 1630 1631 1702 iusticiam
1646 1632 1752 1722 legis,
1776 1657 1851 1706 non
1868 1661 1942 1708 esse
1955 1661 2046 1723 eam,
2071 1664 2163 1732 quae
2176 1662 2275 1710 coram
2323 1675 2324 1716 l

1303 1732 1381 1805 Deo
1396 1732 1569 1804 iustificet.
1620 1730 1747 1806 Postea
1763 1737 1891 1829 incipit
1912 1739 2132 1830 distinguere
2147 1739 2276 1812 ludaeos
2323 1723 2324 1774 ¹

1220 1895 1222 1900 .
1304 1835 1514 1925 agentibus.
1537 1832 1629 1905 Nam
1643 1860 1724 1906 cum
1741 1837 1915 1912 iusticiam
1931 1841 2019 1931 legis
2030 1842 2157 1924 reiicit,
2173 1845 2277 1936 quaeri

367 1941 550 2016 Hactenus
565 1936 687 2008 docuit
703 1929 865 2008 Christus
881 1927 1134 2023 Evangelium,
1156 1953 1264 2002 nunc*
1302 1949 1438 2036 potest,
1478 1930 1620 2006 nihilne
1642 1953 1822 2029 praestent
1844 1938 1967 2012 Iudaei
1991 1945 2185 2032 gentihus?
2230 1941 2277 2012 Sic

266 2048 393 2141 probat
420 2041 604 2114 miraculo.
668 2035 763 2109 Sunt
793 2035 890 2104 enim
921 2035 1021 2124 signa
1051 2034 1252 2107 testimonia
1305 2037 1438 2108 Paulus
1463 2038 1602 2131 quaerit
1624 2037 1732 2112 Rom.
1755 2038 1838 2113 tlt:
1881 2041 1980 2131 Quid
2011 2045 2122 2135 igitur
2143 2044 2277 2136 amplius

265 2147 383 2232 verbi,
410 2141 678 2216 Marciultimo.
711 2136 882 2209 Meminit
896 2150 1015 2207 autem
1030 2135 1252 2230 potissimum
1304 2139 1434 2212 Iudaeo
1467 2139 1542 2210 est?
1587 2137 1789 2232 Respondit
1820 2140 2010 2216 Christusc.
2042 2145 2117 2218 Vos
2141 2145 2276 2218 adoratis

265 2251 353 2335 viri,
386 2243 475 2342 quia
493 2241 728 2334 Evangelium
752 2252 802 2312 est
825 2237 1038 2329 praedicatio
1066 2238 1252 2330 poeniten·
1305 2242 1403 2336 quod
1423 2241 1567 2311 nescitis
1576 2293 1596 2331 ‚.
1621 2241 1703 2317 i.'e.
1730 2267 1793 2314 vos
1815 2246 1859 2324 de
1880 2235 1960 2319 Deo
1979 2270 2045 2319 nec
2068 2250 2207 2339 signum
2225 2268 2277 2316 nec

267 2355 349 2426 tiae.
399 2351 485 2422 Ideo
509 2358 699 2439 peccatum-
715 2339 857 2411 mulieri
879 2340 1090 2415 ostenditur.
1149 2336 1254 2410 Nunc
1305 2342 1453 2414 verbum
1470 2337 1623 2429 habetis3
1644 2351 1718 2422 snos
1729 2345 1918 2418 adoramus
1933 2351 2031 2442 quod
2051 2351 2201 2436 seimus,
2223 2350 2242 2422 i.
2255 2371 2279 2416 c.

268 2469 385 2527 autem
401 2450 490 2545 quid
506 2448 553 2519 sit
566 2443 726 2539 mysterii
741 2443 779 2510 in
795 2436 883 2528 hoc,
908 2442 1010 2536 quod
1021 2441 1139 2514 virum
1156 2440 1254 2512 iubet
1305 2465 1371 2515 uos
1388 2444 1433 2514 de
1446 2440 1524 2515 Deo
1540 2459 1575 2516 et
1588 2445 1730 2535 siguum
1743 2461 1778 2520 et
1792 2449 1941 2520 verbum
1958 2445 2144 2524 hebemus.
2194 2450 2282 2522 Salus

269 2575 446 2628 accersere
465 2561 548 2635 etc,
573 2547 636 2618 alii
652 2543 820 2618 viderint.
1306 2569 1348 2617 ex
1366 2544 1504 2616 ludaeis
1518 2559 1590 2631 cst,
1614 2548 1738 2640 idJest,
1764 2548 1810 2620 ad
1823 2548 1973 2634 ludaeos
1988 2553 2099 2624 factae
2115 2565 2198 2625 sunt
2211 2575 2280 2644 pro-

1306 2648 1493 2719 missiones
1515 2649 1560 2718 de
1575 2641 1740 2737 Christo,
1765 2665 1805 2722 ut
1821 2649 1928 2724 Rom.
1945 2651 2011 2729 Ill.
2035 2655 2184 2726 dicitur:
2209 2653 2280 2726 Cre-

1307 2749 1380 2820 dita
1396 2763 1481 2820 sunt
1494 2748 1567 2820 illis
1581 2751 1749 2822 vaticinia
1765 2749 1833 2822 Dei
1849 2766 1916 2829 etc.
1955 2751 2022 2828 Est
2035 2758 2157 2852 itaque
2172 2755 2280 2827 discri-

368 2845 562 2936 Couiungit
574 2843 785 2914 miraculum
798 2862 879 2911 cum
892 2839 1157 2940 praedicatione
1171 2863 1256 2934 poe·
1306 2873 1390 2920 rnen
1410 2851 1571 2942 gentium
1596 2865 1631 2922 et
1653 2850 1878 2929 ludaeorum.
1926 2852 1986 2926 Ad
1998 2856 2164 2938 Judaeos
2185 2859 2280 2928 factae

269 2953 450 3028 nitentiae.
1307 2965 1392 3024 sunt
1412 2952 1665 3045 promissiones
1679 2955 1724 3024 de
1740 2951 1903 3038 Christo,
1926 2960 2109 3049 adgentes
2122 2984 2197 3032 non
2212 2971 2283 3030 sunt
2323 2945 2324 2992 l

1307 3055 1427 3150 laetae.
1453 3051 1852 3144 ludaeitestimonium,
1877 3061 2025 3130 verbum
2038 3061 2126 3149 Dei,
2153 3059 2280 3141 habent,

424 3228 427 3232 ⁴
1308 3167 1426 3246 gentes
1441 3178 1516 3224 non
1530 3149 1681 3227 habent:
1724 3155 1794 3232 Sed
1812 3163 1857 3230 ad
1878 3160 2055 3234 iusticiam
2067 3161 2138 3234 Dei
2162 3161 2281 3234 neutris

370 3263 507 3336 Audito
531 3256 724 3342 miraculo,
762 3279 843 3326 cum
865 3254 936 3326 iam
956 3255 1098 3325 credere
1119 3253 1257 3347 incipit,
1307 3258 1427 3350 aliqua
1441 3257 1682 3348 praerogativa
1700 3273 1768 3344 eet,
1792 3275 1879 3341 utet
1887 3261 2020 3335 Paulus
2034 3265 2084 3337 ait
2095 3264 2203 3340 Rom.
2212 3262 2279 3332 lll.:

188 3375 193 3392 '
274 3370 391 3446 statim
406 3368 646 3451 interrogatur
661 3361 706 3428 de
721 3358 819 3429 cultu
834 3353 902 3426 Dei
919 3371 954 3428 et
970 3358 1013 3428 de
1029 3355 1179 3428 iusticia.
1211 3355 1258 3428 Et
1308 3359 1406 3448 Quid
1424 3381 1507 3449 ergo
1529 3361 1775 3449 praecellimus
1789 3365 1872 3434 eos?
1897 3388 2139 3460 nequaquam3
2167 3363 2283 3438 causati

271 3495 353 3547 cum
365 3465 488 3540 Iudaei
501 3463 569 3533 soli
581 3462 769 3532 videantur
783 3481 856 3529 esse
870 3458 1023 3551 populus
1038 3454 1123 3542 Dei,
1148 3482 1256 3552 quae·
1309 3460 1403 3530 enim
1435 3483 1557 3530 sumus
1601 3462 1671 3532 iam
1709 3479 1792 3536 ente
1824 3477 1859 3536 et
1889 3463 2036 3538 ludaeos
2066 3483 2102 3540 et
2131 3467 2283 3546 Graecos,

275 3576 384 3656 citur,
408 3591 454 3638 an
468 3565 574 3637 etiam
589 3563 635 3632 ad
650 3561 891 3633 Samaritanus
906 3559 1080 3651 pertineat
1095 3555 1258 3651 Evange-
1307 3583 1430 3632 omnes
1447 3563 1513 3632 sub
1532 3577 1674 3654 peceato
1698 3589 1790 3651 esse,
1813 3568 1860 3636 ·id
1881 3584 1949 3652 est,
1981 3573 2161 3642 neminem
2184 3589 2284 3661 neque

251 3657 373 3748 lium.
422 3667 520 3741 Haec
539 3664 636 3734 enim
654 3662 767 3755 prima
788 3674 840 3731 est
861 3661 1021 3753 quaestio
1041 3661 1199 3750 gentium
1222 3677 1256 3734 et
1309 3666 1402 3737 bona
1423 3688 1529 3755 opera
1546 3664 1700 3751 salvant3
1735 3692 1851 3762 neque
1871 3669 1967 3742 mala
1987 3672 2172 3745 damnant.
2223 3669 2284 3741 Sed

272 3771 436 3848 omnium
447 3778 690 3864 peccatorum,
715 3776 835 3834 utrum
858 3763 934 3831 sine
954 3763 1048 3852 lege,
1074 3763 1150 3833 sine
1171 3788 1257 3859 ope·
1308 3767 1420 3837 salvat
1446 3767 1554 3850 fides,
1604 3768 1751 3840 damnat
1778 3771 2017 3843 incredulitas.
2080 3770 2201 3868 Atque
2227 3767 2284 3840 hae
2323 3749 2324 3836 l

272 3879 373 3950 ribus
387 3873 576 3945 salvemur.
625 3864 696 3935 Hic
718 3866 922 3955 ignorantes
941 3859 1148 3954 Evangelii,
1173 3868 1258 3960 quia
1310 3880 1393 3938 sunt
1409 3867 1551 3938 divinae
1569 3868 1703 3958 gloriae
1724 3886 1760 3945 et
1780 3873 1911 3960 gratiae
1932 3874 2004 3944 Dei
2027 3889 2093 3946 etc.
2146 3875 2284 3966 Quarto,

273 4004 349 4056 non
369 3977 539 4056 credunt,
573 3992 610 4040 se
632 3969 709 4038 sine
726 3965 894 4059 operibns
916 3964 1064 4036 salutem
1088 3990 1257 4039 consecu·
1309 3971 1340 4040 si
1365 3969 1464 4038 nulla
1488 3982 1542 4039 est
1562 3971 1701 4041 iusticia
1722 3973 1829 4064 legis,
1863 3998 2057 4066 qnaeergo
2081 3990 2135 4048 est
2158 3975 2283 4048 iusticia

274 4097 373 4153 turos
387 4079 512 4148 vivant
525 4073 565 4141 iu
579 4085 746 4164 perpetua
762 4069 914 4163 quadam
929 4069 1182 4160 desperatione.
1308 4070 1401 4140 Dei?
1440 4066 1648 4162 Respondet
1675 4069 1853 4146 Christus:
1896 4073 2005 4149 Venit
2031 4073 2140 4162 hora,
2173 4081 2283 4155 idest,

474 4233 595 4318 Video
696 4230 794 4306 dPr
840 4230 900 4306 ht
1011 4246 1026 4306 ι
1310 4197 1390 4292 cum
1405 4173 1668 4291 praedicabitur
1680 4170 1914 4266 Evangelium
1925 4232 1944 4264 ,.
1962 4191 1997 4249 et
2012 4203 2108 4250 nunc
2121 4194 2185 4265 est,
2211 4176 2281 4271 quia

623 4261 694 4337 ‘lm'
794 4260 839 4335 ⁰P
869 4259 925 4306 Μ
949 4259 986 4307 ‘⁸
1028 4262 1062 4324 ¹¹²
1310 4299 1379 4345 1am
1395 4277 1620 4367 praedicatur
1633 4273 1889 4367 Evangelium‚
1916 4285 2060 4373 quando
2077 4283 2153 4352 veri
2167 4283 2280 4352 adora-

273 4386 356 4455 ideo
371 4382 461 4476 doce
471 4399 528 4448 me
539 4376 693 4457 ¹verbum,
706 4374 751 4443 de
765 4372 914 4446 iusticia.
1076 4420 1081 4434 ·
1310 4391 1403 4446 tores
1417 4377 1616 4447 adorabunt
1628 4391 1764 4468 patrem
1780 4380 1820 4448 iu
1834 4383 1961 4471 spiritu
1977 4397 2011 4452 ct
2028 4383 2176 4454 veritate
2190 4380 2281 4473 spiri-

642 4489 645 4494 '
1200 4553 1204 4560 ,
1310 4491 1386 4558 tus,
1418 4479 1495 4552 i.e.
1526 4503 1601 4548 non
1630 4481 1811 4569 pervices
1840 4484 1966 4554 carnis.
2024 4483 2200 4567 Veritate,
2222 4483 2281 4549 te.
2322 4489 2324 4508 ⁴

301 4655 304 4664 A
1312 4603 1385 4650 non
1399 4572 1579 4674 hypocrisi
1595 4581 1794 4655 cuiusmodi
1811 4587 2027 4656 suotomnia
2050 4587 2145 4656 hona
2163 4606 2281 4678 propo-

377 4683 610 4776 Posteaquom
630 4678 791 4751 mulieris
805 4679 1019 4762 conscientia
1035 4679 1178 4751 confuse
1195 4693 1257 4762 est,
1309 4682 1375 4752 sita
1403 4696 1439 4777 et
1465 4683 1560 4754 bona
1589 4706 1713 4774 opera,
1746 4707 1836 4779 quae
1867 4698 2014 4757 naturae
2040 4687 2177 4760 viribus
2195 4687 2283 4762 fiunt,

275 4791 370 4886 quod
394 4784 539 4857 initium
564 4797 616 4854 est
635 4781 894 4877 poenitentiae,
933 4804 1014 4851 mox
1045 4784 1090 4860 de
1118 4781 1256 4875 iusticia
1307 4807 1397 4877 quae
1410 4785 1529 4853 omnia
1546 4797 1629 4856 sunt
1646 4809 1743 4856 mera
1756 4783 1970 4860 mendacia.'
2003 4787 2158 4880 Spiritus
2172 4800 2279 4858 autem

276 4896 487 4980 interrogat,
513 4884 664 4971 scilicet,
698 4897 819 4956 utrum
840 4884 952 4954 solam
972 4884 1059 4976 legis
1081 4884 1256 4956 iusticiam
1307 4905 1482 4956 renovans
1497 4911 1577 4973 cor,
1597 4911 1730 4970 novum
1752 4889 1892 4974 lumen,
1920 4911 2050 4960 novem
2068 4893 2197 4975 vitam,
2219 4888 2240 4956 i.
2254 4909 2278 4953 e.

275 4996 400 5086 probet
416 4988 533 5074 Deus,
556 5011 604 5056 an
624 4999 659 5058 et
679 4986 783 5056 aliam
808 4987 1009 5080 quandam,
1035 4987 1179 5080 quando
1193 5010 1255 5077 pa·
1306 5010 1368 5056 cor
1381 4987 1583 5078 cognitione
1599 4987 1689 5074 Dei,
1715 4991 1797 5075 lide,
1822 5003 1857 5060 et
1873 5005 1969 5064 metu
1984 4989 2052 5064 Dei
2066 5005 2100 5062 et
2114 4993 2198 5084 odio
2212 5009 2278 5058 car·

273 5110 343 5188 tres
365 5095 472 5186 etiam
493 5091 570 5162 sine
592 5090 668 5180 lege
691 5088 899 5181 placuerunt
916 5087 1017 5161 Deo?
1057 5088 1117 5161 Sic
1140 5088 1260 5160 solent
1305 5089 1364 5159 nis
1378 5102 1412 5162 et
1427 5090 1612 5162 universae
1634 5092 1938 5184 concupiscentiae
1964 5093 2136 5179 carnalis,
2169 5113 2279 5164 accen·

275 5219 398 5277 omnes
412 5196 576 5264 conlusae
589 5191 825 5263 conscientiae
837 5213 1014 5284 quaerere,
1040 5212 1134 5261 anne
1150 5191 1261 5272 etiam.
1304 5242 1508 5260 .........

1306 1285 1386 1363 Vos
1409 1286 1583 1362 odoratis
1602 1287 1707 1392 quod
1728 1292 1894 1381 nescitis,
1921 1319 1989 1368 nos
2012 1283 2271 1371 adoramusetc.

498 1793 546 1876 V
539 1795 626 1886 ode,
653 1820 738 1869 voca
766 1799 885 1868 virum
911 1803 1029 1868 tuum.
1123 1795 1126 1802 ’

360 2699 376 2716 ’
454 2707 626 2811 Quinque
647 2707 745 2781 enim
770 2703 868 2778 viros
892 2697 1072 2780 habuisti.
1134 2695 1138 2704 ’

427 3105 560 3184 Patres
586 3103 706 3177 nostri
726 3101 771 3184 ,in
797 3111 917 3173 monle
942 3096 1011 3172 hoc
1036 3111 1098 3179 etc.

529 4539 674 4622 Melies
696 4535 795 4612 crede
815 4534 913 4612 milti
934 4549 996 4617 etc.

275 5298 380 5368 aliam
394 5294 567 5366 iusticiam
584 5295 760 5392 quandam
783 5293 909 5382 probet
921 5290 1017 5364 Deus
1034 5308 1172 5385 praeter
1198 5293 1254 5364 iu·
1338 5323 1371 5384 ε)
1389 5323 1517 5383 cnseat]
1535 5321 1601 5376 ros.
1619 5319 1774 5385 culturare.
