4674 5822
211 195 310 292 tus

211 393 291 440 rum
307 389 398 450 esse,
424 383 489 432 nec
503 357 659 452 peccari,
683 357 802 427 sinon
819 355 918 439 liant,
943 374 1008 426 nee
1022 349 1205 424 iustificari

126 495 134 510 ·
212 474 242 542 si
260 471 357 544 liant.
409 464 479 536 Sed
497 464 610 534 utitur
632 461 778 552 spiritus
793 456 949 528 externis
965 459 1071 528 rebus
1087 456 1205 527 omui-

213 575 299 658 bus,
340 582 448 662 prout
473 563 628 657 postulat
658 563 744 632 fides
766 574 801 632 et
823 555 986 634 charitas.
1043 557 1207 642 Peccaut,

214 675 332 770 quiin
350 669 417 742 hoc
431 670 566 740 iaciunt
580 687 707 756 opera,
732 676 773 734 ut
788 685 850 756 per
870 661 932 730 illa
955 661 1205 746 iustificentur;

212 788 372 870 percant,
394 773 456 867 qui
471 769 605 840 carnali
620 767 814 838 temeritate
828 763 975 834 violant.
1002 762 1095 834 Sunt
1111 763 1206 832 enirn

215 881 387 948 elementa
404 873 531 945 mundi
547 869 778 956 ceremoniae,
792 868 923 963 quibus
936 866 988 938 uti
1004 867 1090 936 citra
1106 887 1207 936 scau·

214 981 337 1060 datum
353 979 531 1050 debemus.

316 1195 446 1270 Semen
462 1183 641 1291 Abrahae
663 1211 812 1274 sumus,
835 1193 867 1257 el
889 1182 1029 1256 nmini
1042 1193 1104 1258 etc.

319 1352 426 1443 Quod
450 1347 573 1420 ludaei
598 1343 831 1436 respondent,
863 1364 898 1411 se
926 1362 1112 1433 nunquam
1134 1359 1208 1406 ser-

216 1460 325 1542 visse,
354 1451 573 1541 Augustinus
590 1471 648 1518 eos
666 1445 874 1536 simpliciter
887 1444 1004 1533 arguit
1020 1439 1207 1510 mendacii.

215 1561 292 1650 Ego
308 1561 352 1628 de
370 1557 467 1638 iure,
488 1575 562 1624 non
583 1553 626 1620 de
643 1549 734 1618 facto
753 1547 852 1640 loqui
870 1543 1020 1616 ludaeos
1035 1543 1209 1630 intelligo.

215 1661 308 1735 Nam
330 1673 364 1730 et
384 1659 452 1750 ipsi
476 1655 532 1726 ius
553 1664 743 1724 causantur
764 1673 844 1720 cum
863 1647 1048 1741 inquiunt:
1079 1643 1207 1715 Semen

216 1760 383 1836 Abrahae
396 1773 535 1843 sumus‘,
562 1757 586 1826 i.
601 1779 631 1828 e.
651 1751 750 1824 nulla
770 1774 855 1840 gens
878 1749 1065 1820 autoritate
1087 1745 1207 1816 divina

217 1879 342 1958 regnat
356 1877 417 1932 aut
432 1875 560 1930 terram
574 1857 728 1950 possidet
744 1867 883 1944 praeter
897 1876 1015 1922 semen
1031 1841 1209 1934 Abrabae,

218 1971 316 2066 quod
343 1963 520 2058 peculium
544 1960 616 2032 Dei
640 1971 710 2038 est,
742 1956 800 2026 cui
820 1953 1009 2046 promissio
1032 1953 1122 2022 iacta
1146 1963 1209 2030 est,

217 2086 260 2144 ut
297 2069 528 2140 dominentur
577 2058 1011 2132 omniuminimicorum
1050 2077 1208 2134 suorum,

218 2167 441 2247 Genxxtl.
473 2168 559 2238 Ideo
575 2163 683 2234 liberi
696 2175 798 2232 erant
815 2159 948 2242 ludaei.
1001 2155 1096 2248 Quia
1113 2155 1210 2224 enim

217 2277 274 2347 lex
296 2271 447 2346 habebat
472 2267 628 2340 carnales
650 2264 823 2347 iusticias,
851 2261 1010 2352 oportuit
1033 2274 1067 2329 et
1091 2259 1209 2327 locum

85 2395 91 2414 ³
218 2378 299 2450 dari
326 2374 459 2468 populo
490 2370 686 2442 carnalium
707 2351 929 2437 iusticiarum
952 2361 1210 2433 conservanda-

121 2529 125 2536 ·
217 2505 318 2565 rum,
342 2491 383 2548 ut
404 2478 548 2546 duraret
568 2471 722 2565 populus
745 2470 858 2539 donec
881 2465 1020 2536 veniret
1034 2458 1209 2534 Christus.

70 2561 73 2570 Ι
110 2635 119 2650 s
218 2565 292 2656 Sed
321 2581 366 2652 ad
397 2574 490 2650 hanc
514 2576 692 2646 carnalem
722 2571 923 2640 libertatern
955 2567 1154 2638 retulerunt
1177 2577 1211 2634 et

219 2677 425 2776 prophetias
454 2682 498 2749 de
523 2673 667 2750 Christo
690 2671 832 2752 Iudaei,
874 2665 999 2741 Erech.
1022 2663 1210 2738 XXXIV.:

97 2851 100 2864 .
218 2786 304 2858 Non
326 2785 520 2878 portabunt
543 2773 916 2873 ampliusyopprohria
937 2772 1105 2862 gentium.
1163 2764 1211 2838 Et

219 2889 399 2960 finxerunt
415 2883 591 2956 carnalem
606 2881 785 2976 quandam
801 2878 1000 2946 libertatern
1018 2887 1052 2945 et
1070 2871 1211 2940 carnale

218 2991 430 3086 imperium,
470 3012 540 3081 quo
565 2981 785 3058 dominaturi
804 2991 918 3052 essent
942 2977 1105 3046 omnium
1126 2996 1212 3063 gen-

219 3095 311 3166 tium
325 3108 408 3180 etc,
437 3115 516 3164 cum
535 3102 652 3159 tamen
675 3085 782 3154 vitam
807 3095 984 3155 aeternam
1009 3093 1044 3148 et
1064 3099 1211 3166 regnunt

219 3211 406 3268 aeternum
424 3187 740 3287 promiseritDeus,
757 3180 1015 3257 Hier.XXXl.:
1042 3179 1211 3250 Sanctum

220 3299 361 3370 domini
376 3322 451 3367 non
466 3293 654 3372 evelletur,
680 3303 714 3360 ει
738 3305 813 3356 non
836 3289 1039 3355 destruetur
1059 3282 1152 3354 ultra
1174 3280 1212 3348 in

222 3415 447 3495 perpetuum.
498 3396 600 3468 Sicut
624 3408 659 3464 et
679 3392 825 3482 angelus
847 3387 933 3458 Luc.
954 3385 982 3460 l.
1005 3383 1212 3478 promissio-

222 3525 286 3574 nes
303 3501 462 3594 exponit:
496 3497 605 3568 Dabit
630 3496 684 3564 illi
703 3493 868 3564 domiuus
885 3487 982 3558 Deus
1004 3490 1122 3557 sedern
1140 3481 1213 3556 Da-

222 3605 291 3677 vid.
302 3604 411 3697 patris
426 3602 520 3680 eius,
546 3614 580 3671 et
602 3597 764 3686 reguabit
787 3595 826 3662 in
850 3595 957 3662 domo
974 3588 1080 3661 Iacob
1097 3589 1136 3657 in
1156 3611 1214 3658 ae-

222 3723 387 3786 ternum,
414 3703 563 3792 et'regni
577 3701 653 3770 eius
668 3721 741 3768 non
758 3697 824 3768 erit
838 3693 931 3767 linis.
982 3687 1107 3777 Porro,
1130 3690 1213 3783 quia

224 3811 297 3882 vita
318 3822 460 3878 aeterna
483 3820 517 3877 et
541 3827 689 3894 regnum
716 3813 896 3870 aeternum
919 3795 1092 3887 promissa
1119 3808 1214 3872 sunt,

224 3935 365 3984 necesse
381 3910 474 3994 erat,
500 3921 649 3977 mortem
665 3919 698 3974 et
714 3901 837 3973 mortis
852 3921 1011 3976 causam,
1035 3908 1213 3987 peccatum
1270 3965 1272 3974 ,

224 4016 323 4101 ιοΙΙί,
348 4013 438 4084 sicut
460 4011 571 4103 prima
588 4007 773 4101 promissio
795 4002 944 4072 indicat:
976 3997 1074 4070 Evae
1094 4020 1213 4067 semen

227 4130 385 4190 conteret
412 4129 517 4208 caput
543 4111 715 4202 serpentis
741 4122 805 4179 etc.
870 4101 994 4196 ltaque
1022 4102 1133 4172 factus
1164 4113 1215 4170 est

226 4216 389 4292 Christus
399 4227 485 4302 rex,
511 4230 612 4316 parta
628 4213 773 4282 libertas
789 4222 856 4292 est,
882 4207 906 4274 i.
920 4231 950 4279 e.
969 4201 1040 4272 vita
1055 4218 1214 4288 aeterna3

152 4357 156 4367 ⁴
227 4334 409 4413 peccatum
434 4305 477 4390 et*
488 4339 585 4388 mors
608 4331 690 4386 sunt
714 4325 889 4382 evacuata.
948 4304 1046 4376 Haec
1071 4308 1215 4374 libertas

228 4439 280 4494 est
297 4417 667 4512 incomprehensibilis
681 4414 797 4496 carni,
824 4435 928 4505 quam
944 4410 1105 4501 promisit
1121 4407 1215 4478 Deus

228 4550 250 4599 a
266 4525 461 4617 principio,
494 4536 530 4593 et
549 4518 721 4611 praestitit
739 4519 776 4585 in
792 4511 946 4585 Christo.
1004 4511 1053 4581 Et
1074 4506 1142 4580 hoo
1165 4525 1215 4579 est

227 4629 324 4722 quod
339 4623 532 4719 Apostolus
544 4623 652 4696 Rom.
673 4617 738 4692 lv.
752 4618 853 4696 dicit:
881 4609 1050 4684 Abrahae
1064 4613 1215 4705 promis-

227 4755 301 4802 sam
317 4724 570 4800 haereditatem
598 4723 744 4809 mundi,
769 4721 866 4814 quod
887 4730 940 4786 est
953 4717 1080 4786 semini
1097 4716 1216 4784 Abra-

227 4830 315 4919 hae,
339 4833 363 4907 i.
379 4857 409 4903 ε.
431 4825 574 4900 Christo
596 4829 808 4918 promissum
832 4843 923 4902 esse,
949 4830 988 4888 ut
1013 4819 1058 4888 sit
1082 4813 1216 4898 haeres,

738 174 760 242 .-’
796 147 923 257 euru
949 175 1070 258 uun
1094 140 1306 256 suarem
1333 174 1663 260 rxnourtca..

2149 177 2253 260 atet

1379 349 1523 430 Omnis·
1536 351 1689 460 jaciens
1714 364 2050 456 peccaturuservus
2072 362 2137 432 est.

1323 505 1332 518 '
1357 490 1566 588 Respondet
1574 489 1739 566 Christus
1756 495 1971 566 transferens
1986 517 2061 566 rem
2078 493 2120 562 ad
2136 491 2256 562 servi-

1257 607 1367 668 tutem
1395 611 1430 668 et
1453 598 1670 684 libertatem,
1708 599 1753 668 cle
1777 621 1847 692 qua
1870 595 2013 690 proprie
2034 595 2145 668 iactae
2169 607 2259 668 sunt

1258 697 1521 790 promissiones,
1540 700 1639 794 quasi
1656 699 1862 772 sicdiceret:
1888 697 2017 770 Nonne
2031 693 2259 768 morsadhue

1259 800 1369 870 saevit
1389 801 1427 869 in
1450 827 1530 888 vos,
1563 816 1599 873 et
1623 797 1740 874 adhuc
1762 802 1936 894 peccatis?
1980 821 2063 890 ergo
2088 801 2257 872 nondum

1258 901 1365 974 liberi
1381 902 1474 977 estis.
1505 901 1611 974 Pater
1627 905 1789 994 promisit
1803 927 1921 974 reram
1938 903 2158 982 libertatem,
2185 925 2277 994 qua2

1259 1006 1409 1076 servitus
1432 1006 1531 1076 fieret
1553 1005 1669 1075 irrita:
1696 1030 1801 1102 quam
1824 1007 1889 1076 (liu
1903 1006 2043 1076 servitis
2061 1019 2204 1096 peccato
2221 1015 2260 1074 ει

1261 1107 1388 1192 morti,
1422 1109 1559 1178 tamdiu
1582 1104 1699 1180 adhuc
1720 1107 1882 1194 servitis,
1916 1131 1999 1198 ergo
2024 1107 2186 1178 nondum
2209 1105 2260 1173 li-

1260 1211 1337 1280 beri
1364 1211 1459 1282 estis.
1520 1209 1709 1292 Secundo,
1738 1211 1889 1296 ‚libertas
1912 1210 2084 1300 promissa
2105 1208 2260 1294 confert,

1260 1325 1299 1382 ut
1314 1311 1358 1381 sit
1376 1314 1414 1382 in
1431 1326 1611 1384 aeternum
1629 1311 1668 1382 in
1681 1313 1788 1384 domo
1806 1314 1847 1399 is,
1873 1315 1937 1406 qui
1950 1314 2063 1384 lactus
2080 1325 2131 1382 est
2146 1311 2260 1380 liber:

1260 1413 1357 1486 solus
1385 1413 1480 1486 iilius
1509 1415 1547 1484 in
1573 1429 1757 1488 aeternum
1783 1417 1822 1484 in
1845 1417 1953 1486 domo
1984 1427 2055 1498 est,
2084 1435 2168 1502 ergo
2192 1433 2260 1481 vos

1261 1517 1421 1586 nondum
1438 1515 1543 1586 liberi
1559 1517 1653 1591 estis.
1705 1516 1849 1602 Tertio,
1875 1519 1905 1586 si
1919 1517 2016 1587 solus
2031 1516 2124 1585 lilius
2141 1515 2179 1582 in
2198 1539 2260 1584 ae-

1261 1634 1400 1690 ternum
1423 1619 1461 1686 in
1483 1621 1590 1690 domo
1613 1631 1682 1702 est,
1713 1643 1797 1709 ergo
1818 1643 1924 1690 nemo
1949 1619 2042 1688 liber
2062 1618 2152 1702 erit,
2186 1615 2261 1686 nisi

1260 1714 1365 1815 quem
1379 1720 1472 1791 filius
1489 1721 1705 1792 liberaverit.
1756 1721 1889 1794 Servus
1903 1735 1955 1793 est
1969 1721 2122 1813 pcccati,
2148 1719 2263 1790 adeo-

1261 1847 1330 1916 que
1346 1846 1427 1892 reus
1449 1825 1591 1910 mortis,
1617 1837 1711 1894 etse
1734 1823 1886 1894 liberare
1907 1848 1981 1894 non
2004 1835 2138 1915 potest,
2164 1823 2259 1892 adeo

1262 1919 1354 1993 uiltil
1376 1939 1429 1996 est
1451 1924 1605 1996 liberum
1631 1927 1830 1998 arbitrium.
1882 1923 2013 1998 Servus
2036 1948 2109 1995 non
2133 1935 2260 1993 manet

1262 2041 1351 2112 etc.,
1378 2027 1402 2102 i.
1419 2052 1450 2098 e.
1467 2051 1541 2098 nou
1560 2041 1612 2098 est
1627 2024 1750 2099 haeres
1770 2029 2064 2121 promissionum
2092 2049 2174 2116 ergo
2193 2049 2262 2094 nee

1261 2151 1324 2198 vos
1338 2130 1421 2202 estis
1435 2123 1604 2203 haeredes
1622 2131 1814 2222 promissae
1829 2131 2022 2214 libertatis,
2056 2129 2139 2222 quia
2161 2127 2261 2197 servi

1261 2231 1356 2302 estis.
1408 2229 1523 2302 Filius
1544 2246 1660 2302 autem
1678 2247 1798 2326 manet
1821 2234 1861 2302 in
1884 2247 2079 2304 aeternum.
2131 2227 2185 2301 lta
2210 2229 2261 2297 si-

1262 2333 1338 2403 mul
1361 2347 1501 2404 accusat
1516 2357 1641 2410 omnes
1667 2329 1830 2404 homines
1854 2335 2004 2426 peccati,
2035 2355 2116 2402 cum
2139 2331 2261 2401 solum

1261 2435 1375 2505 lilium
1407 2450 1582 2508 asseverat
1611 2459 1753 2508 manere
1772 2439 1821 2506 in
1848 2439 1957 2508 domo
1987 2433 2097 2530 patris
2128 2434 2168 2504 in
2197 2457 2261 2504 ae-

1262 2551 1420 2612 ternum.

1447 2687 1496 2762 Si
1516 2711 1602 2785 ergo
1626 2711 1688 2762 vos
1709 2683 1824 2785 filius
1846 2687 2070 2766 liberaverit.

1364 2839 1434 2914 Hic
1464 2843 1585 2930 docet,
1623 2845 1803 2936 quomodo
1829 2868 1895 2914 nos
1925 2857 1960 2914 et
1983 2843 2108 2914 hamus
2136 2841 2262 2930 liberi,

1263 2968 1325 3016 seu
1349 2941 1518 3014 haeredes
1538 2946 1732 3036 promissae
1757 2947 1948 3028 libertatis,
1974 2946 2106 3016 erimus
2125 2960 2262 3031 autem,

1263 3048 1293 3117 si
1318 3048 1412 3116 lilius
1438 3071 1505 3116 nos
1535 3047 1678 3117 liberet:
1712 3071 1795 3140 ergo
1816 3071 1891 3118 nou
1913 3049 2109 3120 liberamur
2129 3047 2264 3119 nostris

1264 3149 1399 3220 viribus
1416 3163 1477 3220 aut
1494 3147 1673 3241 operibus.

1434 3291 1537 3408 scra,
1562 3314 1664 3421 quaa
1679 3315 1767 3415 flur
1792 3313 1969 3391 aeratae
1992 3317 2088 3392 sata.

1367 3453 1527 3540 Scilicet,
1552 3461 1746 3531 secundum
1769 3482 1923 3529 carnem.
1975 3455 2109 3543 Porro,
2138 3480 2260 3526 semen

1265 3562 1460 3630 secundum
1497 3580 1638 3630 carnem
1669 3585 1743 3630 non
1772 3574 1824 3630 est
1857 3555 1979 3630 haeres
2009 3559 2262 3652 promissionis

1265 3661 1376 3731 factae
1392 3657 1577 3745 Abrahae,
1605 3665 1666 3734 sed
1690 3685 1809 3732 semen
1824 3663 2019 3732 secundum
2037 3663 2262 3746 electionem,

1266 3759 1418 3854 horest,
1452 3765 1515 3858 qui
1539 3790 1578 3834 ea
1600 3761 1682 3836 ude·
1692 3765 1806 3835 renati
1831 3779 1932 3848 sunt,
1958 3788 2026 3858 qua
2049 3765 2262 3836 iustificatos

1265 3879 1317 3936 est
1342 3862 1527 3938 Abraham
1558 3881 1593 3938 et
1623 3868 1736 3938 sactus
1767 3881 1865 3958 pater
1891 3891 1965 3937 non
1988 3859 2095 3938 huius
2117 3880 2261 3936 tantum

1266 3968 1408 4060 populi,
1433 3971 1492 4038 sed
1510 3967 1671 4044 omniurn
1696 3969 1867 4058 gentium.
1920 3967 1969 4039 Hi
1991 3965 2058 4040 filii
2072 3967 2140 4038 Dei
2164 3983 2263 4050 sunt,

1267 4071 1361 4142 iuxta
1382 4071 1489 4142 illud:
1518 4069 1591 4160 Qui
1613 4097 1687 4142 non
1705 4068 2014 4162 exsanguinibus,
2040 4074 2100 4142 sed
2123 4095 2166 4140 ex
2182 4069 2262 4139 Deo

1267 4175 1340 4242 nati
1359 4189 1462 4259 sunt,
1490 4171 1615 4246 loann.
1633 4171 1660 4243 l.
1709 4169 1811 4244 Adeo
1829 4175 1928 4245 nulla
1942 4177 1995 4244 'est
2015 4174 2262 4266 praerogativa

1266 4277 1401 4358 carnis,
1426 4300 1576 4366 operum
1590 4276 1656 4347 ulli
1674 4271 1810 4348 homini
1828 4301 1911 4370 prae
1931 4277 2011 4362 alio,
2029 4291 2070 4348 ut
2091 4276 2262 4345 iustifice-

1267 4391 1343 4464 tur,
1367 4380 1428 4448 sed
1453 4381 1589 4450 donum
1605 4377 1675 4447 Dei
1699 4391 1751 4452 est
1772 4380 1841 4450 fide
1862 4380 2086 4451 iustificantis
2107 4403 2262 4474 quomo·

1260 4483 1455 4576 docunque
1469 4483 1676 4574 peccaveris.

1513 4659 1705 4762 Quaeritis
1724 4688 1779 4736 me
1803 4661 2010 4761 interficere.

1369 4815 1531 4898 Scilicet,
1568 4819 1650 4911 quia
1674 4820 1814 4889 carnale
1834 4843 1951 4891 semen
1975 4817 2143 4892 Abrahae
2165 4820 2261 4904 estis,

228 4934 253 5008 i.
271 4960 301 5004 ε.
323 4935 490 5004 dominus
513 4931 693 5013 omnium,
726 4937 760 4998 ει
783 4926 821 4994 in
839 4918 982 4993 Christo
1005 4917 1216 4991 cohaeredes
1268 4920 1349 4990 ideo
1365 4921 1533 5012 quaeritis
1555 4945 1611 4989 me
1635 4921 1848 4992 interlicere:
1880 4923 1976 4994 iuxta
2000 4923 2108 4993 illud:
2134 4919 2184 4992 Et
2205 4923 2261 4992 sui

229 5060 353 5105 omnes
382 5038 509 5107 fratres
540 5033 625 5103 eius.
684 5030 815 5102 Semen
841 5017 1026 5107 Abrahae,
1066 5024 1089 5092 i.
1103 5048 1133 5094 e.
1158 5021 1215 5094 cui
1267 5047 1347 5091 euru
1367 5046 1441 5091 non
1462 5038 1681 5115 receperunt.
1734 5023 2011 5097 Psalm.XVlI.:
2037 5024 2122 5094 Filii
2149 5025 2261 5094 alieni

231 5139 485 5232 promissa'est
512 5138 668 5207 libertas.
736 5127 880 5202 Nemini
905 5127 1116 5196 servivimus
1147 5150 1216 5194 un·
1268 5125 1407 5196 mentiti
1431 5139 1516 5195 sunt
1540 5123 1641 5200 milti.
1700 5124 1795 5217 Quia
1819 5150 1935 5199 sermo
1960 5145 2047 5212 etc„
2073 5129 2098 5202 i.
2121 5151 2151 5202 e.
2175 5129 2259 5222 quia

228 5263 358 5332 quarn,
411 5240 448 5310 id
489 5254 559 5320 est,
613 5259 694 5312 cum
736 5235 807 5304 iam
850 5243 952 5300 antea
999 5229 1077 5298 iure
1112 5229 1216 5299 liberi
1267 5251 1333 5402 ppo
1361 5227 1560 5319 intelligitis
1580 5251 1650 5300 nec
1671 5230 1796 5322 capitis
1816 5255 1996 5304 sermones
2025 5254 2142 5318 meos,
2176 5230 2260 5324 quia

228 5341 351 5412 simus.
1302 5329 1336 5400 ei
1360 5343 1453 5410 suut.
