<?xml version="1.0" encoding="UTF-8"?>
<!DOCTYPE html PUBLIC "-//W3C//DTD XHTML 1.0 Transitional//EN"
    "http://www.w3.org/TR/xhtml1/DTD/xhtml1-transitional.dtd">
<html xmlns="http://www.w3.org/1999/xhtml" xml:lang="en" lang="en">
 <head>
  <title>
</title>
<meta http-equiv="Content-Type" content="text/html;charset=utf-8" />
  <meta name='ocr-system' content='tesseract 3.04.00' />
  <meta name='ocr-capabilities' content='ocr_page ocr_carea ocr_par ocr_line ocrx_word'/>
</head>
<body>
  <div class='ocr_page' id='page_1' title='image "./corpusreformato24melagoog/corpusreformato24melagoog_0518.png"; bbox 0 0 4674 5822; ppageno 0'>
   <div class='ocr_carea' id='block_1_1' title="bbox 61 156 2101 248">
    <p class='ocr_par' dir='ltr' id='par_1_1' title="bbox 61 156 2101 248">
     <span class='ocr_line' id='line_1_1' title="bbox 61 156 2101 248; baseline 0.001 -7"><span class='ocrx_word' id='word_1_1' title='bbox 61 161 160 244; x_wconf 80' lang='lat'>1045</span> <span class='ocrx_word' id='word_1_2' title='bbox 360 163 445 248; x_wconf 87' lang='lat' dir='ltr'><strong>xtt.</strong></span> <span class='ocrx_word' id='word_1_3' title='bbox 494 161 889 244; x_wconf 72' lang='lat' dir='ltr'><strong>attttoutt&#39;rtotttts</strong></span> <span class='ocrx_word' id='word_1_4' title='bbox 912 159 981 242; x_wconf 76' lang='lat' dir='ltr'><strong>ET</strong></span> <span class='ocrx_word' id='word_1_5' title='bbox 1006 156 1288 241; x_wconf 70' lang='lat' dir='ltr'><strong>couctotttus</strong></span> <span class='ocrx_word' id='word_1_6' title='bbox 1313 159 1365 237; x_wconf 81' lang='grc' dir='ltr'><strong>ΙΝ</strong></span> <span class='ocrx_word' id='word_1_7' title='bbox 1390 157 1576 238; x_wconf 74' lang='lat' dir='ltr'><strong>uvsttu.</strong></span> <span class='ocrx_word' id='word_1_8' title='bbox 1599 157 1813 242; x_wconf 78' lang='lat' dir='ltr'><strong>tosttttts.</strong></span> <span class='ocrx_word' id='word_1_9' title='bbox 2001 169 2101 246; x_wconf 80' lang='grc'>1046</span> 
     </span>
    </p>
   </div>
   <div class='ocr_carea' id='block_1_2' title="bbox 59 329 2102 434">
    <p class='ocr_par' dir='ltr' id='par_1_2' title="bbox 59 329 2102 434">
     <span class='ocr_line' id='line_1_2' title="bbox 59 329 2102 434; baseline 0.002 -22"><span class='ocrx_word' id='word_1_10' title='bbox 59 341 108 412; x_wconf 88' lang='lat' dir='ltr'><strong>sic</strong></span> <span class='ocrx_word' id='word_1_11' title='bbox 130 339 230 414; x_wconf 86' lang='lat' dir='ltr'><strong>fiunt</strong></span> <span class='ocrx_word' id='word_1_12' title='bbox 255 335 387 433; x_wconf 87' lang='lat' dir='ltr'><strong>primi,</strong></span> <span class='ocrx_word' id='word_1_13' title='bbox 412 352 447 414; x_wconf 86' lang='lat' dir='ltr'><strong>et</strong></span> <span class='ocrx_word' id='word_1_14' title='bbox 461 339 570 433; x_wconf 91' lang='lat' dir='ltr'><strong>primi</strong></span> <span class='ocrx_word' id='word_1_15' title='bbox 583 336 781 415; x_wconf 84' lang='lat' dir='ltr'><strong>novissimi.</strong></span> <span class='ocrx_word' id='word_1_16' title='bbox 831 335 998 434; x_wconf 85' lang='lat' dir='ltr'><strong>Denique</strong></span> <span class='ocrx_word' id='word_1_17' title='bbox 1011 351 1065 412; x_wconf 90' lang='lat' dir='ltr'><strong>te·</strong></span> <span class='ocrx_word' id='word_1_18' title='bbox 1117 332 1334 430; x_wconf 72' lang='lat' dir='ltr'><strong>Quanquam</strong></span> <span class='ocrx_word' id='word_1_19' title='bbox 1362 335 1393 407; x_wconf 86' lang='lat' dir='ltr'><strong>si</strong></span> <span class='ocrx_word' id='word_1_20' title='bbox 1414 332 1644 407; x_wconf 79' lang='lat' dir='ltr'><strong>inexorabilis</strong></span> <span class='ocrx_word' id='word_1_21' title='bbox 1664 329 1824 410; x_wconf 76' lang='lat' dir='ltr'><strong>Achilles</strong></span> <span class='ocrx_word' id='word_1_22' title='bbox 1845 337 1913 412; x_wconf 85' lang='lat' dir='ltr'><strong>iste</strong></span> <span class='ocrx_word' id='word_1_23' title='bbox 1933 339 2102 416; x_wconf 84' lang='lat' dir='ltr'><strong>voluisset</strong></span> 
     </span>
    </p>
   </div>
   <div class='ocr_carea' id='block_1_3' title="bbox 59 431 2240 530">
    <p class='ocr_par' dir='ltr' id='par_1_3' title="bbox 59 431 2240 530">
     <span class='ocr_line' id='line_1_3' title="bbox 59 431 2240 530; baseline 0 -16"><span class='ocrx_word' id='word_1_24' title='bbox 59 454 175 515; x_wconf 90' lang='lat' dir='ltr'><strong>statur</strong></span> <span class='ocrx_word' id='word_1_25' title='bbox 198 464 283 514; x_wconf 87' lang='lat' dir='ltr'><strong>sese</strong></span> <span class='ocrx_word' id='word_1_26' title='bbox 307 437 436 514; x_wconf 85' lang='lat' dir='ltr'><strong>harum</strong></span> <span class='ocrx_word' id='word_1_27' title='bbox 458 441 731 516; x_wconf 74' lang='lat' dir='ltr'><strong>annotationum</strong></span> <span class='ocrx_word' id='word_1_28' title='bbox 754 464 830 512; x_wconf 91' lang='lat' dir='ltr'><strong>nou</strong></span> <span class='ocrx_word' id='word_1_29' title='bbox 850 441 943 512; x_wconf 86' lang='lat' dir='ltr'><strong>velle</strong></span> <span class='ocrx_word' id='word_1_30' title='bbox 962 452 1065 514; x_wconf 84' lang='lat' dir='ltr'><strong>auto·</strong></span> <span class='ocrx_word' id='word_1_31' title='bbox 1117 437 1193 530; x_wconf 74' lang='lat' dir='ltr'><strong>ipse</strong></span> <span class='ocrx_word' id='word_1_32' title='bbox 1216 459 1280 528; x_wconf 79' lang='lat' dir='ltr'><strong>per</strong></span> <span class='ocrx_word' id='word_1_33' title='bbox 1302 458 1376 510; x_wconf 75' lang='lat' dir='ltr'><strong>tote</strong></span> <span class='ocrx_word' id='word_1_34' title='bbox 1398 431 1608 512; x_wconf 85' lang='lat' dir='ltr'><strong>rhetoricari</strong></span> <span class='ocrx_word' id='word_1_35' title='bbox 1628 436 1668 508; x_wconf 80' lang='lat' dir='ltr'><strong>iu</strong></span> <span class='ocrx_word' id='word_1_36' title='bbox 1689 431 1760 510; x_wconf 89' lang='lat' dir='ltr'><strong>hoc</strong></span> <span class='ocrx_word' id='word_1_37' title='bbox 1781 440 1923 530; x_wconf 88' lang='lat' dir='ltr'><strong>libello,</strong></span> <span class='ocrx_word' id='word_1_38' title='bbox 1945 445 2101 517; x_wconf 90' lang='lat' dir='ltr'><strong>multum</strong></span> <span class='ocrx_word' id='word_1_39' title='bbox 2235 437 2240 448; x_wconf 83' lang='lat'><em>&#39;</em></span> 
     </span>
    </p>
   </div>
   <div class='ocr_carea' id='block_1_4' title="bbox 60 537 2127 2474">
    <p class='ocr_par' dir='ltr' id='par_1_4' title="bbox 60 537 2127 2474">
     <span class='ocr_line' id='line_1_4' title="bbox 60 537 2101 636; baseline 0.002 -23"><span class='ocrx_word' id='word_1_40' title='bbox 60 567 134 614; x_wconf 87' lang='lat' dir='ltr'><strong>rem</strong></span> <span class='ocrx_word' id='word_1_41' title='bbox 159 543 329 636; x_wconf 70' lang='lat' dir='ltr'><strong>agnosci.</strong></span> <span class='ocrx_word' id='word_1_42' title='bbox 380 541 482 618; x_wconf 82' lang='lat' dir='ltr'><strong>Certe</strong></span> <span class='ocrx_word' id='word_1_43' title='bbox 497 543 605 616; x_wconf 90' lang='lat' dir='ltr'><strong>nimis</strong></span> <span class='ocrx_word' id='word_1_44' title='bbox 620 544 743 617; x_wconf 85' lang='lat' dir='ltr'><strong>nullus</strong></span> <span class='ocrx_word' id='word_1_45' title='bbox 758 557 810 616; x_wconf 87' lang='lat' dir='ltr'><strong>est</strong></span> <span class='ocrx_word' id='word_1_46' title='bbox 824 537 1013 636; x_wconf 90' lang='lat' dir='ltr'><strong>Philippus</strong></span> <span class='ocrx_word' id='word_1_47' title='bbox 1025 543 1065 616; x_wconf 88' lang='lat' dir='ltr'><strong>in</strong></span> <span class='ocrx_word' id='word_1_48' title='bbox 1116 538 1207 610; x_wconf 87' lang='lat' dir='ltr'><strong>lucis</strong></span> <span class='ocrx_word' id='word_1_49' title='bbox 1230 539 1323 612; x_wconf 83' lang='lat' dir='ltr'><strong>forte</strong></span> <span class='ocrx_word' id='word_1_50' title='bbox 1347 553 1382 614; x_wconf 86' lang='lat' dir='ltr'><strong>et</strong></span> <span class='ocrx_word' id='word_1_51' title='bbox 1401 539 1534 630; x_wconf 75' lang='lat' dir='ltr'><strong>gratiae</strong></span> <span class='ocrx_word' id='word_1_52' title='bbox 1554 539 1758 614; x_wconf 81' lang='lat' dir='ltr'><strong>addidisset.</strong></span> <span class='ocrx_word' id='word_1_53' title='bbox 1817 541 1921 616; x_wconf 87' lang='lat' dir='ltr'><strong>Nunc</strong></span> <span class='ocrx_word' id='word_1_54' title='bbox 1942 545 1973 616; x_wconf 82' lang='lat' dir='ltr'><strong>ai</strong></span> <span class='ocrx_word' id='word_1_55' title='bbox 1994 545 2101 619; x_wconf 86' lang='lat' dir='ltr'><strong>etiarn</strong></span> 
     </span>
     <span class='ocr_line' id='line_1_5' title="bbox 60 639 2103 742; baseline 0.001 -25"><span class='ocrx_word' id='word_1_56' title='bbox 60 642 127 717; x_wconf 87' lang='lat' dir='ltr'><strong>hac</strong></span> <span class='ocrx_word' id='word_1_57' title='bbox 154 659 267 741; x_wconf 88' lang='lat' dir='ltr'><strong>parte</strong></span> <span class='ocrx_word' id='word_1_58' title='bbox 291 643 485 718; x_wconf 80' lang='lat' dir='ltr'><strong>Ecclesiam</strong></span> <span class='ocrx_word' id='word_1_59' title='bbox 513 647 683 718; x_wconf 86' lang='lat' dir='ltr'><strong>iurando.</strong></span> <span class='ocrx_word' id='word_1_60' title='bbox 742 643 892 716; x_wconf 89' lang='lat' dir='ltr'><strong>Mallem</strong></span> <span class='ocrx_word' id='word_1_61' title='bbox 921 659 957 719; x_wconf 92' lang='lat' dir='ltr'><strong>et</strong></span> <span class='ocrx_word' id='word_1_62' title='bbox 987 667 1065 737; x_wconf 74' lang='lat' dir='ltr'><strong>ego,</strong></span> <span class='ocrx_word' id='word_1_63' title='bbox 1117 640 1252 735; x_wconf 86' lang='lat' dir='ltr'><strong>aliquid</strong></span> <span class='ocrx_word' id='word_1_64' title='bbox 1284 640 1428 714; x_wconf 82' lang='lat' dir='ltr'><strong>desierit</strong></span> <span class='ocrx_word' id='word_1_65' title='bbox 1456 639 1513 713; x_wconf 82' lang='lat' dir='ltr'><strong>vel</strong></span> <span class='ocrx_word' id='word_1_66' title='bbox 1542 641 1769 735; x_wconf 68' lang='lat' dir='ltr'><strong>dispositioni</strong></span> <span class='ocrx_word' id='word_1_67' title='bbox 1789 646 1847 716; x_wconf 78' lang='lat' dir='ltr'><strong>vel</strong></span> <span class='ocrx_word' id='word_1_68' title='bbox 1867 647 2103 742; x_wconf 74' lang='lat' dir='ltr'><strong>eloquentiae,</strong></span> 
     </span>
     <span class='ocr_line' id='line_1_6' title="bbox 60 741 2104 843; baseline 0.002 -25"><span class='ocrx_word' id='word_1_69' title='bbox 60 747 182 819; x_wconf 89' lang='lat' dir='ltr'><strong>nullos</strong></span> <span class='ocrx_word' id='word_1_70' title='bbox 206 770 291 820; x_wconf 86' lang='lat' dir='ltr'><strong>esse</strong></span> <span class='ocrx_word' id='word_1_71' title='bbox 310 748 449 843; x_wconf 86' lang='lat' dir='ltr'><strong>uspiam</strong></span> <span class='ocrx_word' id='word_1_72' title='bbox 475 748 766 834; x_wconf 83' lang='lat' dir='ltr'><strong>commentarios,</strong></span> <span class='ocrx_word' id='word_1_73' title='bbox 800 747 886 820; x_wconf 86' lang='lat' dir='ltr'><strong>solis</strong></span> <span class='ocrx_word' id='word_1_74' title='bbox 907 760 943 820; x_wconf 90' lang='lat' dir='ltr'><strong>et</strong></span> <span class='ocrx_word' id='word_1_75' title='bbox 965 747 1065 841; x_wconf 84' lang='lat' dir='ltr'><strong>puris</strong></span> <span class='ocrx_word' id='word_1_76' title='bbox 1116 756 1235 814; x_wconf 90' lang='lat' dir='ltr'><strong>tamen</strong></span> <span class='ocrx_word' id='word_1_77' title='bbox 1259 741 1335 838; x_wconf 89' lang='lat' dir='ltr'><strong>ipsa</strong></span> <span class='ocrx_word' id='word_1_78' title='bbox 1359 743 1531 836; x_wconf 85' lang='lat' dir='ltr'><strong>sapientia</strong></span> <span class='ocrx_word' id='word_1_79' title='bbox 1549 755 1583 816; x_wconf 86' lang='lat' dir='ltr'><strong>et</strong></span> <span class='ocrx_word' id='word_1_80' title='bbox 1599 745 1729 818; x_wconf 81' lang='lat' dir='ltr'><strong>veritas</strong></span> <span class='ocrx_word' id='word_1_81' title='bbox 1742 747 1828 818; x_wconf 86' lang='lat' dir='ltr'><strong>satis</strong></span> <span class='ocrx_word' id='word_1_82' title='bbox 1842 751 1956 822; x_wconf 79' lang='lat' dir='ltr'><strong>adfert</strong></span> <span class='ocrx_word' id='word_1_83' title='bbox 1971 751 2104 840; x_wconf 75' lang='lat' dir='ltr'><strong>gratiae</strong></span> 
     </span>
     <span class='ocr_line' id='line_1_7' title="bbox 60 844 2104 944; baseline 0.005 -23"><span class='ocrx_word' id='word_1_84' title='bbox 60 851 306 941; x_wconf 73' lang='lat' dir='ltr'><strong>regnantibus</strong></span> <span class='ocrx_word' id='word_1_85' title='bbox 329 849 463 944; x_wconf 87' lang='lat' dir='ltr'><strong>ubique</strong></span> <span class='ocrx_word' id='word_1_86' title='bbox 486 848 672 943; x_wconf 82' lang='lat' dir='ltr'><strong>scripturis</strong></span> <span class='ocrx_word' id='word_1_87' title='bbox 694 850 775 920; x_wconf 88' lang='lat' dir='ltr'><strong>viva</strong></span> <span class='ocrx_word' id='word_1_88' title='bbox 791 872 878 921; x_wconf 78' lang='lat' dir='ltr'><strong>voce</strong></span> <span class='ocrx_word' id='word_1_89' title='bbox 894 849 1064 922; x_wconf 82' lang='lat' dir='ltr'><strong>tractatis.</strong></span> <span class='ocrx_word' id='word_1_90' title='bbox 1116 857 1152 916; x_wconf 76' lang='lat' dir='ltr'><strong>el</strong></span> <span class='ocrx_word' id='word_1_91' title='bbox 1171 845 1274 920; x_wconf 74' lang='lat' dir='ltr'><strong>lucit·</strong></span> <span class='ocrx_word' id='word_1_92' title='bbox 1326 844 1496 916; x_wconf 70' lang='lat' dir='ltr'><strong>Veratem</strong></span> <span class='ocrx_word' id='word_1_93' title='bbox 1518 845 1614 917; x_wconf 74' lang='lat' dir='ltr'><strong>enim</strong></span> <span class='ocrx_word' id='word_1_94' title='bbox 1637 859 1673 919; x_wconf 68' lang='grc' dir='ltr'><strong>θῑ</strong></span> <span class='ocrx_word' id='word_1_95' title='bbox 1694 846 1888 940; x_wconf 63' lang='lat' dir='ltr'><strong>“vitutem</strong></span> <span class='ocrx_word' id='word_1_96' title='bbox 1910 851 2104 926; x_wconf 66' lang='lat' dir='ltr'><strong>laetabilis</strong></span> 
     </span>
     <span class='ocr_line' id='line_1_8' title="bbox 60 941 2105 1047; baseline 0.003 -26"><span class='ocrx_word' id='word_1_97' title='bbox 60 950 130 1024; x_wconf 87' lang='lat' dir='ltr'><strong>Sed</strong></span> <span class='ocrx_word' id='word_1_98' title='bbox 153 975 234 1047; x_wconf 87' lang='lat' dir='ltr'><strong>quo</strong></span> <span class='ocrx_word' id='word_1_99' title='bbox 259 950 371 1023; x_wconf 84' lang='lat' dir='ltr'><strong>ruodo</strong></span> <span class='ocrx_word' id='word_1_100' title='bbox 387 948 547 1023; x_wconf 76' lang='lat' dir='ltr'><strong>Ecclesia</strong></span> <span class='ocrx_word' id='word_1_101' title='bbox 571 975 688 1024; x_wconf 87' lang='lat' dir='ltr'><strong>carcre</strong></span> <span class='ocrx_word' id='word_1_102' title='bbox 713 949 824 1045; x_wconf 88' lang='lat' dir='ltr'><strong>possit</strong></span> <span class='ocrx_word' id='word_1_103' title='bbox 845 965 1064 1024; x_wconf 84' lang='lat' dir='ltr'><strong>commenta·</strong></span> <span class='ocrx_word' id='word_1_104' title='bbox 1116 947 1211 1020; x_wconf 89' lang='lat' dir='ltr'><strong>liber</strong></span> <span class='ocrx_word' id='word_1_105' title='bbox 1230 941 1439 1041; x_wconf 85' lang='lat' dir='ltr'><strong>Philippum</strong></span> <span class='ocrx_word' id='word_1_106' title='bbox 1467 947 1538 1019; x_wconf 91' lang='lat' dir='ltr'><strong>uisi</strong></span> <span class='ocrx_word' id='word_1_107' title='bbox 1561 943 1726 1022; x_wconf 80' lang='lat' dir='ltr'><strong>Christus</strong></span> <span class='ocrx_word' id='word_1_108' title='bbox 1754 973 1829 1021; x_wconf 93' lang='lat' dir='ltr'><strong>non</strong></span> <span class='ocrx_word' id='word_1_109' title='bbox 1851 952 1897 1024; x_wconf 91' lang='lat' dir='ltr'><strong>sit</strong></span> <span class='ocrx_word' id='word_1_110' title='bbox 1917 954 2047 1027; x_wconf 84' lang='lat' dir='ltr'><strong>veritas</strong></span> <span class='ocrx_word' id='word_1_111' title='bbox 2069 970 2105 1028; x_wconf 91' lang='lat' dir='ltr'><strong>et</strong></span> 
     </span>
     <span class='ocr_line' id='line_1_9' title="bbox 60 1047 2127 1149; baseline 0.002 -25"><span class='ocrx_word' id='word_1_112' title='bbox 60 1053 123 1124; x_wconf 85' lang='lat' dir='ltr'><strong>riis</strong></span> <span class='ocrx_word' id='word_1_113' title='bbox 146 1053 351 1145; x_wconf 85' lang='lat' dir='ltr'><strong>scripturas</strong></span> <span class='ocrx_word' id='word_1_114' title='bbox 366 1052 491 1125; x_wconf 86' lang='lat' dir='ltr'><strong>saltem</strong></span> <span class='ocrx_word' id='word_1_115' title='bbox 506 1053 748 1126; x_wconf 90' lang='lat' dir='ltr'><strong>iudicantibus</strong></span> <span class='ocrx_word' id='word_1_116' title='bbox 762 1077 838 1125; x_wconf 91' lang='lat' dir='ltr'><strong>uon</strong></span> <span class='ocrx_word' id='word_1_117' title='bbox 854 1052 958 1125; x_wconf 79' lang='lat' dir='ltr'><strong>video</strong></span> <span class='ocrx_word' id='word_1_118' title='bbox 974 1077 1065 1149; x_wconf 85' lang='lat' dir='ltr'><strong>qua·</strong></span> <span class='ocrx_word' id='word_1_119' title='bbox 1116 1047 1310 1142; x_wconf 71' lang='lat' dir='ltr'><strong>sapientia,</strong></span> <span class='ocrx_word' id='word_1_120' title='bbox 1334 1048 1563 1144; x_wconf 86' lang='lat' dir='ltr'><strong>qaemspirat</strong></span> <span class='ocrx_word' id='word_1_121' title='bbox 1578 1061 1612 1121; x_wconf 89' lang='lat' dir='ltr'><strong>et</strong></span> <span class='ocrx_word' id='word_1_122' title='bbox 1627 1052 1740 1125; x_wconf 89' lang='lat' dir='ltr'><strong>docet.</strong></span> <span class='ocrx_word' id='word_1_123' title='bbox 1792 1051 1893 1127; x_wconf 90' lang='lat' dir='ltr'><strong>Licet</strong></span> <span class='ocrx_word' id='word_1_124' title='bbox 1905 1078 1985 1126; x_wconf 87' lang='lat' dir='ltr'><strong>cum</strong></span> <span class='ocrx_word' id='word_1_125' title='bbox 1995 1051 2127 1131; x_wconf 63' lang='lat' dir='ltr'><strong>chat·</strong></span> 
     </span>
     <span class='ocr_line' id='line_1_10' title="bbox 61 1149 2105 1254; baseline 0.004 -31"><span class='ocrx_word' id='word_1_126' title='bbox 61 1155 112 1226; x_wconf 86' lang='lat' dir='ltr'><strong>les</strong></span> <span class='ocrx_word' id='word_1_127' title='bbox 127 1150 305 1254; x_wconf 88' lang='lat' dir='ltr'><strong>Philippi</strong></span> <span class='ocrx_word' id='word_1_128' title='bbox 323 1166 417 1231; x_wconf 82' lang='lat' dir='ltr'><strong>suut.</strong></span> <span class='ocrx_word' id='word_1_129' title='bbox 468 1150 517 1227; x_wconf 81' lang='lat' dir='ltr'><strong>Et</strong></span> <span class='ocrx_word' id='word_1_130' title='bbox 537 1154 707 1250; x_wconf 83' lang='lat' dir='ltr'><strong>quianon</strong></span> <span class='ocrx_word' id='word_1_131' title='bbox 723 1154 839 1242; x_wconf 88' lang='lat' dir='ltr'><strong>videt,</strong></span> <span class='ocrx_word' id='word_1_132' title='bbox 864 1150 1063 1249; x_wconf 80' lang='lat' dir='ltr'><strong>Epistolam</strong></span> <span class='ocrx_word' id='word_1_133' title='bbox 1116 1161 1171 1224; x_wconf 89' lang='lat' dir='ltr'><strong>sto</strong></span> <span class='ocrx_word' id='word_1_134' title='bbox 1193 1163 1228 1222; x_wconf 91' lang='lat' dir='ltr'><strong>et</strong></span> <span class='ocrx_word' id='word_1_135' title='bbox 1252 1149 1327 1245; x_wconf 90' lang='lat' dir='ltr'><strong>ipse</strong></span> <span class='ocrx_word' id='word_1_136' title='bbox 1348 1151 1455 1241; x_wconf 80' lang='lat' dir='ltr'><strong>eligat</strong></span> <span class='ocrx_word' id='word_1_137' title='bbox 1476 1152 1601 1224; x_wconf 86' lang='lat' dir='ltr'><strong>stultas</strong></span> <span class='ocrx_word' id='word_1_138' title='bbox 1620 1175 1694 1224; x_wconf 89' lang='lat' dir='ltr'><strong>esse</strong></span> <span class='ocrx_word' id='word_1_139' title='bbox 1712 1167 1746 1226; x_wconf 89' lang='lat' dir='ltr'><strong>et</strong></span> <span class='ocrx_word' id='word_1_140' title='bbox 1763 1154 1845 1226; x_wconf 87' lang='lat' dir='ltr'><strong>dici.</strong></span> <span class='ocrx_word' id='word_1_141' title='bbox 1895 1151 2016 1252; x_wconf 80' lang='lat' dir='ltr'><strong>Atque</strong></span> <span class='ocrx_word' id='word_1_142' title='bbox 2031 1159 2105 1232; x_wconf 90' lang='lat' dir='ltr'><strong>uti-</strong></span> 
     </span>
     <span class='ocr_line' id='line_1_11' title="bbox 63 1252 2106 1352; baseline 0.007 -27"><span class='ocrx_word' id='word_1_143' title='bbox 63 1255 108 1326; x_wconf 91' lang='lat' dir='ltr'><strong>ad</strong></span> <span class='ocrx_word' id='word_1_144' title='bbox 129 1252 328 1328; x_wconf 86' lang='lat' dir='ltr'><strong>Hebraeos</strong></span> <span class='ocrx_word' id='word_1_145' title='bbox 358 1278 434 1328; x_wconf 90' lang='lat' dir='ltr'><strong>esse</strong></span> <span class='ocrx_word' id='word_1_146' title='bbox 462 1281 574 1352; x_wconf 83' lang='lat' dir='ltr'><strong>prope</strong></span> <span class='ocrx_word' id='word_1_147' title='bbox 603 1257 923 1331; x_wconf 84' lang='lat' dir='ltr'><strong>commentarium?</strong></span> <span class='ocrx_word' id='word_1_148' title='bbox 974 1255 1063 1330; x_wconf 86' lang='lat' dir='ltr'><strong>Item</strong></span> <span class='ocrx_word' id='word_1_149' title='bbox 1117 1276 1201 1323; x_wconf 74' lang='lat' dir='ltr'><strong>nam</strong></span> <span class='ocrx_word' id='word_1_150' title='bbox 1223 1276 1289 1326; x_wconf 73' lang='lat'>11⁰³</span> <span class='ocrx_word' id='word_1_151' title='bbox 1313 1277 1456 1352; x_wconf 72' lang='lat' dir='ltr'><strong>quoque</strong></span> <span class='ocrx_word' id='word_1_152' title='bbox 1475 1254 1526 1326; x_wconf 71' lang='lat' dir='ltr'><strong>tic</strong></span> <span class='ocrx_word' id='word_1_153' title='bbox 1549 1253 1648 1329; x_wconf 66' lang='lat' dir='ltr'><strong>siulfi</strong></span> <span class='ocrx_word' id='word_1_154' title='bbox 1669 1277 1821 1329; x_wconf 64' lang='lat' dir='ltr'><strong>mmm</strong></span> <span class='ocrx_word' id='word_1_155' title='bbox 1842 1281 1922 1329; x_wconf 77' lang='lat' dir='ltr'><strong>tum</strong></span> <span class='ocrx_word' id='word_1_156' title='bbox 1936 1260 2039 1352; x_wconf 66' lang='grc' dir='ltr'><strong>ἱμὶο,</strong></span> <span class='ocrx_word' id='word_1_157' title='bbox 2064 1275 2106 1334; x_wconf 79' lang='lat' dir='ltr'><strong>ut</strong></span> 
     </span>
     <span class='ocr_line' id='line_1_12' title="bbox 60 1353 2105 1458; baseline 0.004 -32"><span class='ocrx_word' id='word_1_158' title='bbox 60 1354 167 1428; x_wconf 87' lang='lat' dir='ltr'><strong>Pauli</strong></span> <span class='ocrx_word' id='word_1_159' title='bbox 197 1359 249 1428; x_wconf 93' lang='lat' dir='ltr'><strong>ad</strong></span> <span class='ocrx_word' id='word_1_160' title='bbox 284 1354 469 1430; x_wconf 85' lang='lat' dir='ltr'><strong>Romanos</strong></span> <span class='ocrx_word' id='word_1_161' title='bbox 497 1373 532 1430; x_wconf 88' lang='lat' dir='ltr'><strong>et</strong></span> <span class='ocrx_word' id='word_1_162' title='bbox 559 1355 716 1435; x_wconf 85' lang='lat' dir='ltr'><strong>Galatas.</strong></span> <span class='ocrx_word' id='word_1_163' title='bbox 766 1357 858 1450; x_wconf 86' lang='lat' dir='ltr'><strong>Quis</strong></span> <span class='ocrx_word' id='word_1_164' title='bbox 888 1360 985 1430; x_wconf 90' lang='lat' dir='ltr'><strong>euim</strong></span> <span class='ocrx_word' id='word_1_165' title='bbox 1013 1359 1064 1456; x_wconf 81' lang='lat' dir='ltr'><strong>sic</strong></span> <span class='ocrx_word' id='word_1_166' title='bbox 1117 1356 1240 1427; x_wconf 86' lang='lat' dir='ltr'><strong>liceret</strong></span> <span class='ocrx_word' id='word_1_167' title='bbox 1257 1354 1419 1446; x_wconf 74' lang='lat' dir='ltr'><strong>gloriari:</strong></span> <span class='ocrx_word' id='word_1_168' title='bbox 1446 1357 1594 1428; x_wconf 86' lang='lat' dir='ltr'><strong>stultum</strong></span> <span class='ocrx_word' id='word_1_169' title='bbox 1618 1353 1688 1428; x_wconf 89' lang='lat' dir='ltr'><strong>Dei</strong></span> <span class='ocrx_word' id='word_1_170' title='bbox 1709 1359 1905 1451; x_wconf 81' lang='lat' dir='ltr'><strong>sapientius</strong></span> <span class='ocrx_word' id='word_1_171' title='bbox 1924 1375 1977 1434; x_wconf 85' lang='lat' dir='ltr'><strong>eat</strong></span> <span class='ocrx_word' id='word_1_172' title='bbox 1997 1387 2105 1458; x_wconf 87' lang='lat' dir='ltr'><strong>quarn</strong></span> 
     </span>
     <span class='ocr_line' id='line_1_13' title="bbox 63 1452 2105 1553; baseline 0.004 -25"><span class='ocrx_word' id='word_1_173' title='bbox 63 1470 289 1532; x_wconf 75' lang='lat' dir='ltr'><strong>tractaturus</strong></span> <span class='ocrx_word' id='word_1_174' title='bbox 310 1473 386 1532; x_wconf 87' lang='lat' dir='ltr'><strong>erat</strong></span> <span class='ocrx_word' id='word_1_175' title='bbox 408 1481 524 1533; x_wconf 87' lang='lat' dir='ltr'><strong>sacras</strong></span> <span class='ocrx_word' id='word_1_176' title='bbox 544 1461 756 1553; x_wconf 88' lang='lat' dir='ltr'><strong>scripturas,</strong></span> <span class='ocrx_word' id='word_1_177' title='bbox 779 1461 850 1532; x_wconf 91' lang='lat' dir='ltr'><strong>nisi</strong></span> <span class='ocrx_word' id='word_1_178' title='bbox 865 1457 999 1532; x_wconf 89' lang='lat' dir='ltr'><strong>Paulus</strong></span> <span class='ocrx_word' id='word_1_179' title='bbox 1014 1461 1065 1532; x_wconf 89' lang='lat' dir='ltr'><strong>sic</strong></span> <span class='ocrx_word' id='word_1_180' title='bbox 1118 1452 1291 1528; x_wconf 86' lang='lat' dir='ltr'><strong>homiues.</strong></span> <span class='ocrx_word' id='word_1_181' title='bbox 1354 1453 1504 1529; x_wconf 82' lang='lat' dir='ltr'><strong>Gaudeo</strong></span> <span class='ocrx_word' id='word_1_182' title='bbox 1526 1457 1648 1544; x_wconf 83' lang='lat' dir='ltr'><strong>valde,</strong></span> <span class='ocrx_word' id='word_1_183' title='bbox 1694 1456 1891 1533; x_wconf 87' lang='lat' dir='ltr'><strong>Iohannem</strong></span> <span class='ocrx_word' id='word_1_184' title='bbox 1914 1457 2105 1537; x_wconf 90' lang='lat' dir='ltr'><strong>Oecolam·</strong></span> 
     </span>
     <span class='ocr_line' id='line_1_14' title="bbox 61 1555 2106 1660; baseline 0.004 -30"><span class='ocrx_word' id='word_1_185' title='bbox 61 1563 276 1632; x_wconf 83' lang='lat' dir='ltr'><strong>tractandas</strong></span> <span class='ocrx_word' id='word_1_186' title='bbox 307 1583 380 1632; x_wconf 82' lang='lat' dir='ltr'><strong>csse</strong></span> <span class='ocrx_word' id='word_1_187' title='bbox 402 1563 654 1634; x_wconf 75' lang='lat' dir='ltr'><strong>monstrasset?</strong></span> <span class='ocrx_word' id='word_1_188' title='bbox 703 1558 755 1634; x_wconf 79' lang='lat' dir='ltr'><strong>At</strong></span> <span class='ocrx_word' id='word_1_189' title='bbox 775 1558 846 1634; x_wconf 87' lang='lat' dir='ltr'><strong>hoc</strong></span> <span class='ocrx_word' id='word_1_190' title='bbox 867 1576 1065 1635; x_wconf 87' lang='lat' dir='ltr'><strong>monstrare</strong></span> <span class='ocrx_word' id='word_1_191' title='bbox 1118 1559 1248 1652; x_wconf 82' lang='lat' dir='ltr'><strong>pedion</strong></span> <span class='ocrx_word' id='word_1_192' title='bbox 1270 1555 1429 1630; x_wconf 85' lang='lat' dir='ltr'><strong>Basilcae</strong></span> <span class='ocrx_word' id='word_1_193' title='bbox 1442 1555 1583 1630; x_wconf 82' lang='lat' dir='ltr'><strong>Esaiam</strong></span> <span class='ocrx_word' id='word_1_194' title='bbox 1606 1560 1786 1656; x_wconf 82' lang='lat' dir='ltr'><strong>profiteri,</strong></span> <span class='ocrx_word' id='word_1_195' title='bbox 1812 1587 2017 1660; x_wconf 85' lang='lat' dir='ltr'><strong>quanquam</strong></span> <span class='ocrx_word' id='word_1_196' title='bbox 2042 1591 2106 1639; x_wconf 87' lang='lat' dir='ltr'><strong>au-</strong></span> 
     </span>
     <span class='ocr_line' id='line_1_15' title="bbox 63 1659 2107 1758; baseline 0.002 -26"><span class='ocrx_word' id='word_1_197' title='bbox 63 1683 125 1752; x_wconf 77' lang='lat' dir='ltr'><strong>ego</strong></span> <span class='ocrx_word' id='word_1_198' title='bbox 150 1663 304 1756; x_wconf 89' lang='lat' dir='ltr'><strong>appello</strong></span> <span class='ocrx_word' id='word_1_199' title='bbox 324 1662 568 1738; x_wconf 87' lang='lat' dir='ltr'><strong>commentari.</strong></span> <span class='ocrx_word' id='word_1_200' title='bbox 617 1661 698 1736; x_wconf 88' lang='lat' dir='ltr'><strong>Hoc</strong></span> <span class='ocrx_word' id='word_1_201' title='bbox 720 1664 837 1736; x_wconf 87' lang='lat' dir='ltr'><strong>solum</strong></span> <span class='ocrx_word' id='word_1_202' title='bbox 859 1659 1064 1758; x_wconf 85' lang='lat' dir='ltr'><strong>aPhilippo</strong></span> <span class='ocrx_word' id='word_1_203' title='bbox 1118 1661 1180 1732; x_wconf 93' lang='lat' dir='ltr'><strong>dio</strong></span> <span class='ocrx_word' id='word_1_204' title='bbox 1204 1661 1242 1731; x_wconf 92' lang='lat' dir='ltr'><strong>id</strong></span> <span class='ocrx_word' id='word_1_205' title='bbox 1259 1659 1381 1732; x_wconf 88' lang='lat' dir='ltr'><strong>multis</strong></span> <span class='ocrx_word' id='word_1_206' title='bbox 1397 1660 1595 1756; x_wconf 82' lang='lat' dir='ltr'><strong>displicere.</strong></span> <span class='ocrx_word' id='word_1_207' title='bbox 1647 1661 1717 1736; x_wconf 85' lang='lat' dir='ltr'><strong>Sed</strong></span> <span class='ocrx_word' id='word_1_208' title='bbox 1733 1688 1773 1736; x_wconf 84' lang='lat' dir='ltr'><strong>ea</strong></span> <span class='ocrx_word' id='word_1_209' title='bbox 1787 1664 1993 1740; x_wconf 85' lang='lat' dir='ltr'><strong>estlortuna</strong></span> <span class='ocrx_word' id='word_1_210' title='bbox 2010 1664 2107 1740; x_wconf 88' lang='lat' dir='ltr'><strong>chri-</strong></span> 
     </span>
     <span class='ocr_line' id='line_1_16' title="bbox 64 1759 2109 1859; baseline 0.005 -27"><span class='ocrx_word' id='word_1_211' title='bbox 64 1761 213 1853; x_wconf 85' lang='lat' dir='ltr'><strong>petitur.</strong></span> <span class='ocrx_word' id='word_1_212' title='bbox 289 1759 368 1855; x_wconf 86' lang='lat' dir='ltr'><strong>lpse</strong></span> <span class='ocrx_word' id='word_1_213' title='bbox 397 1788 483 1837; x_wconf 85' lang='lat' dir='ltr'><strong>vero</strong></span> <span class='ocrx_word' id='word_1_214' title='bbox 514 1766 585 1838; x_wconf 88' lang='lat' dir='ltr'><strong>alta</strong></span> <span class='ocrx_word' id='word_1_215' title='bbox 608 1765 679 1838; x_wconf 89' lang='lat' dir='ltr'><strong>sibi</strong></span> <span class='ocrx_word' id='word_1_216' title='bbox 703 1766 747 1837; x_wconf 91' lang='lat' dir='ltr'><strong>de</strong></span> <span class='ocrx_word' id='word_1_217' title='bbox 770 1765 886 1859; x_wconf 85' lang='lat' dir='ltr'><strong>seipso</strong></span> <span class='ocrx_word' id='word_1_218' title='bbox 904 1766 1066 1838; x_wconf 85' lang='lat' dir='ltr'><strong>somniat</strong></span> <span class='ocrx_word' id='word_1_219' title='bbox 1118 1762 1252 1834; x_wconf 88' lang='lat' dir='ltr'><strong>stianae</strong></span> <span class='ocrx_word' id='word_1_220' title='bbox 1269 1763 1463 1836; x_wconf 90' lang='lat' dir='ltr'><strong>doctrinae.</strong></span> <span class='ocrx_word' id='word_1_221' title='bbox 1515 1762 1624 1836; x_wconf 90' lang='lat' dir='ltr'><strong>Dabit</strong></span> <span class='ocrx_word' id='word_1_222' title='bbox 1641 1777 1677 1835; x_wconf 87' lang='lat' dir='ltr'><strong>ct</strong></span> <span class='ocrx_word' id='word_1_223' title='bbox 1691 1788 1754 1858; x_wconf 88' lang='lat' dir='ltr'><strong>per</strong></span> <span class='ocrx_word' id='word_1_224' title='bbox 1769 1789 1851 1838; x_wconf 86' lang='lat' dir='ltr'><strong>eum</strong></span> <span class='ocrx_word' id='word_1_225' title='bbox 1866 1768 1987 1842; x_wconf 89' lang='lat' dir='ltr'><strong>virum</strong></span> <span class='ocrx_word' id='word_1_226' title='bbox 2002 1771 2109 1843; x_wconf 83' lang='lat' dir='ltr'><strong>nobis</strong></span> 
     </span>
     <span class='ocr_line' id='line_1_17' title="bbox 63 1860 2109 1959; baseline 0.005 -25"><span class='ocrx_word' id='word_1_227' title='bbox 63 1864 147 1956; x_wconf 91' lang='lat' dir='ltr'><strong>peti.</strong></span> <span class='ocrx_word' id='word_1_228' title='bbox 203 1861 325 1956; x_wconf 76' lang='lat' dir='ltr'><strong>igitur</strong></span> <span class='ocrx_word' id='word_1_229' title='bbox 346 1867 393 1938; x_wconf 92' lang='lat' dir='ltr'><strong>sd</strong></span> <span class='ocrx_word' id='word_1_230' title='bbox 414 1879 448 1938; x_wconf 90' lang='lat' dir='ltr'><strong>te</strong></span> <span class='ocrx_word' id='word_1_231' title='bbox 470 1867 574 1940; x_wconf 87' lang='lat' dir='ltr'><strong>mitto</strong></span> <span class='ocrx_word' id='word_1_232' title='bbox 598 1862 668 1940; x_wconf 91' lang='lat' dir='ltr'><strong>hoc</strong></span> <span class='ocrx_word' id='word_1_233' title='bbox 687 1891 806 1938; x_wconf 90' lang='lat' dir='ltr'><strong>meum</strong></span> <span class='ocrx_word' id='word_1_234' title='bbox 826 1867 1066 1951; x_wconf 86' lang='lat' dir='ltr'><strong>latrocinium,</strong></span> <span class='ocrx_word' id='word_1_235' title='bbox 1118 1860 1279 1938; x_wconf 82' lang='lat' dir='ltr'><strong>Christus</strong></span> <span class='ocrx_word' id='word_1_236' title='bbox 1305 1863 1444 1959; x_wconf 89' lang='lat' dir='ltr'><strong>aliquid</strong></span> <span class='ocrx_word' id='word_1_237' title='bbox 1472 1864 1563 1936; x_wconf 86' lang='lat' dir='ltr'><strong>lucis</strong></span> <span class='ocrx_word' id='word_1_238' title='bbox 1590 1889 1653 1938; x_wconf 87' lang='lat' dir='ltr'><strong>seu</strong></span> <span class='ocrx_word' id='word_1_239' title='bbox 1682 1869 1928 1941; x_wconf 85' lang='lat' dir='ltr'><strong>commentarii</strong></span> <span class='ocrx_word' id='word_1_240' title='bbox 1952 1872 1991 1944; x_wconf 92' lang='lat' dir='ltr'><strong>in</strong></span> <span class='ocrx_word' id='word_1_241' title='bbox 2015 1871 2109 1948; x_wconf 78' lang='lat' dir='ltr'><strong>Pro-</strong></span> 
     </span>
     <span class='ocr_line' id='line_1_18' title="bbox 65 1960 2106 2068; baseline 0.006 -32"><span class='ocrx_word' id='word_1_242' title='bbox 65 1966 203 2060; x_wconf 85' lang='lat' dir='ltr'><strong>optime</strong></span> <span class='ocrx_word' id='word_1_243' title='bbox 230 1963 416 2056; x_wconf 90' lang='lat' dir='ltr'><strong>Gerbelli,</strong></span> <span class='ocrx_word' id='word_1_244' title='bbox 440 1982 481 2041; x_wconf 91' lang='lat' dir='ltr'><strong>ut</strong></span> <span class='ocrx_word' id='word_1_245' title='bbox 503 1983 539 2042; x_wconf 92' lang='lat' dir='ltr'><strong>et</strong></span> <span class='ocrx_word' id='word_1_246' title='bbox 558 1970 659 2068; x_wconf 83' lang='lat' dir='ltr'><strong>apud</strong></span> <span class='ocrx_word' id='word_1_247' title='bbox 680 1991 743 2040; x_wconf 89' lang='lat' dir='ltr'><strong>vos</strong></span> <span class='ocrx_word' id='word_1_248' title='bbox 767 1970 936 2041; x_wconf 87' lang='lat' dir='ltr'><strong>studeatis</strong></span> <span class='ocrx_word' id='word_1_249' title='bbox 956 1965 1064 2044; x_wconf 79' lang='lat' dir='ltr'><strong>vehe-</strong></span> <span class='ocrx_word' id='word_1_250' title='bbox 1118 1960 1250 2059; x_wconf 85' lang='lat' dir='ltr'><strong>phetas.</strong></span> <span class='ocrx_word' id='word_1_251' title='bbox 1293 1961 1333 2036; x_wconf 92' lang='lat' dir='ltr'><strong>Id</strong></span> <span class='ocrx_word' id='word_1_252' title='bbox 1349 1967 1446 2059; x_wconf 90' lang='lat' dir='ltr'><strong>quod</strong></span> <span class='ocrx_word' id='word_1_253' title='bbox 1462 1966 1519 2038; x_wconf 82' lang='lat' dir='ltr'><strong>vel</strong></span> <span class='ocrx_word' id='word_1_254' title='bbox 1533 1967 1742 2059; x_wconf 83' lang='lat' dir='ltr'><strong>cumprimis</strong></span> <span class='ocrx_word' id='word_1_255' title='bbox 1759 1971 1971 2066; x_wconf 87' lang='lat' dir='ltr'><strong>desyderaut</strong></span> <span class='ocrx_word' id='word_1_256' title='bbox 1983 1989 2106 2048; x_wconf 90' lang='lat' dir='ltr'><strong>nostra</strong></span> 
     </span>
     <span class='ocr_line' id='line_1_19' title="bbox 64 2063 2106 2172; baseline 0.008 -37"><span class='ocrx_word' id='word_1_257' title='bbox 64 2081 208 2140; x_wconf 84' lang='lat' dir='ltr'><strong>menter</strong></span> <span class='ocrx_word' id='word_1_258' title='bbox 233 2091 425 2142; x_wconf 87' lang='lat' dir='ltr'><strong>commuue</strong></span> <span class='ocrx_word' id='word_1_259' title='bbox 448 2083 483 2142; x_wconf 89' lang='lat' dir='ltr'><strong>et</strong></span> <span class='ocrx_word' id='word_1_260' title='bbox 505 2068 650 2164; x_wconf 77' lang='lat' dir='ltr'><strong>vulgare</strong></span> <span class='ocrx_word' id='word_1_261' title='bbox 669 2070 803 2157; x_wconf 86' lang='lat' dir='ltr'><strong>lacere,</strong></span> <span class='ocrx_word' id='word_1_262' title='bbox 836 2069 1067 2167; x_wconf 80' lang='lat' dir='ltr'><strong>quantumvis</strong></span> <span class='ocrx_word' id='word_1_263' title='bbox 1117 2068 1246 2142; x_wconf 86' lang='lat' dir='ltr'><strong>secula.</strong></span> <span class='ocrx_word' id='word_1_264' title='bbox 1299 2064 1387 2138; x_wconf 88' lang='lat' dir='ltr'><strong>Vale</strong></span> <span class='ocrx_word' id='word_1_265' title='bbox 1411 2068 1462 2137; x_wconf 92' lang='lat' dir='ltr'><strong>mi</strong></span> <span class='ocrx_word' id='word_1_266' title='bbox 1478 2063 1640 2139; x_wconf 89' lang='lat' dir='ltr'><strong>Gerbelli</strong></span> <span class='ocrx_word' id='word_1_267' title='bbox 1661 2070 1701 2139; x_wconf 90' lang='lat' dir='ltr'><strong>iu</strong></span> <span class='ocrx_word' id='word_1_268' title='bbox 1717 2066 1882 2160; x_wconf 87' lang='lat' dir='ltr'><strong>Christo,</strong></span> <span class='ocrx_word' id='word_1_269' title='bbox 1907 2088 1944 2148; x_wconf 90' lang='lat' dir='ltr'><strong>et</strong></span> <span class='ocrx_word' id='word_1_270' title='bbox 1958 2101 2022 2151; x_wconf 88' lang='lat' dir='ltr'><strong>ora</strong></span> <span class='ocrx_word' id='word_1_271' title='bbox 2038 2102 2106 2172; x_wconf 87' lang='lat' dir='ltr'><strong>pro</strong></span> 
     </span>
     <span class='ocr_line' id='line_1_20' title="bbox 64 2165 2109 2265; baseline 0.008 -29"><span class='ocrx_word' id='word_1_272' title='bbox 64 2167 180 2241; x_wconf 84' lang='lat' dir='ltr'><strong>invito</strong></span> <span class='ocrx_word' id='word_1_273' title='bbox 208 2182 352 2249; x_wconf 86' lang='lat' dir='ltr'><strong>autore.</strong></span> <span class='ocrx_word' id='word_1_274' title='bbox 402 2169 496 2244; x_wconf 90' lang='lat' dir='ltr'><strong>Nam</strong></span> <span class='ocrx_word' id='word_1_275' title='bbox 524 2193 629 2265; x_wconf 89' lang='lat' dir='ltr'><strong>spero</strong></span> <span class='ocrx_word' id='word_1_276' title='bbox 657 2167 856 2245; x_wconf 85' lang='lat' dir='ltr'><strong>Iohannem</strong></span> <span class='ocrx_word' id='word_1_277' title='bbox 882 2167 1067 2244; x_wconf 84' lang='lat' dir='ltr'><strong>Sescrs&#39;um</strong></span> <span class='ocrx_word' id='word_1_278' title='bbox 1118 2182 1299 2263; x_wconf 87' lang='lat' dir='ltr'><strong>peccatore</strong></span> <span class='ocrx_word' id='word_1_279' title='bbox 1320 2182 1356 2241; x_wconf 93' lang='lat' dir='ltr'><strong>et</strong></span> <span class='ocrx_word' id='word_1_280' title='bbox 1377 2169 1487 2242; x_wconf 88' lang='lat' dir='ltr'><strong>stulto</strong></span> <span class='ocrx_word' id='word_1_281' title='bbox 1511 2165 1682 2245; x_wconf 85' lang='lat' dir='ltr'><strong>Lutlrero.</strong></span> <span class='ocrx_word' id='word_1_282' title='bbox 1747 2172 1872 2246; x_wconf 83' lang='lat' dir='ltr'><strong>Saluta</strong></span> <span class='ocrx_word' id='word_1_283' title='bbox 1895 2200 2019 2251; x_wconf 88' lang='lat' dir='ltr'><strong>ornnes</strong></span> <span class='ocrx_word' id='word_1_284' title='bbox 2041 2203 2109 2252; x_wconf 91' lang='lat' dir='ltr'><strong>uo·</strong></span> 
     </span>
     <span class='ocr_line' id='line_1_21' title="bbox 67 2269 2065 2368; baseline 0.004 -28"><span class='ocrx_word' id='word_1_285' title='bbox 67 2270 238 2345; x_wconf 82' lang='lat' dir='ltr'><strong>daturum</strong></span> <span class='ocrx_word' id='word_1_286' title='bbox 258 2295 424 2364; x_wconf 90' lang='lat' dir='ltr'><strong>operam,</strong></span> <span class='ocrx_word' id='word_1_287' title='bbox 450 2286 491 2345; x_wconf 92' lang='lat' dir='ltr'><strong>ut</strong></span> <span class='ocrx_word' id='word_1_288' title='bbox 506 2274 728 2348; x_wconf 88' lang='lat' dir='ltr'><strong>emendatius</strong></span> <span class='ocrx_word' id='word_1_289' title='bbox 742 2288 777 2348; x_wconf 89' lang='lat' dir='ltr'><strong>et</strong></span> <span class='ocrx_word' id='word_1_290' title='bbox 792 2276 991 2348; x_wconf 85' lang='lat' dir='ltr'><strong>accuratius</strong></span> <span class='ocrx_word' id='word_1_291' title='bbox 1006 2299 1067 2346; x_wconf 86' lang='lat' dir='ltr'><strong>ex·</strong></span> <span class='ocrx_word' id='word_1_292' title='bbox 1119 2285 1209 2344; x_wconf 86' lang='lat' dir='ltr'><strong>stros</strong></span> <span class='ocrx_word' id='word_1_293' title='bbox 1225 2271 1264 2341; x_wconf 92' lang='lat' dir='ltr'><strong>iu</strong></span> <span class='ocrx_word' id='word_1_294' title='bbox 1277 2270 1435 2343; x_wconf 90' lang='lat' dir='ltr'><strong>domino.</strong></span> <span class='ocrx_word' id='word_1_295' title='bbox 1487 2269 1777 2368; x_wconf 76' lang='lat' dir='ltr'><strong>Witembergae,</strong></span> <span class='ocrx_word' id='word_1_296' title='bbox 1802 2272 1912 2352; x_wconf 80' lang='lat' dir='ltr'><strong>Anno</strong></span> <span class='ocrx_word' id='word_1_297' title='bbox 1928 2277 2065 2355; x_wconf 82' lang='lat' dir='ltr'><strong>XXIII.</strong></span> 
     </span>
     <span class='ocr_line' id='line_1_22' title="bbox 68 2373 1067 2474; baseline 0.009 -30"><span class='ocrx_word' id='word_1_298' title='bbox 68 2373 241 2462; x_wconf 86' lang='lat' dir='ltr'><strong>cudatur,</strong></span> <span class='ocrx_word' id='word_1_299' title='bbox 268 2398 377 2469; x_wconf 86' lang='lat' dir='ltr'><strong>quam</strong></span> <span class='ocrx_word' id='word_1_300' title='bbox 400 2376 536 2452; x_wconf 88' lang='lat' dir='ltr'><strong>lurtum</strong></span> <span class='ocrx_word' id='word_1_301' title='bbox 558 2401 684 2474; x_wconf 33' lang='lat' dir='ltr'><strong>meum·</strong></span> <span class='ocrx_word' id='word_1_302' title='bbox 702 2390 804 2450; x_wconf 90' lang='lat' dir='ltr'><strong>autea</strong></span> <span class='ocrx_word' id='word_1_303' title='bbox 821 2401 987 2452; x_wconf 86' lang='lat' dir='ltr'><strong>excusum</strong></span> <span class='ocrx_word' id='word_1_304' title='bbox 1005 2389 1067 2453; x_wconf 88' lang='lat' dir='ltr'><strong>est.</strong></span> 
     </span>
    </p>
   </div>
   <div class='ocr_carea' id='block_1_5' title="bbox 853 2783 1331 2804">
    <p class='ocr_par' dir='ltr' id='par_1_5' title="bbox 853 2783 1331 2804">
     <span class='ocr_line' id='line_1_23' title="bbox 853 2783 1331 2804; baseline 0 -6"><span class='ocrx_word' id='word_1_305' title='bbox 853 2783 1331 2804; x_wconf 58' lang='lat' dir='ltr'><em>m</em></span> 
     </span>
    </p>
   </div>
   <div class='ocr_carea' id='block_1_6' title="bbox 0 0 2354 5812">
    <p class='ocr_par' dir='ltr' id='par_1_6' title="bbox 0 0 2354 5812">
     <span class='ocr_line' id='line_1_24' title="bbox 0 0 2354 5812; baseline 0 0"><span class='ocrx_word' id='word_1_306' title='bbox 0 0 2354 5812; x_wconf 95' lang='lat' dir='ltr'><strong> </strong></span> 
     </span>
    </p>
   </div>
  </div>
 </body>
</html>
