4590 5808
62 107 124 184 eu
276 96 358 174 ru
414 55 807 178 suuorsrtouts
833 91 902 174 ur
928 89 1212 175 couctouus
1241 41 1297 184 'tu
1334 86 1520 168 uvsso.
1547 89 1845 172 stauretur..
1905 194 1909 202 s
1997 101 2072 178 ese

51 288 101 350 tet.
130 270 181 347 Sit
198 271 340 360 veroin
355 283 544 364 conspectu
562 269 697 342 dictum
711 269 845 344 Psalmi
860 293 1021 342 commu·
1074 289 1156 338 rum
1170 263 1373 351 infantium,
1397 265 1443 336 de
1460 262 1590 357 quibut
1604 275 1721 334 lmen
1737 263 1870 339 Ptl¹¹¹¹⁸
1887 269 1930 342 id
1947 263 2071 360 Ephe·
2137 277 2140 284 ’

6 393 7 398 ’
47 376 236 462 nissimum,
262 375 356 470 quud
375 372 576 444 citavimus:
603 369 820 444 Commenda
834 370 912 444 Deo
926 372 1021 440 viam
1073 367 1944 460 sios6.capiteseverissimepraecipitparentibus:
1966 367 2069 444 Edu-

45 494 146 558 tuam,
170 489 280 555 etora
298 499 400 559 eum,
422 474 685 565 etipseiaciet'
726 473 808 544 Non
823 497 884 544 ero
900 473 939 542 in
954 468 1021 544 hae
1074 484 1149 543 cate
1172 470 1303 541 liberos
1328 471 1366 538 in
1384 465 1571 558 disciplina
1588 481 1621 538 et
1638 470 1855 542 correctione
1870 471 2028 544 Domini.

46 580 363 650 commemoratione
379 575 570 670 prolixior,
594 577 656 646 sed
678 599 805 646 moneo
829 576 1021 660 auditores,
1173 565 1339 642 Christus
1355 593 1438 639 vero
1455 565 1576 638 hocin
1592 568 1670 638 loco
1688 567 1976 660 principalitcrac
1992 577 2067 666 pri-

45 663 78 751 ut
90 679 331 751 usitatissimae
345 677 548 757 tentationi,
574 700 665 770 quae
680 677 817 748 deserta
829 678 1020 749 moratione
1073 696 1170 742 mttm
1192 673 1352 766 loquitur
1370 677 1413 740 de
1436 671 1620 740 vocatione
1636 671 1881 744 ministrorum
1901 672 2066 768 Evange-
2168 681 2171 689 ’

45 805 98 854 suo
112 782 259 854 consilio
274 795 366 852 certa
383 777 653 873 tranquillitatis
675 779 851 877 praesidia
870 778 1020 874 quaerit,
1073 775 1131 859 lii,
1148 797 1299 868 quorum
1317 774 1430 844 silicia
1447 773 1590 864 propria
1605 795 1645 842 ac
1662 777 1857 849 necessaria
1872 791 1973 850 sunt:
1999 805 2066 849 vo·

44 906 206 974 opponere
230 883 368 954 dm„
386 880 596 958 mandam„
622 881 667 950 de
697 881 882 952 retinenda
914 905 1020 952 voca.
1073 901 1146 946 cem
1169 871 1352 966 Evangelii
1371 878 1610 965 incorruptam
1624 897 1768 960 sonare,
1795 891 1828 947 et
1844 896 2064 954 sacramenta

43 985 143 1070 tione,
172 998 209 1058 et
231 985 301 1056 lide
328 995 466 1078 petente
493 994 529 1053 et
543 995 764 1078 exspectante
781 995 949 1070 eventus,
980 993 1020 1053 ut
1072 979 1247 1048 divinitus
1271 979 1431 1048 instituta
1455 976 1720 1061 administrare,
1754 981 1844 1048 etin
1868 1003 1934 1051 usu
1956 973 2064 1054 insti-

44 1087 196 1161 dffimug
973 1163 982 1172 ·
1072 1093 1149 1150 tuto
1169 1103 1340 1171 ussrrpare
1370 1102 1411 1149 ac
1440 1099 1660 1149 conservare.
1717 1075 1813 1150 llaec
1843 1081 1957 1154 ollicia
1985 1085 2064 1156 vult

125 1253 131 1268 .
538 1249 545 1270 .
696 1249 704 1270 ,
808 1248 812 1260 ,
860 1249 869 1270 ,
1071 1177 1248 1252 Dominus
1262 1181 1536 1252 itaaministris
1548 1178 1643 1264 fieri,
1669 1192 1711 1249 ut
1727 1181 1861 1253 maiore
1877 1206 1980 1270 cura,
2004 1209 2063 1256 so-

5 1301 8 1304 ’
69 1251 303 1328 Almanam
314 1248 561 1350 d⁶di⁸⁶iPUI⁸⁸
575 1250 731 1323 ‘imm
748 1247 922 1334 DWM’
935 1273 1020 1350 W·
1072 1283 1257 1353 licitudine
1273 1307 1312 1354 ac
1331 1283 1400 1352 fide
1418 1305 1456 1350 ea
1478 1295 1729 1374 exsequantur,
1757 1283 1862 1374 quam
1885 1285 1958 1355 ulla
1982 1287 2063 1373 alia,

77 1425 84 1436 .
130 1355 481 1529 millemeptrt'mssm
503 1352 626 1474 “57⁶3
651 1363 683 1472 ’ξ
707 1351 857 1472 ἱθΡθῙῙΓθ
875 1363 1019 1451 pamm
1073 1399 1388 1478 quantumcunque
1403 1384 1587 1475 splendida
1612 1396 1674 1452 aut
1689 1385 1843 1474 speciose
1861 1376 2063 1461 videantur.

128 1481 258 1534 meum.
335 1483 418 1529 ⁶⁸⁰⁸
438 1467 561 1528 mmm
580 1465 637 1574 “fi
665 1451 745 1526 ¹¹1¹*
779 1452 932 1554 Sidam
955 1479 1021 1544 ’Μ’
1072 1482 1125 1557 Ac
1141 1489 1320 1580 quomodo
1337 1483 1505 1577 Episcopi
1524 1486 1689 1555 mandato
1707 1479 1841 1559 Christi
1857 1489 1980 1561 multis
1994 1513 2061 1560 an·
2115 1506 2118 1514 ’

129 1556 318 1632 sedimine
331 1569 495 1631 mortuos
505 1556 655 1657 sepelire
669 1566 831 1630 mortuos
845 1581 943 1640 suos,
960 1567 1021 1628 ele.
1072 1589 1128 1658 ng,
1151 1587 1492 1680 oqupmvefing,
1526 1601 1560 1657 ,1
1583 1607 1680 1656 nunc
1711 1599 1859 1682 quoque·
1876 1591 2061 1681 obedum,
2175 1625 2177 1630 -

128 1691 388 1787 Praecipuum,
416 1693 513 1786 quod
531 1691 571 1762 iu
595 1685 662 1762 hac
682 1691 1020 1776 commemoratione
1073 1691 1111 1759 in
1143 1704 1334 1782 conspectu
1364 1703 1415 1760 est
1443 1688 1617 1762 omnium.
1692 1682 1819 1778 Negari
1852 1693 1946 1762 enim
1983 1713 2060 1765 non

45 1795 255 1888 proponitur,
278 1792 346 1867 boc
363 1808 433 1866 est:
461 1791 511 1866 Ut
532 1793 753 1888 vocationem
779 1807 813 1866 et
827 1793 942 1864 officia
957 1815 1020 1865 seu
1073 1805 1186 1883 potest
1206 1793 1315 1883 magis
1341 1791 1448 1864 luisse
1472 1805 1506 1861 et
1527 1803 1625 1860 nunc'
1650 1811 1724 1860 esse
1750 1793 1905 1863 solicitos
1931 1797 1975 1868 de
1995 1821 2061 1867 ne-

48 1919 137 1987 opera
164 1897 365 1968 vocationis
386 1894 533 1990 propria
557 1895 731 1965 anteferas
752 1895 921 1965 omnibus
939 1895 1020 1965 aliis
1069 1895 1173 1984 gotiis
1187 1894 1352 1984 politicae
1366 1891 1647 1984 gubernationis,
1668 1905 1702 1962 et
1718 1895 1828 1984 magis
1842 1898 1923 1987 angi
1939 1922 2061 1970 rerum

47 1998 196 2090 operibus
220 1999 451 2093 quantumvis
471 1995 669 2089 splendidis
693 2018 734 2066 ac
756 1997 942 2088 speciosis,
974 1997 1019 2066 ad
1070 1995 1302 2067 levicularum
1326 2017 1429 2078 cura,
1455 2017 1561 2087 quam
1585 1993 1774 2062 ministerii
1797 1995 1999 2070 difficillimi
2020 2024 2061 2072 ac

48 2101 253 2183 vocationem
269 2123 345 2169 non
359 2097 633 2191 pertinentibus.
684 2097 739 2166 Ac
754 2120 892 2168 summa
912 2092 1019 2169 huius
1070 2097 1214 2168 maximi
1230 2095 1467 2169 solicitudine.
1512 2091 1842 2166 Manifestissimum
1861 2105 1912 2178 est
1926 2103 2059 2175 multos

47 2201 381 2272 commonefactiouis
410 2200 564 2273 traditur
594 2197 633 2266 iu
660 2197 781 2288 regula
817 2198 1019 2270 notissima:
1070 2197 1260 2268 ministerii
1276 2221 1394 2270 curam
1419 2219 1565 2288 prorsus
1590 2195 1775 2276 abiecisse,
1802 2202 1857 2269 vel
1880 2193 1996 2275 ho'stes
2018 2227 2059 2274 ac

48 2297 188 2375 Tantum
204 2304 400 2374 necessaria
421 2301 582 2373 facienda
602 2314 705 2380 suut,
730 2323 805 2370 non
822 2300 1018 2372 necessaria
1070 2314 1309 2392 persecutores
1319 2295 1626 2390 Evangeliiiactos
1637 2321 1721 2373 esse.
1757 2295 2059 2376 Etiaminternns

48 2425 173 2494 prorsus
186 2405 385 2476 omittenda
403 2417 506 2483 suut,
527 2393 568 2472 ac
585 2423 660 2471 non
673 2402 868 2473 necessaria
884 2424 1019 2495 nequa·
1070 2401 1320 2488 idemaccidit,
1350 2424 1434 2472 nam
1456 2400 1735 2470 innumerabiles
1752 2397 1945 2493 Evangelio
1961 2411 2059 2507 apud

49 2528 138 2597 mam
156 2507 331 2600 impedire
344 2529 399 2576 res
415 2503 628 2576 necessarias
641 2505 782 2576 debent.
833 2501 904 2574 Sed
918 2504 1020 2574 aulae
1070 2529 1136 2576 nos
1150 2503 1341 2576 servientes
1356 2496 1600 2573 vehementius
1615 2505 1846 2592 angunturde
1861 2507 1934 2578 suis
1941 2509 2060 2598 bouis,

48 2607 241 2702 principum,
263 2620 296 2678 et
309 2607 470 2698 singulae
478 2606 698 2699 privatorum
707 2604 862 2676 familiae
877 2605 1019 2676 abunde
1069 2621 1130 2678 aut
1152 2600 1389 2698 provehendis
1406 2604 1478 2676 suis
1500 2603 1623 2674 liberis
1644 2626 1684 2673 ac
1706 2606 1922 2695 domesticis,
1950 2635 2059 2704 quam

49 2715 221 2796 testantur,
246 2711 418 2780 maiorem
435 2731 509 2778 esse
524 2731 645 2778 curam
666 2731 785 2778 rerum
804 2731 879 2777 non
898 2730 1018 2776 neces-
1069 2721 1251 2798 anguntur
1264 2709 1308 2776 de
1325 2687 1450 2776 oilieiis
1464 2705 1525 2777 sui
1540 2705 1748 2792 ministerii,
1774 2710 1818 2778 ad
1838 2714 1933 2804 qnod
1955 2737 2059 2806 prae·
2154 2793 2159 2808 .

49 2811 218 2898 seriarum,
246 2834 354 2904 quam
369 2833 510 2895 earum,
535 2803 731 2903 quaesunt
741 2808 844 2878 valde
859 2831 1019 2880 necessa·
1069 2810 1171 2905 cipue
1191 2808 1307 2878 vocati
1323 2817 1417 2884 suut.
1704 2892 1713 2911 ι
2143 2879 2145 2884 ,
2183 2903 2185 2909 Ι

47 2910 124 2998 riae,
154 2913 430 3006 aeplcrumque
453 2911 549 2995 lieri,
587 2911 685 3004 quud
712 2910 861 2981 dicitur:
906 2903 1019 2982 πλείω
1171 2907 1332 2983 Sciamus
1362 2909 1471 3000 igitur
1498 2910 1537 2979 iu
1568 2903 1634 2980 hac
1668 2912 1872 2983 narratione
1900 2907 2059 3008 praecipi
2106 2929 2120 2998 J

47 3005 195 3112 πάρεργα
214 3019 295 3086 τῶν
312 3011 445 3112 ἔργων.
504 3009 555 3086 Ut
573 3011 689 3111 prima
709 3034 749 3082 sc
773 3035 911 3082 summa
935 3036 1019 3083 cura
1069 3009 1237 3081 omnibus
1261 3023 1296 3080 et
1317 3009 1487 3100 singulis,
1520 3025 1559 3082 ut
1590 3011 1703 3102 prima
1734 3029 1770 3084 et
1794 3015 1985 3109 'praecipua
2011 3021 2078 3100 sit,

69 3113 233 3207 rincipum
256 3137 331 3185 esse
353 3115 506 3186 debebat
530 3109 618 3184 haec
641 3109 869 3206 solicitudo,
886 3127 927 3190 ut
950 3137 1018 3186 vox
1070 3135 1153 3183 cura
1174 3113 1369 3182 vocationis
1392 3127 1485 3182 recte
1510 3127 1544 3184 et
1570 3113 1721 3185 fideliter
1748 3117 2059 3207 administrandae,

48 3135 216 3307 Evangelii
252 3217 459 3308 incorrupta
491 3215 531 3284 in
553 3211 721 3284 Ecclesiis
752 3223 799 3285 et'
815 3208 946 3285 scholis
972 3215 1018 3286 ab
1070 3237 1159 3309 quae
1186 3215 1293 3284 rebus
1319 3215 1400 3286 aliis
1422 3215 1590 3287 omuibus
1617 3238 1691 3286 non
1718 3219 1922 3290 necessariis
1953 3222 2059 3312 longe

47 3313 167 3389 idoneis
181 3333 217 3389 et
235 3317 401 3388 fidelibus
423 3315 596 3388 ministris
619 3330 653 3387 et
674 3316 880 3387 doctoribus
900 3318 1018 3388 trade·
1070 3316 1296 3388 anteferenda
1318 3329 1389 3399 est,
1422 3317 1514 3387 sicut
1538 3313 1603 3388 hac
1629 3318 1703 3408 ipsa
1724 3320 1768 3387 de
1790 3343 1829 3390 re
1852 3325 2059 3412 gravissime

48 3430 147 3506 setun
191 3432 317 3514 postea
341 3433 382 3490 ut
416 3432 450 3489 et
479 3418 686 3488 cancellaria
717 3438 781 3487 seu
809 3418 1018 3508 gubernatio
1072 3431 1193 3488 monet
1205 3416 1338 3488 Paulus
1367 3423 1398 3492 1.
1415 3414 1576 3492 Thessal.
1591 3417 1647 3490 4.:
1673 3415 1918 3502 Adhortamur
1938 3442 2058 3498 autem

49 3520 174 3608 politice
190 3523 244 3592 sic
263 3520 454 3593 constituta
468 3534 574 3605 esset,
598 3542 687 3613 quae
708 3542 829 3590 causas
843 3544 882 3590 ac
900 3519 1020 3614 queri·
1069 3521 1214 3604 fratres,
1240 3533 1281 3590 ut
1296 3519 1334 3590 in
1349 3543 1391 3590 eo
1414 3521 1583 3592 excellere
1592 3523 1787 3609 studeatis,
1812 3537 1844 3596 et
1861 3519 1928 3596 boc
1943 3529 2057 3599 ambi-

50 3622 172 3699 menias
193 3623 422 3695 subditorum
445 3621 597 3692 fideliter
617 3635 900 3711 cognosceretne
925 3623 1020 3691 iudi·
1070 3623 1157 3692 tiose
1171 3622 1297 3712 agatis,
1322 3636 1363 3693 ut
1378 3622 1487 3714 quieti
1502 3623 1578 3694 sitis
1591 3639 1625 3696 et
1647 3624 1782 3696 faciatis
1803 3629 1959 3726 propria.
2009 3629 2057 3703 Et
2185 3635 2186 3642 ’

50 3717 144 3809 caret;
169 3724 302 3795 deinde
321 3736 362 3795 ut
383 3737 472 3794 esset
495 3746 560 3812 pax
581 3724 741 3814 publica,
765 3718 960 3816 prohibens
982 3747 1022 3792 ac
1070 3721 1197 3797 Petrus
1220 3725 1252 3795 1.
1267 3721 1364 3795 Petri
1376 3721 1413 3796 4.
1435 3725 1572 3818 inquit:
1599 3723 1710 3796 Nemo
1733 3742 1887 3799 vestrum
1904 3731 2058 3822 patiatur

51 3828 203 3897 severiter.
213 3825 366 3918 punicus
383 3815 830 3910 latrociniainitineribus,
853 3839 893 3896 ut
907 3837 1021 3896 essent
1121 3825 1171 3895 asi
1207 3820 1410 3911 homicida,
1452 3840 1512 3897 aut
1545 3829 1619 3908 sur,
1665 3840 1727 3918 aut
1760 3831 1957 3915 maleficus,
1995 3847 2057 3904 aut

5 3987 6 3990 ,
50 3925 263 4014 rapinarum,
286 3927 673 4007 furtorum,‹caediuin
696 3950 737 3996 ac
759 3926 929 3998 similium
947 3949 1021 3998 sce-
1072 3922 1450 4024 allorptoena'oxonoc.
1504 3927 1630 3998 Monet
1653 3926 1779 4000 Petrus
1804 3933 1981 4021 singulos,
2015 3948 2064 4006 nt.

51 4023 152 4097 lerum
167 4021 303 4121 p'oeuae
318 4028 479 4119 publicae
494 4041 527 4098 et
542 4049 699 4100 severae:
718 4031 777 4098 sed
796 4023 882 4099 baec
895 4053 1021 4119 magua
1072 4051 1155 4100 suae
1170 4029 1365 4101 vocationis
1381 4029 1524 4122 propria
1539 4030 1652 4104 olficia
1667 4030 1818 4101 fideliter
1833 4057 1874 4102 ac
1888 4047 2056 4106 coustan-

52 4139 80 4196 et
98 4129 288 4200 necessaria
313 4129 428 4201 officia
454 4128 667 4222 pertinentia
688 4131 735 4199 ad
765 4130 965 4222 principum
990 4142 1026 4202 et
1071 4146 1125 4202 ter
1139 4131 1292 4217 iaciant,
1317 4155 1382 4201 nec
1397 4154 1434 4201 se
1449 4131 1574 4201 alienis
1591 4131 1739 4218 negotiis
1756 4133 1996 4222 immisceant,
2022 4151 2057 4209 et

51 4229 261 4304 subditorum
276 4229 707 4316 ineolumiutem,‘rnutto
728 4231 842 4302 levius
863 4256 905 4302 ac
922 4232 1023 4324 frigi·
1071 4233 1223 4304 affirmat
1245 4257 1378 4325 poenas
1401 4233 1499 4327 sequi
1525 4233 1697 4306 divinitus
1718 4235 1900 4336 audaciam
1922 4239 2057 4311 irrum-

51 4329 119 4401 dius
133 4347 312 4418 curantur,
333 4357 441 4426 quam
457 4332 555 4404 stulti
572 4345 607 4403 et
621 4357 695 4402 uon
710 4334 897 4418 necessarii
914 4357 1023 4426 appa·
1072 4349 1211 4429 pentem
1227 4335 1268 4404 in
1282 4335 1434 4405 aliorum
1453 4335 1685 4412 vocationem.

38 4447 136 4516 ,ratus
157 4435 196 4505 in
220 4435 358 4526 pompis
377 4431 565 4518 inanibus,
598 4435 636 4504 in
660 4431 958 4522 helluationibus,
982 4436 1022 4505 in
1062 4473 1066 4478 ·
1309 4439 1311 4445 '

55 4535 364 4618 gesticulationibus
391 4531 609 4606 histrionicis
631 4551 692 4607 aut
714 4527 951 4624 gladiatoriis,
981 4539 1020 4607 in
1212 4600 1218 4615 .
1264 4601 1272 4621 ,
1316 4599 1353 4622 .,
1398 4599 1406 4618 ,

55 4635 170 4724 quibus
189 4637 404 4731 apparandis
427 4637 538 4707 nullis
565 4637 757 4722 sumtibus,
790 4640 901 4711 nullis
922 4641 1022 4712 labo·
1175 4595 1351 4722 ΜΨ
1371 4625 1461 4674 ‘⁸⁰⁸‘
1502 4599 1558 4671 Εἰ
1578 4624 1650 4674 ⁶⁶⁶⁶
1669 4611 1789 4722 ’ΜΨ
1810 4631 1970 4729 'Minui
1985 4617 2060 4712 sa·

28 4816 33 4826 ,
56 4733 141 4806 ribus
154 4753 216 4810 aut
231 4738 325 4810 curis
338 4739 506 4830 parcitur.
556 4736 665 4828 Quod
681 4739 718 4808 in
735 4741 824 4811 aulis
844 4741 902 4824 fit,
928 4744 1023 4813 idem
1176 4714 1253 4777 ⁶¹²⁸
1269 4714 1375 4826 ΨΜ
1390 4727 1510 4789 'mm’
1537 4713 1592 4774 ’ω
1610 4712 1649 4772 ¹¹¹
1664 4705 1840 4824 ''QUI‘'
1862 4724 2060 4806 ⁰P⁶W⁶¹¹ff

57 4833 89 4901 iu
101 4849 156 4908 tua
170 4843 242 4912 rita
257 4854 292 4912 et
305 4839 439 4910 familia
461 4832 657 4914 considera.
709 4841 1027 4914 Plurimorumso-
1176 4806 1356 4893 ambus·
1402 4799 1825 4904 IF⁸⁶'⁹⁶'⁰d⁰¹'m¹⁶h“¹’
1851 4821 1912 4888 ⁶¹⁶·

58 4933 190 5012 licitudo
209 4965 248 5012 ae
264 4965 348 5012 cura
363 4943 403 5012 in
418 4941 535 5012 stultis
544 4958 578 5015 et
594 4967 670 5012 uon
685 4946 890 5015 necessariis
905 4945 1026 5014 aedifi·
1179 4939 1391 5037 Exemplum
1411 4955 1445 5013 et
1462 4944 1578 5032 imago
1592 4953 1644 5012 est
1657 4943 1806 5034 pingens
1821 4946 1922 5017 nobis
1935 4913 2062 5022 latiens

60 5039 498 5134 sationibussplendidis‚in
506 5044 642 5115 deliciis
650 5045 833 5119 ardelectu
844 5071 1029 5141 equorum,
1076 5041 1273 5130 Ecclesiae,
1288 5047 1403 5117 donec
1417 5045 1456 5114 in
1471 5040 1537 5115 hoc
1552 5067 1763 5117 aerumnoso
1778 5048 1954 5121 curriculo
1970 5048 2063 5126 vitae

62 5141 1027 5239 etsimiliumrerumirivolarum,multomaiorestquam
1077 5147 1271 5239 corporalis
1315 5147 1503 5237 colligitur.
1578 5141 1631 5216 Ac
1665 5148 1837 5237 significat
1863 5164 2066 5248 utrumque,

62 5235 94 5312 io
107 5243 158 5336 pia
172 5247 377 5322 educatione
389 5259 424 5320 et
438 5247 661 5322 institutione
673 5252 867 5329 necessaria
884 5251 1031 5366 misero·
1082 5250 1226 5348 quantis
1242 5248 1461 5424 periculipoeep
1473 5247 1658 5322 doloribus
1673 5249 1712 5321 iu
1733 5243 1800 5322 hac
1824 5250 1895 5326 vita
1908 5251 2065 5368 Ecclesia

1123 4495 1179 4571 Ec
1197 4495 1409 4574 aseendente
1422 4521 1462 4568 eo
1479 4497 1518 4569 in
1528 4497 1739 4577 naviculam
1754 4505 1869 4576 seculi
1877 4519 1963 4580 sunt
1979 4496 2059 4582 eum
