4674 5822
144 235 149 242 .
233 185 332 261 1179

824 179 953 260 PHIL.
979 181 1332 258 nubeculam
1360 182 1663 263 exsudatos.

407 351 499 431 Non
525 353 735 453 relinquam
758 376 820 424 eos
843 349 1045 453 orphanos.
1087 383 1090 388 ·

2170 207 2258 280 1180
2325 239 2326 242 “

1296 391 1315 414 ι·
1376 349 1478 442 Quid
1503 371 1573 440 est,
1607 383 1679 430 non
1705 363 1792 456 quid
1815 365 1947 434 factum
1972 383 2044 454 est,
2069 316 2258 463 legendum.

289 555 292 562 A
333 477 591 550 promissione,
607 479 651 546 de
665 501 772 568 ,0300
793 499 856 546 ,uo
874 476 978 546 1250,
994 477 1158 568 exponet,
1184 490 1224 547 m
1275 452 1371 526 Dicit
1387 457 1420 524 ei
1436 455 1554 546 ludas,
1578 465 1740 533 nondum
1757 467 1959 556 intelligens
1975 479 2257 548 resurrectionem
2325 507 2326 546 1

231 585 341 675 enge
362 581 559 652 intonans
587 579 839 663 conscientias,
880 592 915 648 a
937 579 1090 650 inculca
1115 581 1164 648 aas
1188 603 1224 649 se
1276 575 1337 631 ³11¹
1355 563 1594 648 manitionem
1611 568 1710 656 sesni
1724 564 1858 640 Christi
1869 569 1926 658 ¹⁰)·

230 699 448 780 praesentem
467 685 605 766 adesse,
632 681 760 750 necubi
783 684 979 772 desperent.
1030 679 1123 751 Nam
1138 683 1222 774 quia

229 813 305 859 non
329 789 551 876 cognoscitur
572 799 670 875 pater
693 785 731 852 in
755 808 861 875 opere
891 785 1095 867 creationis,
1130 785 1222 853 filius
1486 865 1516 888 ..

229 896 333 963 datus
349 905 417 974 est,
443 913 506 981 per
528 911 632 982 quem
660 888 824 956 voluntas
844 887 955 978 patris
981 903 1223 976 cognoscatur,
1275 864 1516 988 Ιῐῦξξδῑεθῐΰ
1541 885 1847 942 ⁰⁵l⁰¹¹³1¹r¹¹⁵⁸¹¹m
1872 899 1929 945 me
1954 881 2077 949 verbo·
2130 883 2258 978 Siquis

230 995 291 1089 qui
309 993 474 1065 Cerilssi'es
492 1015 556 1060 nos
580 990 703 1078 faciat,
737 990 841 1078 plane
867 984 935 1058 hoc
959 990 1048 1058 vesse
1072 1002 1222 1079 patrem,
1276 973 1394 1090 tliltgti
1412 996 1487 1056 me,
1509 995 1707 1093 ser-monim
1725 990 1810 1093 dic„
1836 979 1938 1070 quusi
1955 981 2102 1053 diceret}
2129 987 2258 1056 Abdita

228 1111 269 1166 ut
294 1095 487 1178 salvemur,
515 1091 605 1160 velle
629 1115 731 1181 opem
756 1091 867 1176 ferro,
893 1093 1000 1160 modo
1025 1115 1059 1159 se
1076 1092 1222 1159 invoce-
1273 1074 1830 1194 111ῧὸ(ὃωῧιθῑξψθιῑῦᾒῑῐθῃθῦ
1857 1085 1902 1147 de
1930 1105 2051 1170 ¹⁰8⁰&
2119 1085 2188 1158 Sssd
2219 1093 2259 1157 de

228 1221 318 1267 mus,
348 1194 469 1268 ‚Hm
492 1193 678 1282 Evangelii
705 1217 840 1263 summa
866 1207 926 1266 ω,
987 1190 1061 1261 lam
1090 1194 1153 1262 ubi
1182 1194 1221 1261 ᾗ,
1275 1177 1384 1244 verbo
1400 1177 1606 1294 saltemtrbs
1625 1183 1870 1267 cogitandum,
1897 1189 1994 1275 quod
2016 1191 2257 1260 estverissima

228 1293 334 1370 corde
350 1277 423 1370 non
440 1311 489 1368 est
504 1293 710 1364 huiusmodi
728 1296 874 1376 fidncia,
902 1315 1040 1364 necesse
1054 1308 1128 1379 est,
1154 1290 1221 1390 hy·
1274 1279 1383 1367 Ρθῑΐῖὅ
1400 1281 1574 1368 ⁰⁰8¹¹l²¹02
1599 1279 1805 1368 RlOrffifflllO
1822 1297 1855 1354 ei
1873 1307 2020 1373 reguum
2036 1303 2100 1362 etc.
2154 1290 2259 1361 Filius

1336 729 1385 804 Si
1404 731 1489 832 quis
1513 728 1734 830 astigitana,
1760 761 1962 815 sermonem
1982 770 2101 816 meum
2123 758 2196 842 ete,

227 1389 384 1492 pocrisin
401 1425 473 1470 esse
492 1423 633 1467 omnem
658 1399 791 1466 cultum
809 1395 874 1466 Dei
897 1411 931 1467 et
954 1397 1073 1466 omnia
1103 1421 1220 1486 opera.

227 1503 310 1573 Non
326 1505 524 1596 relinquam
550 1521 612 1569 vos
627 1496 826 1590 orphanos,
851 1499 984 1568 scilicet
999 1499 1134 1590 alioqui
1158 1502 1240 1568 de·-

227 1607 368 1676 stitutos
385 1605 483 1674 omni
501 1602 677 1695 praesidio
693 1603 736 1670 ab
753 1602 921 1670 omnibus
938 1603 1120 1670 creaturis.
1161 1600 1221 1670 Sic

229 1722 263 1778 et
279 1723 378 1800 pater
396 1709 469 1798 ipse
491 1719 594 1775 vocat
616 1729 696 1772 enm
712 1703 810 1773 .Psal.
835 1701 1036 1816 Lxxwt:
1078 1701 1218 1772 Patrem

228 1808 472 1904 orphanorum
492 1822 525 1877 et
544 1807 719 1874 vindicem
738 1806 937 1875 viduarum.

485 1955 525 2030 V
524 1981 565 2028 os
588 1963 710 2025 autem
733 1949 862 2026 uidetis
886 1978 952 2027 me.

326 2095 400 2165 lam
430 2119 526 2163 nunc
552 2093 782 2182 cognoscitis,
824 2115 882 2159 me
910 2092 1019 2160 vitam
1045 2112 1134 2177 esse,
1167 2105 1218 2178 ut,

224 2221 429 2293 quenquam
446 2197 646 2285 crucifiget,
672 2195 789 2263 vivam
805 2208 936 2265 tamen.

559 2335 662 2438 Quia
691 2363 755 2435 ego
782 2337 873 2428 eino,

222 2485 373 2563 scilieet,
399 2501 604 2574 quanquam
623 2477 693 2546 vita
711 2477 949 2546 abscondatur
965 2489 1092 2545 morte.
1139 2475 1218 2547 Hoc

223 2601 276 2657 est
299 2586 394 2680 quod
417 2581 611 2674 Apostolus
636 2580 700 2649 ait:
733 2574 910 2648 Thesauri
935 2579 1041 2648 vestri
1068 2580 1214 2651 abscon-

203 2689 300 2772 diti.
318 2730 366 2747 *-
408 2682 457 2754 Et
483 2705 546 2752 vos
568 2681 714 2763 vivetis,
747 2682 830 2772 qnia
861 2683 984 2748 eodem
1010 2681 1138 2773 spiritu
1161 2682 1216 2752 vi-

223 2805 308 2861 vant
326 2803 360 2859 et
375 2783 539 2857 Christus
556 2797 591 2852 et
604 2783 667 2876 qui
682 2796 766 2853 sunt
781 2783 820 2852 iu
838 2779 992 2854 Christo.

424 2951 476 3025 ln
504 2951 561 3024 die
589 2949 660 3024 illo
688 2975 749 3022 vos
776 2950 1007 3046 cognoscetis.

324 3093 422 3164 Haec
446 3092 621 3165 sententia
645 3091 756 3160 relata
779 3103 831 3161 est
845 3092 890 3160 ad
908 3104 1100 3160 extremum
1118 3091 1214 3161 iudi-

221 3197 341 3268 cium?
375 3191 471 3266 Mihi
492 3208 701 3284 argumento
724 3207 824 3278 sunt,
865 3194 961 3285 quod
988 3194 1034 3262 ad
1056 3216 1214 3264 resurre-

221 3301 374 3370 ctionem
396 3299 597 3388 pertineant
621 3292 724 3379 haec,
763 3310 797 3366 et
821 3297 907 3388 quia
929 3297 1132 3367 consolatur
1154 3320 1213 3368 re·

220 3403 326 3472 lietos
346 3402 516 3484 interra,
542 3401 674 3494 quibus
697 3399 813 3466 verbis
835 3397 969 3470 indicat
989 3399 1084 3481 fore,
1115 3413 1155 3468 ut
1171 3423 1213 3470 ex

219 3499 478 3570 resurrectione
504 3513 694 3588 agnoscant
710 3497 777 3570 Dei
795 3499 989 3590 potentiam
1005 3500 1042 3568 in
1059 3495 1212 3588 Christo,

219 3617 254 3672 et
270 3601 355 3698 quia
372 3613 490 3692 postea
512 3600 765 3689 interpretatur
780 3600 999 3670 manifestari
1021 3624 1058 3671 ee
1073 3602 1111 3671 id
1126 3625 1212 3684 esse,

219 3706 315 3798 quod
337 3703 459 3771 venire
482 3717 516 3770 et
542 3703 762 3770 mansionem
785 3703 908 3798 facere,
923 3704 1017 3793 apud
1037 3727 1117 3790 eos,
1148 3705 1212 3800 qui

218 3818 358 3877 servent
390 3805 565 3874 mandate.
626 3801 732 3892 Quod
758 3825 822 3892 ego
845 3804 885 3873 in
911 3819 1009 3894 patre
1027 3805 1115 3888 sim,
1143 3808 1167 3882 i.
1183 3831 1210 3882 e.

219 3907 315 4001 quod
339 3907 405 3974 sim
429 3905 586 3996 potentia
605 3901 688 3988 Dei,
731 3929 821 3996 quae
845 3917 879 3974 et
904 3907 943 3974 in
967 3909 1068 3978 vobis
1091 3909 1211 3979 efficax

218 4021 280 4081 est.
334 4006 375 4077 ln
395 4006 549 4082 Dietitto
568 4008 800 4095 cognoscetis,
825 4007 903 4078 scil.
919 4009 969 4078 sie
983 4013 1136 4100 rogabo,
1172 4026 1211 4083 ut

119 4191 122 4198 ¹
218 4109 466 4181 testificaturus
490 4110 556 4179 sim
574 4110 674 4177 vobis
689 4111 857 4198 dercgno
881 4135 979 4196 meo,
1011 4126 1051 4184 ut
1076 4107 1210 4205 cogno-

216 4213 339 4298 scatis,
372 4208 438 4279 Dei
457 4211 650 4304 potentiam
674 4236 730 4280 me
752 4234 836 4283 csse.
864 4291 867 4300 Ι
891 4211 1125 4286 Testilicabor
1145 4243 1209 4286 au-

217 4328 306 4398 tem,
340 4337 418 4382 cum
445 4327 595 4384 tentatos
623 4304 835 4398 sublevabo,
863 4315 1078 4386 consolabor
1097 4333 1130 4389 et
1154 4321 1209 4389 vi-

214 4417 376 4486 vlfieabo.

322 4537 325 4542 ’
436 4509 516 4625 Qui
540 4510 652 4586 hadel
677 4511 861 4588 mandata
888 4542 982 4603 mea,

216 4635 349 4706 scilicet
366 4659 446 4704 vcra
464 4636 549 4724 lide3
576 4638 635 4706 sed
657 4637 738 4730 qnia
755 4662 837 4707 caro
852 4636 1069 4729 nonhabet,
1093 4667 1207 4736 qnan-

215 4761 320 4832 qnam
345 4738 486 4808 simulet
508 4735 710 4826 se‘habere3
737 4739 838 4810 litera
862 4755 912 4812 est
939 4743 1035 4813 enim
1058 4748 1206 4816 verbum

213 4839 283 4910 Dei
302 4841 418 4926 carni,
445 4863 518 4910 non
536 4841 691 4932 spiritus.

156 5077 161 5090 ,
230 4966 234 4976 ¹
268 4999 348 5104 Qui
373 5007 501 5104 diligit
529 5033 583 5081 me
593 4965 609 5092 ,i
629 5007 805 5108 diligitur
829 5025 862 5086 et
877 5021 908 5088 'a
927 5027 1035 5116 petre
1059 5043 1172 5098 meu.-

319 5141 413 5233 Quia
433 5147 471 5213 in
487 5142 631 5218 Christo
655 5173 787 5219 omnes.
803 5152 1015 5243 diliguntur.
1066 5155 1115 5227 Ει
1130 5181 1213 5230 me-.

187 5299 189 5310 .
215 5245 389 5318 nilestabo
407 5271 463 5314 me
479 5249 531 5325 ei.
557 5247 680 5336 idest,
704 5253 859 5325 ssdsinde
874 5255 1004 5328 clarius
1016 5260 1101 5332 dum
1120 5285 1205 5354 pro·

214 5350 319 5419 littus
337 5349 434 5422 fidet.

1274 1379 1379 1449 nobis
1397 1383 1518 1466 datus,
1550 1395 1589 1449 ut
1606 1407 1667 1474 per
1686 1383 1800 1472 ipsum
1818 1387 1922 1454 nobis
1938 1404 2072 1478 pateret
2089 1394 2206 1461 aditus
2220 1399 2257 1462 ad

1274 1505 1441 1570 regnum,
1475 1497 1510 1552 et
1524 1470 1810 1554 coardenarentur
1826 1489 1932 1558 nobis
1957 1507 2105 1579 peccata.
2161 1495 2258 1564 Man-

1273 1585 1411 1652 sionem
1436 1586 1530 1674 apud
1556 1587 1671 1675 ipsum
1695 1587 1861 1675 facimus3
1893 1613 2018 1660 sumus
2036 1596 2134 1663 enim
2150 1621 2258 1665 exem-

1273 1686 1371 1774 plum
1397 1686 1473 1756 Dei.
1537 1685 1619 1755 Non
1652 1689 1823 1774 servabit,
1872 1716 2077 1786 quanquam
2112 1699 2259 1772 simulet.

1272 1784 1353 1856 Non
1372 1801 1422 1856 est
1436 1813 1555 1873 meus,
1583 1789 1606 1860 i.
1623 1813 1652 1858 e.
1663 1813 1749 1875 ;non
1765 1807 1817 1862 est
1831 1795 1984 1864 earnalis
2000 1795 2059 1891 ιι).

1512 1954 1613 2028 Haec
1638 1954 1780 2030 Iocutus
1799 1986 1881 2033 sum
1905 1962 2019 2048 vobis,

1271 2091 1307 2160 id
1333 2107 1401 2178 est,
1433 2095 1579 2164 verbum
1603 2096 1746 2188 quidem
1771 2121 1835 2188 ego
1859 2105 2094 2190 annunciem,
2129 2109 2211 2200 quia
2227 2110 2262 2176 in

1046 2248 1048 2264 .
1148 2287 1151 2297 1
1271 2189 1339 2263 hoe
1362 2196 1461 2280 veni,
1495 2210 1536 2265 ut
1557 2200 1812 2268 annunciarem
1839 2204 2007 2286 verbum,
2041 2211 2101 2276 sed
2126 2212 2163 2278 id
2186 2237 2260 2280 ver-

1273 2295 1357 2366 bum
1381 2320 1455 2366 non
1482 2299 1686 2388 intelligetis
1707 2302 1777 2370 nisi
1800 2307 1948 2375 docente
1967 2305 2107 2398 Spiritu
2130 2330 2259 2402 sancto,

1270 2411 1375 2490 atque
1399 2400 1429 2467 is
1452 2425 1593 2493 quoque
1623 2403 1767 2473 dabitur
1797 2429 1877 2475 cum
1907 2409 2125 2496 glorificatus
2154 2417 2261 2484 fuero.

1269 2497 1359 2568 Nam
1376 2502 1412 2570 in
1428 2497 1496 2570 hoc
1512 2504 1606 2576 veni.
1659 2503 1753 2593 Quia
1774 2508 1869 2575 enim
1891 2513 2038 2600 verbum
2062 2539 2182 2585 meum
2200 2543 2260 2608 po-

1270 2604 1378 2673 tentia
1396 2601 1462 2674 Dei
1481 2618 1548 2685 est,
1576 2606 1656 2674 ideo
1674 2631 1747 2676 non
1766 2611 1911 2681 auditur
1928 2615 2129 2691 carnaliter.

1578 2770 1692 2874 Apud
1710 2801 1772 2848 eos
1790 2804 1956 2856 monens.

1370 2909 1517 2981 luterim
1534 2914 1618 2982 dum
1641 2935 1718 2984 sum
1736 2919 1937 3004 vobiscum,
1971 2921 2097 3008 idest,
2124 2920 2192 2995 hoc
2214 2941 2261 2997 est

1269 3014 1438 3093 verbum,
1465 3017 1561 3107 quod
1585 3017 1655 3083 iam
1677 3019 1825 3086 audistis
1839 3034 1872 3091 et
1887 3026 2089 3114 accepistis,
2118 3051 2184 3096 nec
2201 3045 2259 3113 est,

1269 3117 1364 3206 quod
1400 3117 1589 3210 quicquam
1619 3121 1805 3208 expectetis
1836 3122 1948 3209 ultra,
1990 3127 2060 3210 nisi
2085 3127 2257 3221 Spiritum
2325 3155 2326 3168 ¹

1266 3230 1446 3299 sanctum,
1471 3221 1533 3310 qui
1557 3213 1623 3288 hoc
1641 3218 1756 3309 ipsum
1775 3225 1921 3294 v'erhum
1941 3229 2041 3297 vobis
2056 3232 2260 3315 declarabit,
2325 3277 2326 3292 ι

1266 3343 1348 3386 nam
1367 3319 1479 3389 virtus
1496 3335 1529 3389 et
1549 3317 1703 3418 potentia
1719 3321 1791 3393 Dei
1808 3325 1871 3400 est.

1440 3483 1556 3585 Quem
1583 3491 1698 3563 mittet
1718 3504 1825 3592 paler
1844 3509 1991 3597 propter
2015 3526 2083 3590 me,

1266 3625 1394 3705 idest,
1420 3627 1622 3698 innomine
1645 3655 1735 3703 meo.
1788 3633 2015 3728 Sicutsnpra
2037 3642 2144 3712 dicit:
2182 3644 2255 3716 Ro-

1263 3727 1353 3816 gabo
1377 3742 1530 3818 patrem,
1566 3747 1600 3801 et
1624 3735 1723 3803 dabit
1746 3737 1928 3826 spiritum,
1953 3743 2001 3810 ita
2024 3739 2081 3814 bic
2097 3746 2255 3838 intellige
2325 3753 2326 3808 l

1264 3830 1427 3920 spiritum
1450 3833 1527 3899 dari
1552 3848 1701 3933 propter
1711 3833 1913 3927 Christum,
1938 3846 2022 3935 quia
2046 3847 2085 3913 in
2106 3846 2252 3920 'Christo
2325 3857 2326 3920 l

1262 3931 1473 4021 diliguntur.
1530 3932 1735 4027 Accipimus
1768 3955 1803 4010 et
1831 3945 2029 4035 peripsum
2052 3957 2086 4020 et
2108 3967 2254 4047 propter
2325 3937 2326 3940 Ἴ

1263 4035 1378 4124 ipsum
1395 4033 1569 4126 Spiritum
1588 4055 1765 4127 sanctum,
1792 4047 1853 4136 qni
1870 4069 1936 4118 nos
1954 4051 2146 4142 adoptione
2164 4057 2251 4124 filios
2325 4127 2326 4130 ,

1262 4137 1366 4221 facit,
1409 4139 1499 4208 sicut
1524 4139 1598 4229 ipse
1627 4143 1754 4212 natnrd
1776 4146 1955 4232 filibsest.
1987 4151 2106 4222 'Nam
2128 4157 2168 4225 in
2187 4154 2252 4227 boe

1261 4239 1640 4331 accepimusSpiritnr'n
1653 4243 1879 4336 sanctum',··ut
1886 4251 1953 4319 lilii
1968 4253 2103 4326 bamus.
2128 4258 2251 4344 Porro,

1261 4355 1405 4432 propter
1426 4335 1607 4414 Christum
1627 4332 1693 4416 tilii
1718 4339 1906 4444 stiriaque,
1940 4354 2092 4446 proinde
2112 4375 2146 4431 et
2169 4387 2249 4454 pro-

1261 4455 1339 4533 pter
1354 4437 1538 4514 Christum
1557 4441 1943 4556 spiritum‘aec'ipimns.

1514 4611 1593 4718 ille
1615 4612 1752 4692 docebit
1777 4647 1839 4696 vos
1863 4627 2001 4714 omnia,

1244 4743 1391 4820 'scilieet
1413 4749 1644 4840 spiritualiter
1660 4752 1737 4850 Η),
1752 4739 1842 4850 qnae
1866 4763 1966 4833 vobis
1988 4765 2080 4847 dixi,
2117 4771 2151 4840 et
2174 4793 2242 4839 non

1259 4850 1340 4923 elia.
1372 4849 1507 4950 Prirno,
1531 4878 1626 4926 novo
1641 4855 1848 4934 testamento
1863 4865 2069 4950 nullanova
2085 4872 2241 4943 doctrina

1295 5191 1342 5252 ιιι)
1360 5189 1471 5244 Veros:
1489 5191 1567 5254 Qutd
1581 5193 1640 5258 est,
1656 5203 1718 5247 aeta
1732 5200 1803 5262 ecee
1820 5201 1891 5265 eto,
1909 5202 1975 5255 tuta.
1993 5207 2157 5259 nonhabet

1295 5263 1342 5321 tt)
1362 5261 1473 5312 Potius:
1498 5263 1542 5313 eet
1558 5265 1699 5316 camara.
1715 5289 1751 5303 —
1791 5269 1899 5323 Verba:
1924 5271 2107 5330 Manstonem
2121 5303 2156 5313 -
2173 5291 2239 5330 ear·

1326 5331 1423 5398 natts,
1447 5329 1586 5380 'tubrnou
1600 5331 1692 5392 ‚hebet
2111 5374 2114 5382 ·

1292 5399 1339 5459 12)
1357 5401 1426 5451 Tuta.
1443 5395 1538 5478 “dds
1552 5399 1715 5457 amonem
1732 5407 1846 5477 mu,
1864 5411 1984 5466 mecca
