4620 5814
32 189 106 268 seo
557 174 658 250 ιιι
688 167 1093 251 amorensium-
1112 169 1165 248 rs
1196 165 1500 248 nrtnoffle.
1961 179 2039 262 ιρι

169 352 238 428 lli.
289 349 407 442 Quasi
427 347 542 439 ipisus
562 349 727 420 ultores
743 345 893 420 farriam
910 345 1004 437 regi-
1053 345 1154 415 sione
1174 355 1273 416 ortus
1294 357 1347 415 est
1362 337 1565 431 Mehomet,
1588 344 1675 415 inde
1697 353 2037 426 recalescet-vastitas

229 454 360 525 minis?
394 452 541 522 nutlsnc
570 451 638 522 erit
664 451 825 542 superior
854 463 1005 542 potestas
1053 442 1299 520 Ecclesiamm.
1351 441 1450 516 llaec
1467 446 1591 516 manis
1611 448 1756 518 intuens
1769 444 1952 535 Christus,
1978 449 2035 524 hic

224 553 451 647 gubernans?
500 549 724 644 Responsio,
747 547 910 623 Christus
928 551 1004 622 snit
1049 561 1125 624 ‚tarn
1146 549 1285 618 denter
1304 547 1535 619 sonnoaatnr
1552 550 1597 618 de
1618 549 1812 642 scandalis,
1835 563 1872 645 et
1890 575 1956 622 nos
1971 556 2036 624 ad.

223 657 300 746 regi
323 653 499 726 Ecclesiae
518 651 715 745 Evangelio
744 675 830 744 suo,
865 668 900 724 et
929 676 1003 722 non
1054 662 1193 735 monet,
1217 661 1261 718 ιιι
1281 648 1390 719 verbo
1410 649 1677 738 regi-velimus,
1697 663 1739 722 ut
1760 675 1945 724 aveamus
1959 676 2036 726 arn·
2095 655 2101 658 ’

223 758 413 829 autoritate
434 751 610 843 bumana,
635 779 710 826 non
733 750 1004 847 gradibus‘Epi·
1053 749 1182 824 bitiosa
1197 750 1393 822 cmtnina
1402 752 1450 821 de
1464 752 1644 835 emuna,
1670 753 1989 832 noeminbterio.

224 881 283 929 sco
309 881 425 930 oram.
1467 919 1470 926 ,

168 954 257 1030 ilii.
286 883 387 1030 pEtsi
408 969 461 1029 est
481 954 673 1050 aequalitas
697 952 916 1028 arithmetice
939 977 1005 1046 gu-
1446 952 1496 1008 Β·
1525 949 1649 1012 “iiiii
1971 1007 1975 1016 -

225 1061 458 1130 bernatorum
480 1057 519 1127 in
543 1055 718 1142 Ecclesia,
740 1053 1005 1152 quemchristus
1128 1054 1246 1143 Quam
1261 1053 1446 1128 constitnit
1459 1051 1681 1127 hiciorsnam
1692 1057 1901 1146 regiminis?
1931 1058 2040 1132 Prin·

220 1184 298 1231 non
320 1159 398 1231 vult
421 1178 625 1251 quenquam
643 1158 811 1231 excellere
825 1172 1006 1252 potestate,
1054 1158 1177 1250 cipalis
1195 1159 1379 1248 responsio
1396 1171 1446 1228 est
1463 1158 1502 1225 in
1518 1150 1587 1227 boc
1601 1157 1714 1228 dicto:
1738 1157 1780 1228 Si
1795 1159 1875 1253 quis
1888 1182 2039 1251 puerum

222 1275 342 1332 tamen
361 1273 413 1330 est
430 1258 664 1351 inaequalitas
680 1263 868 1332 donorum.
900 1257 952 1330 lta
967 1260 1005 1329 iit
1053 1258 1179 1350 recipit
1200 1257 1240 1326 in
1264 1257 1411 1328 nomine
1434 1256 1537 1350 Meo,
1564 1279 1621 1327 nte
1643 1259 1779 1350 recipit.
1828 1257 1899 1332 Hic
1918 1275 2039 1334 osten-

221 1361 435 1451 geometrica
473 1360 675 1450 proportio,
723 1386 804 1432 curn
842 1361 1007 1433 videlicet
1054 1362 1107 1432 dit
1128 1383 1164 1431 se
1188 1358 1333 1448 ailigere
1348 1355 1560 1443 Ecclesiam,
1584 1381 1659 1428 non
1680 1361 1725 1430 ad
1749 1358 1858 1432 ullius
1880 1357 2074 1464 bominis,

222 1461 431 1532 excelientes
453 1461 580 1546 donis,
604 1461 795 1552 diligenter
816 1463 1005 1534 consulunt
1055 1481 1259 1555 personam,
1291 1461 1352 1530 sed
1380 1460 1426 1529 ad
1453 1460 1603 1530 verbu·
1625 1482 1743 1547 suum.
1799 1461 1885 1534 ldeo
1907 1465 2036 1558 inquit,
2107 1532 2113 1542 ‚

68 1575 70 1580 '
222 1562 473 1646 inferioribus,
498 1573 534 1632 et
556 1565 771 1635 antecellunt
793 1582 852 1633 cos
872 1562 1006 1635 autori·
1055 1565 1128 1633 sive
1149 1562 1240 1632 alius
1254 1560 1402 1632 verbnm
1416 1583 1535 1632 menso
1549 1561 1717 1643 attulerit,
1738 1563 1870 1636 sedite.
1917 1563 2037 1638 Verbo

218 1676 306 1734 tate.
355 1659 407 1732 Et
426 1675 589 1748 econtra,
614 1665 800 1736 interiores
820 1665 1006 1755 obtempe-
1054 1664 1130 1753 regi
1151 1684 1215 1734 vos
1238 1661 1345 1748 volo,
1378 1685 1452 1732 non
1475 1661 1643 1752 gradibus
1665 1686 1909 1754 personarum.
1959 1663 2038 1740 Hoc

220 1776 307 1836 rent
327 1767 362 1834 et
382 1763 514 1835 cedunt
535 1763 843 1839 excellentioribus
863 1778 1007 1858 pmpter
1054 1765 1149 1850 vult,
1180 1764 1351 1848 comsit,
1380 1762 1523 1858 Siquis
1546 1787 1695 1855 ριιιιιιιιι
1716 1756 1887 1856 receperit
1907 1767 1948 1837 in
1970 1791 2039 1838 no·

219 1866 372 1936 veebum
385 1861 463 1935 Dei.
805 1891 808 1896 ·
1054 1867 1152 1938 mine
1171 1888 1268 1948 meo,
1292 1865 1422 1949 idest,
1446 1867 1595 1936 verbnm
1617 1889 1737 1936 meam
1756 1867 1980 1952 afferentem,
2002 1881 2040 1942 et

169 1964 222 2040 V.-
270 1963 483 2036 Admonitio
502 1964 547 2033 de
566 1960 732 2036 mvsnrlis
747 1963 923 2036 scandalis
941 1963 1007 2034 do-
1054 1965 1209 2060 postulat
1229 1979 1270 2035 ut
1285 1965 1354 2055 ipsi
1370 1960 1534 2057 Apostoli
1549 1966 1621 2036 sint
1636 1962 1789 2038 humiles
1804 1993 1902 2040 more
1917 1970 2039 2040 inian-

221 2066 360 2137 ctrinae
376 2077 410 2134 et
424 2086 578 2134 morum.
1055 2082 1148 2152 tum,
1180 2061 1273 2136 nihil
1303 2061 1420 2136 adhuc
1444 2067 1491 2135 de
1511 2087 1619 2156 regno
1641 2067 1911 2155 disputantiam.
1973 2065 2040 2144 Est

169 2167 234 2239 vl.
290 2162 751 2254 Decustodisangelorum.
1056 2168 1150 2240 enirn
1184 2167 1298 2236 facilis
1333 2180 1369 2236 et
1397 2167 1545 2236 illustris
1574 2167 1763 2258 applicatio
1791 2192 1864 2240 seu·
1881 2171 2039 2242 collatio.

171 2266 257 2344 Vll.
294 2263 348 2336 De
383 2266 580 2337 infantibus
610 2266 649 2334 in
679 2264 838 2337 Ecclesia
869 2263 1007 2356 insigne
1057 2270 1146 2340 Nam
1161 2265 1308 2339 fortiore
1326 2267 1534 2340 naturaliter
1548 2268 1616 2338 sibi
1630 2283 1777 2341 sumunt
1791 2271 1982 2370 imperium
1999 2272 2038 2341 in

222 2366 492 2452 testimonium,
516 2367 613 2460 quod
629 2361 705 2438 Deo
723 2369 896 2460 placeant.
1057 2369 1239 2439 interiere.
1289 2366 1376 2438 ldco
1399 2368 1549 2440 iniantie
1572 2370 1729 2440 sentiens
1751 2371 2039 2463 imbecillitatem,

1057 2471 1217 2541 nondum
1246 2469 1356 2540 sumit
1377 2469 1448 2541 sibi
1468 2469 1657 2562 imperinm
1678 2471 1718 2540 in
1738 2472 1844 2557 elios,
1876 2474 1941 2546 etei
1964 2475 2049 2544 for«
2083 2475 2085 2480 ’

417 2565 465 2618 ¹³⁸
493 2563 614 2629 ΝΜ·
704 2659 713 2666 ,
1058 2571 1157 2644 tassis
1179 2571 1247 2639 alia
1269 2581 1397 2641 natura
1420 2572 1549 2660 magis,
1579 2572 1648 2642 alia
1672 2573 1793 2643 miens
1813 2575 2042 2668 obtemperet,

128 2671 310 2746 Diseamns
343 2668 384 2740 in
410 2667 543 2740 sanctis
570 2668 676 2739 etiam
707 2685 780 2740 esse
808 2690 946 2740 errores
971 2682 1009 2742 et
1056 2686 1176 2745 temen
1190 2692 1316 2741 omnes
1330 2671 1483 2743 inientes
1496 2685 1658 2745 manunt
1671 2676 1888 2762 grandiores.

51 2787 179 2864 panta,
227 2773 322 2844 sicut
358 2767 418 2841 lsic
456 2764 623 2860 Apostoli
657 2762 773 2841 adbuc
808 2770 1007 2860 imaginan-
1158 2771 1223 2843 Est
1242 2772 1353 2862 igitur
1373 2773 1554 2869 perspicua
1576 2775 1736 2861 collatio,
1760 2789 1795 2847 et
1808 2771 1962 2847 detrabit
1975 2801 2041 2867 po·

51 2886 110 2960 tor,
129 2897 275 2965 regnum
287 2868 422 2945 Christi
438 2869 515 2940 iore
528 2867 747 2940 mundanam
764 2870 943 2962 politiam,
968 2872 1008 2940 in
1057 2885 1216 2945 testatem
1244 2875 1538 2963 gubernatoribus
1563 2871 1753 2952 Ecclesiae.
1809 2875 1859 2949 Ut
1887 2877 2040 2948 inientes

52 2997 119 3066 qus,
138 2991 176 3048 nt
191 2979 230 3046 ia
243 2995 376 3066 regno,
402 2971 473 3042 sint
489 2971 599 3042 futuri
615 2971 746 3058 gradm
762 2972 926 3042 dissimili
942 2996 1008 3064 po·
1057 2996 1134 3045 non
1147 2987 1293 3044 sumnsn
1309 2975 1378 3046 sibi
1392 2977 1581 3070 imperium
1598 2977 1637 3048 in
1652 2978 1761 3060 alios,
1785 2981 1846 3048 sed
1861 2977 2040 3068 ascipiunt

52 3088 156 3152 testate.
203 3077 293 3148 Plus
313 3069 399 3144 mali
420 3071 509 3151 luit,
531 3071 564 3140 si
585 3071 691 3141 etiam
715 3072 927 3159 ambitione,
950 3074 1008 3145 in·
1058 3076 1186 3146 dictate
1208 3100 1228 3144 a
1250 3075 1475 3163 fortioribus,
1499 3080 1551 3150 sic
1574 3079 1651 3154 vult
1667 3074 1831 3151 Christus
1845 3076 2042 3172 Episcopus

53 3177 140 3263 ιὶιιίι,
162 3176 400 3250 aemulatione
415 3168 580 3264 Apostoli
594 3185 839 3261 cenaverunt,
863 3187 898 3244 et
917 3174 1009 3244 alius
1058 3175 1135 3246 sine
1157 3175 1307 3266 irnperio
1324 3177 1549 3250 circumferre
1563 3181 1692 3251 dictata
1705 3181 1744 3250 in
1756 3177 1953 3270 Evangelio
1967 3193 2041 3250 tra·
2067 3219 2070 3228 ·

21 3347 22 3352 ,
54 3277 131 3347 alteri
149 3302 181 3348 se
203 3301 268 3350 suo
292 3274 427 3348 indicio
448 3272 633 3366 praetulit,
658 3271 763 3343 sicuti
781 3275 820 3343 in
840 3271 938 3346 Luca
958 3276 1009 3346 si·
1059 3278 1146 3350 dits.
1199 3277 1370 3348 videmus
1389 3279 1499 3366 igitur
1520 3281 1708 3371 displicere
1720 3277 1865 3352 Christo
1879 3277 1972 3352 hanc
1987 3294 2042 3352 te-

21 3411 22 3418 *
55 3379 224 3466 niteatur,
248 3379 364 3469 capite
379 3377 441 3450 22·
1059 3392 1149 3450 tram
1167 3377 1447 3448 dominationem
1460 3376 1665 3452 inEeclesia
1678 3384 1924 3463 munituna,
1949 3403 2043 3475 qrree

21 3505 22 3510 =
1058 3479 1203 3572 quidem
1225 3478 1330 3548 stiam
1356 3479 1504 3552 iniustas
1523 3481 1637 3572 leges,
1664 3484 1795 3581 impios
1814 3485 1952 3568 ειιιιιιι,
1985 3498 2042 3578 ty-

1949 1035 1954 1049 Ι

391 3571 440 3624 ns
469 3571 644 3626 esee-ec
1059 3574 1217 3649 manicis
1239 3579 1398 3670 impertis
1418 3582 1567 3668 retinet,
1602 3598 1636 3655 es
1657 3583 1826 3661 domnii.
1881 3580 2042 3658 Reacce-
2183 3631 2186 3637 -

133 3676 228 3749 Vidit
252 3671 352 3746 band
381 3673 491 3744 dubie
511 3665 693 3755 Christus,
724 3686 897 3764 quautam
923 3673 1010 3745 meli
1059 3683 1152 3751 dont
1167 3679 1277 3751 multa
1292 3681 1363 3752 alia
1379 3683 1536 3773 ingentia
1552 3700 1704 3778 perone

57 3777 202 3862 pensores
232 3789 349 3848 essem
377 3769 444 3844 bae
470 3772 659 3864 opiniones
686 3773 731 3842 de
760 3775 1009 3846 constituendo
1159 3779 1354 3854 Peculieris
1381 3785 1545 3857 doctrina
1575 3801 1628 3858 ast
1655 3781 1960 3872 Christianam,
1995 3787 2042 3857 de

57 3897 139 3964 rspm
159 3880 197 3949 in
217 3875 396 3964 Ecclesia,
427 3873 514 3946 inde
536 3874 631 3943 enin
654 3873 765 3944 multa
791 3889 1008 3968 sequtmtur:
1059 3883 1241 3964 voluntate
1262 3882 1330 3952 Dei
1362 3897 1514 3957 statuere
1542 3911 1584 3958 ex
1613 3888 1725 3979 ipsius
1745 3891 1872 3974 serbo,
1902 3911 1976 3958 non
1997 3909 2040 3958 ex

57 3969 192 4070 Episcopi
213 3977 340 4051 armati
362 3986 551 4068 potestate,
584 3975 744 4044 condunt
765 3975 877 4064 leges,
907 3978 1009 4049 insti·
1057 3983 1289 4074 opinionibus
1309 3987 1441 4058 nostris
1460 4001 1520 4058 eut
1538 3989 1735 4062 eventibus.
1785 3987 1871 4060 ideo
1885 4001 1925 4058 ut
1939 3987 2040 4058 verbi

58 4085 138 4149 tonat
159 4083 290 4160 cultos,
322 4074 558 4158 ceremonias,
579 4089 618 4145 ιιι
640 4071 788 4144 Missam
810 4090 846 4148 et
865 4079 1009 4154 similes.
1057 4083 1228 4154 autoritas
1240 4087 1474 4176 amplificetur
1484 4101 1520 4159 et
1534 4089 1730 4177 ιιιιςιιίιὶιι,
1754 4085 2040 4160 Christosabdu·
2113 4139 2120 4154 ι

58 4169 129 4248 llaec
148 4195 262 4273 postca
286 4191 429 4271 putatur
442 4172 580 4247 baeticis
594 4169 797 4264 Evangelii,
823 4178 871 4247 ita
887 4178 1010 4268 oppri-
1058 4185 1105 4256 cit
1125 4180 1288 4255 hominos
1307 4211 1329 4256 a
1350 4202 1537 4280 conspectu
1549 4211 1796 4280 personarum,
1821 4201 2042 4262 atmonstret
2128 4197 2135 4208 '

59 4276 143 4348 nitor
167 4282 302 4352 ιιιὶιιι.
362 4275 545 4348 Praeterea
574 4293 655 4345 cam
684 4277 819 4347 aceedit
850 4280 1009 4366 ambitio,
1057 4307 1180 4355 rerum
1206 4309 1250 4357 ar
1276 4288 1392 4357 rotun
1420 4291 1712 4379 gubernatorem,-
1748 4291 1898 4376 seilicet,
1925 4292 2041 4384 ipsam

60 4381 156 4464 panti
177 4395 295 4452 motus
315 4373 513 4450 ‘oriunturi
541 4391 583 4446 et
604 4373 712 4446 Arius
741 4379 909 4466 praeferri
938 4381 1007 4452 sibi
1056 4383 1384 4477 rocemEvangelii,
1403 4391 1856 4483 sicutalibisaepedicitur:
1880 4391 2042 4464 imerus

61 4475 150 4551 doluit
183 4483 421 4552 Alexandrum
450 4477 501 4566 tia
534 4477 708 4546 electione
740 4474 926 4571 Episcopi:
973 4495 1008 4554 et
1057 4487 1207 4579 pedibus
1229 4488 1317 4559 meis
1334 4493 1482 4560 verbnm
1498 4506 1612 4566 tuum.
1661 4496 1767 4566 itero:
1790 4491 1899 4565 Hunc
1912 4495 2043 4580 audite,

62 4595 159 4652 onnes
184 4597 311 4654 aetates
338 4581 505 4676 viderant
534 4577 663 4648 similia
689 4581 857 4672 exempla.
909 4581 1008 4668 item,
1057 4589 1097 4660 Si
1125 4589 1208 4680 quis
1232 4611 1430 4660 sermonem
1453 4616 1572 4665 meam
1592 4596 1764 4680 sanabit,
1794 4611 1944 4668 mortem
1966 4617 2042 4666 non

61 4667 912 4778 Romaequantaineruntcertaminadeelectione
927 4699 1009 4754 ante
1057 4689 1203 4764 ridebit.
1253 4689 1323 4761 Sed
1348 4686 1503 4765 hnmana
1525 4696 1616 4768 ratio
1635 4697 1763 4771 leviter
1780 4709 1878 4768 curat
1893 4697 2041 4768 verbnm

61 4776 135 4851 nilla
148 4784 277 4854 annos?
326 4781 432 4854 Unde
445 4803 512 4852 vox
526 4780 588 4850 ilie
602 4792 678 4852 orta
696 4795 766 4854 est:
792 4779 918 4853 Plures
933 4782 1009 4858 Ro-
1058 4788 1139 4875 Dei,
1166 4804 1201 4862 ct
1213 4791 1259 4861 de
1267 4788 1423 4862 Ecclesia
1436 4797 1565 4886 cogitet
1578 4798 1669 4868 sicot
1682 4797 1730 4868 de
1742 4793 2043 4890 hnmsnspolitis,

63 4877 131 4948 noli
149 4901 264 4972 nom,
292 4901 404 4979 qums
423 4881 519 4960 Echi
540 4883 727 4972 pervenire
746 4884 790 4956 ad
809 4879 1009 4983 Episcopa-
1057 4905 1093 4962 et
1113 4891 1153 4960 ie
1173 4893 1340 4964 omnibus
1358 4899 1615 4968 tentationibus
1636 4919 1747 4988 prona
1769 4915 1820 4970 est
1839 4902 1884 4969 sd
1906 4898 2043 4989 emple-

63 4983 128 5089 iqm.
171 4983 237 5056 Sed
260 4986 373 5057 multo
394 4984 475 5074 plus
495 4983 580 5052 meli
593 4985 731 5075 peperit
747 4985 893 5056 ambitio
909 4987 1009 5076 inge-
1058 4995 1183 5062 ctmsda
1202 5015 1270 5073 ea,
1286 4999 1661 5088 quaeretioostendit.
1713 4995 2043 5070 ldeoClsristnsbic

66 5093 177 5151 nomm
199 5089 242 5156 de
263 5088 368 5158 laude
385 5084 568 5156 doctrinae
579 5086 887 5172 contendentium,
912 5091 1009 5158 unde
1057 5107 1200 5180 resecat
1227 5116 1295 5164 nos
1321 5099 1553 5182 adverbum,
1586 5115 1623 5170 et
1647 5101 1722 5172 vnit
1745 5123 1812 5170 nos
1832 5102 2045 5184 meminisse,

66 5183 440 5298 trutmoniam,
468 5180 674 5272 mhismsts,
702 5199 740 5256 et
761 5189 894 5258 multae
918 5189 1010 5261 aliae
1059 5196 1206 5264 uerbum
1224 5219 1298 5266 esse
1312 5212 1501 5287 rectorem,
1528 5225 1600 5270 noa
1617 5224 1802 5302 personas,
1826 5225 1902 5271 non
1914 5199 2044 5272 burne·

66 5285 246 5366 bfflvciosae
261 5288 488 5362 momiano.
531 5285 641 5360 &cot
652 5303 702 5359 es
712 5283 851 5362 Adana
868 5291 1008 5362 sissen-
1063 5319 1145 5366 narn
1160 5295 1333 5392 rationem
