4714 5826
111 133 137 206 5
532 129 581 204 x.
623 124 936 216 ,nmntcauo
963 124 1375 207 raovuunroauu
1401 128 1703 212 sreononts.
1973 223 1991 254 ‚
2106 143 2130 214 o

110 303 193 374 citat
213 302 324 373 multa
352 311 555 394 praecepta,
587 298 804 392 pertinentia
834 303 879 373 ad
901 302 1090 374 secundam
1142 301 1292 390 Messia,
1318 327 1408 398 qnae
1430 305 1469 374 in
1486 301 1638 376 Psalmis
1661 317 1697 378 et
1714 295 1901 400 Prophetis
1918 311 2027 402 magis
2048 338 2128 406 per-

18 429 19 474 ;
106 401 261 476 tabulam
283 400 465 492 Decalogi.
515 399 688 474 Salomon
711 425 795 472 vcro
817 405 862 474 de
883 426 965 474 vera
988 404 1090 495 agni·
1141 405 1260 498 spicue
1274 405 1404 476 tradita
1421 421 1483 481 est.
1523 403 1880 496 Significaturtamen
1899 405 1958 483 hic
1973 437 2128 510 quoque,

18 581 19 598 χ
107 504 201 580 done
218 517 253 578 et
266 504 493 576 invocatione
508 500 594 584 liei,
619 516 654 574 et
675 505 719 575 de
735 505 881 576 caeteris
899 505 1090 580 cinntibus
1140 506 1224 601 quia
1240 503 1281 579 lit
1296 507 1430 581 mentio
1446 509 1640 601 sapientiae
1654 507 1722 580 Dei
1736 511 1983 588 concionantis
2006 517 2044 586 in
2066 539 2128 608 ge-

18 625 19 658 t
104 607 147 678 ad
169 606 323 700 primam
346 605 504 678 tabulam
530 603 792 699 pertinentibus
822 629 925 700 saepe
946 607 1089 678 concio·
1141 631 1226 680 nere
1248 602 1426 693 humano,
1459 633 1550 704 quae
1573 623 1626 683 est
1646 608 1763 683 Filius
1785 613 1912 686 missus
1935 618 1980 688 ad
2001 614 2126 691 Eccle-

18 709 19 724 ’
102 721 229 796 natur,
264 720 324 780 nt:
378 704 528 778 lnitium
562 707 757 798 sapientiae
790 706 898 780 timor
929 705 1089 779 Domini.
1140 711 1242 782 siam.
1292 709 1339 781 Et
1362 711 1463 785 iubet
1479 709 1652 784 Salomon
1672 715 1837 805 cognosci
1864 718 2065 790 doctrinam
2086 723 2124 793 in

102 808 208 880 item:
232 805 380 882 Confide
395 805 554 881 Domino
570 809 699 880 intuto
718 811 825 880 corde
848 824 932 895 tuo,
955 823 990 881 et
1013 833 1087 881 uon
1140 806 1356 904 hocpopulo
1373 813 1538 886 traditam
1564 837 1585 885 a
1607 813 1695 888 Deo.
1749 813 1837 888 ltem
1859 843 1940 890 eum
1964 821 2004 893 fit
2023 848 2124 894 men-

99 911 256 982 innitare
271 911 464 1002 sapientiae
486 922 585 995 tuae,
610 909 649 978 iu
665 910 832 982 omuibus
849 912 917 982 viis
940 911 1011 982 tuis
1028 935 1087 982 co·
1139 914 1207 994 tio,
1233 927 1269 984 et
1293 914 1384 986 vitae
1402 929 1581 996 aeternae,
1615 917 1747 988 intueri
1778 921 2031 1010 promissiones
2059 949 2122 998 ne·

102 1012 175 1104 gita
194 1014 322 1094 illum,
349 1026 384 1083 et
397 1013 467 1104 ipsi
482 1011 610 1102 diriget
624 1032 761 1101 gressus
774 1025 865 1087 tuos.
899 1012 953 1084 De
968 1037 1086 1084 cruce:
1138 1029 1309 1088 cesscest.

101 1112 221 1204 Quem
238 1113 358 1205 diligit
371 1113 732 1202 Dominus·eastigat,
754 1137 800 1184 ne
816 1114 956 1184 deficias
972 1115 1017 1184 ab
1032 1137 1085 1186 eo.

98 1210 146 1287 Et
173 1217 221 1288 de
245 1215 357 1290 salute
381 1227 462 1311 post
485 1209 576 1284 hauc
598 1215 726 1287 sitam:
759 1213 889 1308 Sperat
912 1217 1024 1288 iustus
1046 1218 1084 1287 in

17 1401 18 1404 Ἴ
98 1329 301 1389 morte'sna.
1483 1325 1489 1332 '
1535 1299 1737 1412 (inpull-

200 1417 363 1490 lnlianus
383 1417 578 1510 imperator
599 1419 765 1511 opposuit
786 1417 971 1491 Salomoni
987 1413 1083 1488 Pho·
1451 1445 1481 1516 p
1496 1471 1516 1517 r
1531 1472 1553 1518 ο
1568 1471 1592 1542 p
1607 1472 1629 1518 0
1644 1470 1662 1519 3
1677 1449 1690 1520 ἰ
1708 1461 1723 1522 2
1740 1448 1752 1518 ἰ
1769 1475 1813 1522 0·

96 1521 269 1616 rylidem‚
301 1545 381 1591 cum
402 1519 577 1611 disputat,
609 1518 726 1592 nihilo
747 1521 918 1592 maiorem
944 1521 1083 1611 sapien-

95 1625 182 1694 tiam
219 1622 314 1694 tradi
346 1621 386 1690 in
419 1622 523 1692 libris
554 1619 770 1716 propheticis
802 1637 836 1693 ct
854 1623 1082 1715 ¹apostolicis,

95 1747 204 1818 quam
220 1723 337 1817 qualis
359 1725 453 1815 apud
468 1719 644 1812 Ethnicos
662 1724 847 1815 reperitur.
899 1705 944 1796 Et
962 1721 1079 1817 Cyril·

95 1825 151 1896 lus
170 1825 331 1896 refutans
359 1821 558 1910 lulianum,
584 1839 721 1898 tantum
744 1848 787 1894 eo
811 1828 961 1897 antefert
977 1824 1081 1896 Salo·

94 1950 258 2011 monem,
295 1927 395 2020 qrrod
425 1933 541 1998 'aetate
580 1925 805 1998 antecesserit
837 1924 1079 2022 Phocylidem.

94 2025 184 2098 Nam
201 2023 435 2121 Phocylides,
459 2029 523 2122 qui
544 2027 612 2099 fuit
635 2027 812 2112 Milesius,
840 2042 875 2099 et
888 2025 1080 2117 Theognis,

94 2130 155 2224 qui
171 2129 243 2199 fuit
257 2127 499 2218 Megareusis,
526 2127 609 2222 Cyri
625 2143 658 2199 et
676 2124 836 2200 Thaletis
852 2142 964 2202 aetate
981 2131 1079 2200 viae-

93 2244 190 2306 runt.
243 2228 315 2303 Sed
338 2224 424 2298 haec
445 2229 592 2322 puerilis
615 2233 797 2320 responsio
821 2255 896 2302 nou
912 2231 1078 2303 satisfacit
1482 2257 1759 2333 Admonui&

91 2332 334 2424 magnitudini
352 2325 460 2403 huius
474 2325 733 2422 disputationis.
768 2329 967 2404 Dicendum
983 2333 1076 2402 enim

93 2436 209 2506 fuerat
230 2435 277 2506 de
299 2432 391 2503 veris
407 2432 568 2504 fontibus
588 2433 850 2520 doctrinarum,
876 2435 981 2505 aliam
1004 2458 1078 2506 esse

93 2536 292 2606 doctrinam
308 2533 431 2624 Legis,
456 2535 561 2604 aliam
580 2529 779 2626 Evangelii.
820 2535 865 2608 Et
880 2538 1076 2607 conceden-

93 2639 176 2707 dum
201 2639 338 2722 fuerat,
367 2630 598 2730 Phocylidem
618 2645 767 2709 recitare
789 2639 919 2707 bonam
943 2651 1076 2727 partem

93 2739 196 2830 legis,
224 2741 287 2809 sed
308 2753 427 2809 tamen
441 2739 546 2808 aliam
561 2739 741 2831 propriam
752 2735 929 2810 Ecclesiae
943 2740 1077 2811 doctri-

93 2863 175 2911 nam
192 2863 288 2926 esse,
313 2841 446 2910 scilicet
468 2842 513 2909 de
529 2841 761 2931 patefactione
777 2840 859 2922 Dei,
885 2841 976 2913 facta
993 2841 1077 2911 ittu-
1358 2869 1555 2942 primum
1582 2886 1881 2964 praeceptum·

93 2943 227 3014 stribns
246 2940 476 3025 testimoniis,
501 2942 550 3010 de
568 2942 672 3012 editis
695 2942 1008 3032 promissionibus,
1033 2945 1077 3013 de

92 3041 298 3133 Evangelio,
323 3041 564 3114 annunciante
583 3043 823 3113 remissionem
841 3058 1076 3135 peccatorum,
1115 3089 1117 3094 -

93 3157 125 3215 et
147 3145 320 3215 efferente
342 3157 521 3214 aeternam
544 3141 651 3213 vitam
683 3157 828 3236 propter
850 3145 1002 3230 Filium,
1032 3149 1076 3216 de
1161 3205 1165 3220 .

92 3247 335 3317 consolatione
352 3247 390 3314 iu
407 3268 518 3318 cruce.
566 3242 619 3314 De
635 3239 691 3313 his
703 3247 852 3316 summis
867 3249 973 3317 rebus
988 3249 1077 3318 muti
1230 3236 1434 3334 Propositio
1450 3242 1634 3334 perspicua
1651 3254 1715 3328 est,
1741 3242 1780 3312 in
1799 3245 1955 3339 quasit,
1982 3269 2018 3317 se
2036 3253 2110 3322 col·

72 3342 225 3418 ·ethnici
247 3349 447 3440 scriptores.
497 3343 538 3417 ld
560 3346 751 3416 discrimen
773 3370 911 3440 semper
931 3349 970 3417 in
990 3373 1076 3420 cou-
1130 3337 1254 3428 ltglm
1269 3336 1332 3412 hae
1347 3341 1555 3427 sententias,
1580 3365 1727 3434 ¹1¹³&ssst
1743 3345 1907 3418 utilitatis
1922 3371 2042 3433 &⁰⁸³2
2070 3371 2110 3428 ut

94 3463 213 3535 spectu
231 3473 304 3520 esse
320 3462 477 3540 oportet,
499 3460 541 3521 ut
553 3447 723 3533 sciamus,
749 3473 838 3542 qnae
851 3449 897 3521 sit
916 3451 1076 3521 doctrina
1130 3441 1338 3518 rudioreset
1351 3441 1510 3514 iuniores
1529 3445 1819 3528 commonebant,
1845 3449 2049 3540 doceantur,
2076 3470 2111 3527 et

92 3545 270 3621 Ecclesiae
289 3551 443 3643 propria.
613 3541 631 3572 '
1130 3545 1174 3612 ad
1190 3543 1410 3634 diligentiam
1429 3545 1615 3618 flectantur
1629 3547 1666 3616 in
1681 3548 1937 3638 gubernatione
1954 3578 2108 3652 morum,

191 3649 235 3722 ln
258 3653 476 3743 praefatione
499 3665 535 3724 et
556 3646 624 3723 hor,
647 3654 848 3723 addendum
871 3666 941 3724 esi:
984 3653 1075 3727 Cum
1129 3668 1210 3734 erga
1237 3643 1352 3716 Deum
1377 3661 1410 3718 el
1435 3643 1704 3738 ergaltomlnes.
1756 3647 1830 3720 Has
1853 3653 2022 3726 ulilitaies
2046 3661 2108 3729 de·

94 3745 147 3822 hic
161 3753 255 3824 liber
278 3753 319 3823 in
333 3777 417 3824 vera
433 3749 590 3824 Ecclesia
606 3751 672 3824 Dei
696 3755 848 3846 scriptus
863 3756 927 3833 sit,
952 3755 1076 3850 inqua
1128 3747 1251 3819 teribit
1270 3748 1391 3819 multis
1412 3750 1547 3832 verbis,
1572 3775 1724 3844 quorum
1747 3754 1910 3846 propriae
1932 3755 2108 3848 signitica-

93 3867 174 3924 nota
200 3867 275 3926 erat
290 3853 477 3946 promissio
500 3857 544 3923 de
558 3852 708 3939 Massia,
734 3856 971 3946 intelligamus
993 3879 1074 3927 eum
1126 3849 1240 3920 tiones
1260 3837 1541 3922 considerentur.
2049 3873 2053 3882 ’

1237 1573 1446 1649 Sententiae
1471 1575 1709 1670 Salomonis,
1737 1577 1820 1676 filii
1839 1579 1990 1674 David,
2024 1589 2120 1688 regis
2147 1519 2151 1528 ·

1135 1675 1280 1764 fornii,
1296 1679 1474 1778 scriptae,
1493 1689 1532 1753 ut
1546 1677 1635 1754 hinc
1652 1682 1777 1757 discas
1791 1687 2035 1785 sapientiam,
2060 1691 2120 1766 di·

1134 1779 1355 1880 sciplinam‚
1387 1779 1645 1882 prudentiam,
1672 1794 1704 1857 et
1721 1785 1886 1886 accipias
1907 1791 2120 1891 intelligen·
2193 1875 2198 1884 ,

1134 1884 1246 1966 tiam,
1273 1882 1480 1976 iusticiam,
1507 1881 1684 1959 iudicium
1700 1899 1731 1962 et
1748 1887 2008 1984 rectitudinem,
2032 1907 2064 1969 et
2079 1909 2119 1970 ut

1134 1981 1239 2056 detur
1262 1983 1423 2059 incautis
1453 1988 1737 2088 circumspectio,
1770 2000 1802 2069 et
1826 1989 2119 2072 adolescentibus
2164 2035 2168 2042 ·

1132 2087 1285 2159 scientia
1303 2097 1335 2159 et
1351 2085 1608 2167 consideratio.

1233 2385 1367 2462 Audiet
1390 2393 1539 2492 sapiens
1567 2401 1600 2463 et
1626 2387 1808 2492 proficiet,
1841 2405 1874 2466 et
1903 2395 2115 2498 intelligens

1128 2486 1330 2588 possidebit
1346 2493 1522 2579 consilia,
1549 2504 1582 2565 et
1597 2492 1778 2592 intelliget
1792 2499 1993 2572 sententias
2008 2513 2041 2576 et
2056 2505 2116 2576 in-

1112 2593 1420 2691 terpretationem
1436 2607 1469 2668 et
1481 2621 1662 2670 sermones
1678 2597 1904 2698 sapientum,
1932 2612 1964 2676 et
1985 2607 2114 2704 aenig-

1130 2704 1235 2766 mata
1250 2720 1385 2774 eorum.

1180 2997 1313 3073 Timor
1341 2997 1506 3073 Domini
1526 3001 1675 3074 initium
1697 3004 1912 3102 sapientiae.
1953 3007 2113 3112 Sapien-

1230 3103 1323 3174 tiam
1339 3113 1372 3175 et
1391 3099 1632 3203 disciplinam
1646 3103 1756 3177 stulti
1770 3109 1983 3207 despiciunt.

93 3969 124 4025 et
138 3949 207 4026 hoc
223 3957 334 4039 velle,
361 3969 401 4026 ut
413 3955 612 4048 praeluceat
626 3955 730 4035 fides,
747 3957 892 4030 intuens
906 3955 1074 4028 Messiam
1227 3945 1423 4047 Sapientia
1452 3951 1625 4043 significat
1657 3955 1874 4045 agnitionem
1906 3957 1993 4045 Dei,
2026 3987 2106 4035 cum
2234 4047 2242 4060 ,

93 4057 128 4126 in
149 4079 217 4127 usu
241 4057 403 4138 omnium
421 4057 694 4142 sententiarum,
721 4057 795 4127 ‚ive
806 4059 850 4128 de
865 4059 935 4128 fide
950 4061 1074 4152 loqu..
1126 4075 1194 4145 qua
1211 4051 1384 4124 lucentia
1400 4056 1506 4124 corde
1521 4077 1625 4126 verus
1639 4056 1746 4126 timor
1763 4071 1798 4127 et
1812 4081 1894 4128 vera
1912 4060 2005 4134 fides.

94 4170 145 4228 tur
161 4159 237 4228 sive
253 4163 297 4228 de
313 4159 499 4251 operibns,
518 4171 563 4229 ,ut
580 4181 660 4228 cnm
675 4159 762 4230 dicit
775 4160 887 4250 capite
901 4161 953 4234 a:
979 4159 1072 4233 Gon·
1221 4149 1440 4252 Disciplina
1458 4177 1520 4226 seu
1537 4157 1690 4228 eruditio
1710 4159 1921 4248 generaliter
1937 4177 1988 4235 est
2003 4189 2104 4256 prae-

93 4259 156 4330 tide
189 4259 354 4330 Domino
381 4272 456 4331 toto
486 4261 591 4330 corde
622 4272 703 4343 tuo,
726 4259 903 4348 intellige,
929 4277 1073 4353 propter
1125 4257 1262 4350 pa'ratio
1278 4279 1339 4326 sen
1358 4257 1544 4328 institutio.

93 4357 344 4442 Mediatorem‚
371 4362 462 4433 sieut
482 4373 583 4432 antea
607 4359 721 4432 David
746 4364 928 4432 docuerat:
955 4359 1070 4434 Oscu·
1224 4351 1430 4429 Prudentia
1447 4357 1618 4449 significat
1637 4360 1928 4448 gubernationem
1952 4391 2103 4442 morum,

94 4459 211 4534 lamini
221 4462 367 4548 filium,
393 4461 494 4532 Beati
512 4484 634 4531 omnes
648 4463 710 4556 qui
727 4463 910 4540 confidunt
923 4464 963 4533 in
979 4487 1072 4540 enm.
1224 4453 1505 4555 Intelligentia‚
1546 4459 1856 4549 diiudicatiouem,
1887 4467 1951 4539 ubi
1981 4472 2104 4545 multis

93 4557 255 4656 Expressa
278 4565 374 4636 enim
397 4564 495 4635 iubet
517 4561 687 4634 Salomon
712 4564 909 4634 doctrinam
939 4565 978 4635 iu
1002 4561 1069 4638 hoc
1122 4561 1369 4655 probahilibus
1392 4562 1601 4656 propositis,
1633 4564 1787 4635 difficilis
1808 4578 1859 4638 est
1884 4569 2028 4662 electio,
2061 4590 2103 4648 ut

96 4667 262 4757 populna
298 4663 375 4736 Deo
405 4663 590 4744 traditam,
625 4665 799 4757 amplecti.
858 4661 905 4736 Et
937 4667 1000 4738 ubi
1032 4669 1071 4738 tit
1122 4687 1202 4734 cum
1218 4661 1416 4735 Hieremias
1435 4664 1560 4736 suadet
1575 4665 1792 4736 deditionem
1810 4683 1933 4741 contra
1947 4674 2101 4749 aliorum

94 4770 218 4839 mentio
247 4768 357 4850 tidei‚‘
388 4789 529 4838 necesse
558 4780 609 4839 est
639 4768 771 4838 intueri
805 4769 1070 4859 promissiones.
1121 4765 1340 4856 opinionem.
1367 4762 1556 4838 Zacharias
1571 4767 1693 4838 suadet
1705 4769 1923 4840 tolerandam
1940 4797 2015 4846 esse
2027 4799 2123 4848 sen·

97 4863 148 4938 Sic
169 4895 249 4941 cum
275 4871 321 4941 de
347 4869 512 4960 coniugio
541 4869 644 4938 dicit:
676 4869 826 4940 Laetare
856 4893 935 4939 curn
957 4895 1069 4942 uxore
1120 4869 1286 4948 vitutem,
1312 4891 1387 4938 non
1403 4869 1613 4938 movendam
1629 4883 1703 4939 esse
1717 4868 1939 4945 seditionem.

97 4969 340 5042 adolescentiae
373 4983 473 5056 tuac,
513 4971 690 5062 intellige,
730 4970 955 5062 praelucente
987 4974 1069 5058 tide,
1221 4965 1380 5040 Iusticia
1396 4969 1568 5062 significat
1590 4970 1837 5044 universaliter
1850 4975 2099 5066 obedientiam,

99 5081 220 5143 statuas
236 5075 281 5144 de
295 5088 441 5167 propter
448 5071 687 5144 Medietatem
694 5071 771 5144 Deo
785 5086 966 5164 acceptum
983 5098 1068 5160 esse,
1118 5074 1216 5146 iuxta
1230 5069 1351 5143 omnia
1365 5085 1564 5166 praecepta.

99 5183 277 5265 etpropter
292 5199 373 5246 eum
388 5176 527 5275 placere
544 5174 575 5246 ei
589 5197 695 5267 opera
705 5174 877 5246 divinitus
893 5173 1068 5250 ordinata.
1221 5167 1410 5244 Iudicium
1447 5174 1721 5262 accusationem,
1767 5175 2030 5270 castigationem
2065 5199 2101 5257 et

100 5267 147 5343 Sic
170 5277 302 5374 ubique
333 5271 440 5348 simul
472 5277 737 5372 complectenda
767 5291 819 5348 est
837 5279 997 5350 doctrina
1023 5281 1066 5352 de
1118 5301 1283 5390 poenam.
1451 5335 1454 5342 .
1544 5367 1619 5448 ,v
