4590 5808
212 134 291 214 m
817 65 1653 236 mmmmmmm
2166 141 2232 222 ms

216 323 328 382 ctum:
361 305 444 378 Non
459 302 594 396 mortui
610 301 811 379 laudabunt
832 314 865 371 te
882 298 1055 383 Domine,
1081 302 1118 372 id
1141 314 1208 390 est,
1259 305 1326 376 dus
1339 317 1373 376 et
1390 305 1553 387 ordinem
1568 308 1865 404 promissionum,
1890 311 1935 381 de
1950 335 2101 403 quarum
2118 315 2232 384 distin-

151 469 155 476 .
218 409 350 484 mortui
364 431 438 480 non
454 413 601 497 possunt
622 419 763 478 externa
788 405 1007 474 consessione
1029 417 1063 473 ει
1086 405 1209 474 testili-
1259 407 1385 477 ctione
1409 409 1518 478 modo
1542 409 1712 490 diximus,
1751 425 1845 494 recte
1867 413 1996 502 cogitat
2016 427 2049 484 et
2071 415 2233 506 intelligit,

218 515 358 587 ιειίοιιε
374 531 502 580 sonare
516 507 697 588 vocemde
713 502 812 590 Deo,
835 505 928 574 inter
945 529 1010 576 nos
1026 506 1196 579 viventes.
1258 508 1290 576 is
1309 502 1418 580 habet
1439 523 1473 580 et
1497 509 1733 584 clarissimum
1759 513 1882 582 lumen
1901 515 2123 590 industrius
2141 513 2233 587 Chri-

323 613 446 684 Tertia
459 632 562 678 eausa
579 621 648 693 est,
673 607 722 676 sic
736 608 844 677 etiam
859 609 934 678 vult
949 608 1090 697 agnosci
1101 605 1210 690 Deus,
1260 608 1393 696 atiena,
1420 625 1455 682 et
1468 612 1506 680 iu
1523 613 1648 704 quavis
1665 615 1872 694 tentatione,
1898 617 1971 685 sive
1984 618 2154 708 spirituali
2172 622 2235 688 siae

217 734 258 792 ut
278 718 367 786 lides
391 727 424 784 ct
447 711 625 780 invocatio
648 709 904 780 exsuscitantur
927 723 961 780 et
982 723 1210 802 exerceantur
1260 712 1457 802 corporali,
1482 713 1655 782 efficacem
1673 715 1964 792 consolationem.

219 813 258 892 in
274 817 482 914 quotidiana
495 811 709 882 necessitate.
763 809 863 900 Quin
881 825 937 883 tot
952 827 987 882 et
1002 825 1071 882 tam
1089 813 1226 880 diver:
1361 811 1543 885 Hactenus
1566 817 1830 887 admonitiones
1847 819 1970 889 breves
1988 834 2023 890 ep
2039 824 2236 892 „gemmas

175 935 182 956 ¹
220 946 278 993 sae
294 944 350 1012 res
365 914 594 1008 temporales,
630 930 700 984 tam
728 914 845 982 variae
870 928 1032 985 externae
1054 914 1211 983 occasio·
1261 916 1423 988 recensui
1441 917 1485 985 de
1501 915 1729 987 distinetione
1747 921 1933 1015 utriusque
1947 907 2084 1011 generis
2100 926 2236 1012 promis-

219 1047 284 1094 nes
301 1037 334 1093 et
349 1018 575 1102 afflictiones,
609 1031 679 1088 tam
700 1015 910 1108 multiplicia
927 1016 1124 1107 corporalia
1146 1038 1209 1083 ne·
1262 1021 1422 1102 sionum,
1459 1032 1494 1089 et
1523 1021 1568 1087 de
1597 1021 1768 1110 petitione
1798 1023 1976 1093 honorum
2004 1009 2236 1116 corporalium,

220 1125 373 1218 8⁰ll³lel
392 1118 572 1222 Pericula,
595 1132 636 1190 Ul
656 1118 746 1200 Vlla,
774 1119 865 1187 bon&
884 1118 1060 1200 valetudo,
1085 1117 1212 1201 morbi,
1263 1143 1350 1215 quas
1365 1121 1428 1212 qui
1446 1119 1687 1206 considerabit
1702 1136 1843 1207 attente,
1870 1138 1903 1193 ct
1917 1127 2090 1197 exercebit
2105 1128 2238 1212 assidue,

220 1241 371 1320 egestas,
399 1225 531 1306 victus,
567 1245 651 1312 pax,
685 1220 797 1303 bella,
830 1233 894 1292 etc.
917 1221 1116 1310 cogitentur
1139 1243 1211 1289 esse
1263 1222 1400 1312 reipsa
1425 1223 1643 1311 experietur,
1671 1223 1949 1310 invocationem,
1975 1230 2004 1296 si
2027 1229 2085 1298 fiat
2111 1224 2238 1298 honor.
2281 1253 2282 1268 ι

185 1411 187 1419 ,
221 1355 286 1403 ⁶⁰¹¹
320 1322 461 1398 ⁸⁰h⁰l³⁸
494 1339 528 1395 ΕΙ
562 1322 742 1416 gymnasia
773 1324 964 1415 ‘lundam‘
1012 1323 1051 1390 5¹¹
1083 1325 1213 1415 qulbus
1264 1325 1366 1410 dines
1409 1323 1604 1392 Ul'dlffllffl
1628 1337 1696 1408 0⁵1,
1738 1349 1813 1395 non
1837 1327 1973 1396 irritam
1997 1332 2056 1400 sed
2079 1329 2235 1399 efficacem

222 1433 408 1508 discenda,
434 1426 626 1496 exercenda
646 1435 677 1491 et
696 1424 936 1494 confirmanda
951 1424 995 1494 sit
1013 1448 1094 1494 vera
1111 1424 1214 1512 agni·
1265 1451 1351 1501 esse,
1422 1460 1428 1471 »
2281 1443 2282 1468 ,

221 1537 272 1607 tio
290 1548 328 1615 ,et
354 1552 436 1599 vera
458 1527 635 1596 invocatio
652 1525 737 1594 Dei·
787 1523 827 1594 ld
851 1539 999 1600 testatur
1023 1526 1097 1616 ipse
1115 1527 1214 1596 Deus
1367 1525 1415 1600 At
1445 1526 1504 1600 bic
1534 1545 1656 1603 contra
1687 1534 1812 1604 obiicit
1834 1530 1989 1604 humana
2014 1535 2235 1602 imbecillitas:
2281 1515 2282 1588 l

224 1640 262 1707 in
278 1632 434 1705 Psalmo:
459 1627 589 1698 lnvoca
606 1651 662 1695 me
680 1627 717 1695 in
735 1627 792 1696 die
808 1627 1069 1710 tribulationis,
1094 1643 1129 1697 et
1144 1629 1212 1696 eri·
1265 1630 1356 1701 Cum
1373 1633 1525 1702 sciamus
1542 1637 1580 1702 in
1599 1629 1663 1702 bac
1680 1636 1750 1706 vita
1769 1650 1932 1726 oportere
1950 1661 2016 1708 nos
2030 1637 2146 1724 afiligi,
2164 1634 2235 1726 quid

222 1740 317 1833 piam
344 1749 395 1818 te,
428 1745 460 1801 et
483 1728 695 1819 glorificabis
718 1752 793 1813 me,
824 1723 891 1798 hoc
915 1743 987 1814 est,
1021 1729 1215 1822 conspicies
1266 1734 1392 1802 attinet
1408 1735 1550 1824 petere?
1601 1734 1725 1805 Brevis
1742 1752 1777 1806 et
1792 1738 1973 1829 perspicua
1992 1738 2168 1827 responsio
2183 1751 2236 1804 est:
2281 1721 2282 1814 i

222 1863 337 1910 meam
356 1831 611 1926 praesentiam,
632 1853 802 1928 ,agnosces
819 1854 876 1912 me
899 1831 965 1901 libi
990 1833 1127 1917 adesse,
1159 1855 1215 1900 me
1266 1835 1426 1906 Sciamus
1442 1850 1652 1930 utrumque,
1679 1852 1709 1906 et
1727 1838 1847 1927 afiligi,
1875 1852 1907 1908 ει
1922 1853 2041 1909 tamen
2058 1839 2171 1906 vivere
2184 1858 2236 1904 nos
2281 1849 2282 1928 t

134 1981 138 1986 ·
224 1965 306 2012 vere
335 1937 486 2028 gemitus
507 1947 552 2002 'el
578 1933 748 2002 clamores
775 1944 908 2001 veslws
933 1935 1118 2018 exaudire,
1160 1957 1216 2002 me
1266 1951 1447 2026 oportere,
1481 1939 1578 2007 iuxta
1601 1964 1740 2010 versum
1764 1939 1912 2008 Psalmi:
1948 1939 2130 2029 Castigans
2150 1937 2237 2008 casti-

224 2057 319 2116 certo
345 2039 436 2108 velle
458 2033 644 2126 opitulari,
685 2057 789 2124 quem
814 2028 986 2104 honorem
1017 2035 1098 2104 volo
1126 2031 1216 2102 mihi
1267 2039 1362 2128 gavit
1377 2037 1639 2130 meDominus,
1663 2055 1698 2111 et
1712 2043 1816 2111 morti
1837 2065 1909 2110 tion
1926 2043 2073 2112 tradidit
2090 2066 2153 2112 me.
2188 2037 2236 2106 Sic
2281 2099 2282 2108 ,

105 2227 110 2242 ¹
225 2144 349 2226 tribui,
373 2140 458 2209 nolo
474 2161 531 2206 me
546 2137 720 2206 removeri
733 2145 903 2228 tanquam
918 2137 1097 2225 ignavum,
1123 2137 1216 2206 osci·
1269 2139 1435 2209 ieremias
1457 2141 1586 2210 clamat
1616 2144 1659 2212 de
1681 2143 1899 2231 mitigatione
1926 2145 2160 2213 calamitatum
2181 2135 2238 2208 Ec·
2281 2157 2282 2212 1

225 2260 379 2327 tantem,
418 2264 458 2310 ac
480 2236 758 2308 somniculosum
784 2237 917 2319 Deum,
959 2238 1107 2330 quince
1131 2239 1215 2308 velit
1268 2242 1409 2311 clasiae:
1437 2239 1586 2334 Corripe
1607 2269 1662 2312 me
1675 2242 1848 2329 Domine,
1880 2261 2112 2314 veruntamen
2135 2244 2168 2311 in
2189 2242 2234 2310 iu·

225 2372 327 2440 opem
348 2348 461 2426 serres
486 2364 550 2408 ¹¹⁰⁰
566 2338 758 2406 ⁸5²·0sf10211·
1247 2361 1248 2364 ’
1269 2345 1381 2433 dicio,
1410 2367 1484 2412 non
1500 2345 1537 2412 in
1555 2346 1696 2425 surore,
1718 2348 1822 2414 need
1849 2343 2006 2416 nihilum
2033 2349 2163 2435 redigas
2181 2365 2236 2410 me.
2281 2375 2282 2436 j

271 2465 277 2480 ⁸
330 2445 467 2534 Quarta
498 2462 618 2522 causa,
653 2459 777 2507 ornnes
807 2439 1059 2528 promissiones
1083 2441 1215 2510 benefi-
1269 2444 1469 2537 Utrumque
1495 2445 1592 2516 Deus
1612 2447 1769 2515 mirabili
1793 2461 1825 2516 et
1850 2449 2083 2518 inenarrabili
2108 2442 2235 2518 consiliu
2281 2453 2282 2494 f

226 2555 363 2625 ciorum
390 2542 628 2634 corporalium
655 2541 787 2608 debent
807 2561 880 2608 csse
904 2539 1215 2611 commonefactio-
1268 2545 1383 2615 sanxit
1398 2559 1432 2614 et
1448 2546 1641 2616 ordinavit.
1695 2548 1782 2616 Vult
1801 2550 1926 2638 punire
1944 2566 2122 2641 peccatum
2140 2557 2236 2639 peret

194 2659 289 2726 'nes
307 2653 350 2722 de
367 2669 524 2726 summa,
550 2643 738 2736 praecipua
763 2654 798 2711 et
819 2654 960 2712 aeterna
984 2643 1218 2734 promissione
1269 2660 1414 2738 propter
1437 2670 1535 2716 suam
1570 2644 1760 2730 iustitiam,
1794 2651 1870 2739 vnlt
1895 2667 1929 2720 et
1957 2649 2147 2721 Ecclesiam
2167 2647 2235 2716 sub·

227 2756 380 2850 gratiae,
422 2774 483 2822 seu
509 2742 809 2818 reconciliationis
841 2757 875 2810 et
903 2744 1027 2812 salutis
1056 2758 1218 2814 aeternae
1270 2749 1394 2818 iectam
1421 2771 1494 2816 esse
1520 2750 1633 2828 cruci,
1667 2766 1701 2820 et
1726 2765 1843 2819 tamen
1872 2777 1953 2820 cum
1972 2751 2189 2836 mandaverit
2206 2767 2236 2810 at
2281 2787 2282 2856 p

227 2874 373 2951 propter
389 2852 619 2926 mediatorem
637 2848 748 2926 lilium
765 2841 1037 2915 DeiDominum
1054 2861 1215 2914 nostrum
1270 2850 1423 2942 postulet
1446 2851 1731 2930 invocationem,
1770 2854 1846 2922 vult
1869 2877 1935 2924 nos
1954 2867 2126 2936 statuere,
2157 2845 2235 2940 quod
2281 2879 2282 2914 ι

229 2962 342 3034 lesum
360 2954 555 3030 Christum.
615 2949 704 3022 Nam
722 2947 1217 3019 Deusideovnltdarebona
1270 2953 1424 3042 precatio
1446 2976 1630 3043 nunqnam
1652 2953 1698 3023 sit
1720 2954 1837 3022 inanis
1860 2970 1893 3023 et
1916 2956 2037 3035 irrita,
2077 2955 2132 3024 sed
2157 2945 2234 3042 quud
2281 2961 2282 3020 l

227 3061 405 3155 eorporis,
437 3058 520 3151 quia
546 3057 583 3126 in
608 3053 673 3124 hac
698 3053 768 3124 vito
790 3064 1033 3122 artemonem
1052 3074 1218 3140 corpora·
1270 3055 1343 3144 ipse
1367 3054 1412 3122 sit
1442 3055 1612 3122 immensa
1642 3056 1884 3124 misericordia
1911 3057 2131 3146 mitigaturus
2151 3054 2235 3144 invo-

227 3168 296 3235 lem
320 3158 482 3234 inchoari
506 3157 825 3249 regenerationem,
852 3169 886 3226 ει
908 3153 1032 3226 salutis
1055 3167 1219 3222 aeternae
1258 3157 1433 3225 'cantibus
1450 3169 1483 3224 ct
1500 3180 1649 3245 [socnam
1669 3171 1701 3226 et
1719 3181 1875 3245 crucem,
1902 3182 1946 3226 ne
1966 3181 2109 3249 prorsus
2123 3156 2157 3222 in
2178 3165 2235 3219 ter·

227 3267 330 3337 initia
354 3263 427 3334 fieri
453 3285 593 3330 necesse
617 3275 686 3344 est,
733 3273 773 3331 ut
794 3259 936 3349 colligat
958 3272 992 3330 et
1013 3271 1128 3330 servet
1150 3255 1218 3324 ali·
1270 3258 1319 3325 ris
1336 3253 1494 3326 Ecclesia
1518 3259 1687 3330 deleatur.
1741 3257 1850 3332 Plane
1869 3259 1977 3346 igitur
1991 3276 2025 3329 et
2040 3259 2128 3348 clare
2140 3261 2235 3345 potest

166 3361 173 3370 ’
228 3393 334 3464 quam
352 3363 546 3452 Ecclesiam
564 3365 602 3432 in
619 3362 877 3432 consuetudine
900 3363 1093 3456 praesentis
1114 3358 1217 3432 vitae.
1270 3359 1440 3447 intelligi,
1485 3383 1559 3428 non
1588 3359 1721 3429 idcirco
1750 3385 1869 3450 preces
1894 3361 2059 3445 inutiles,
2097 3360 2152 3428 sed
2172 3351 2234 3422 Deo
2281 3351 2282 3400 t

229 3470 350 3560 Quare
381 3469 466 3536 lides
497 3465 745 3536 universaliter
773 3465 811 3532 in
833 3465 932 3533 omni
957 3467 1131 3557 petitione
1153 3465 1218 3536 bo·
1270 3476 1384 3553 gratas
1398 3474 1431 3532 et
1448 3461 1601 3531 efficaces
1614 3483 1706 3544 esse,
1731 3461 1868 3531 etiamsi
1886 3486 1951 3532 nos
1965 3462 2122 3550 exemplo
2136 3456 2235 3527 Simo·
2281 3451 2282 3528 l

228 3596 357 3644 norum
376 3567 767 3660 praesentium,'simul
785 3567 965 3637 intueatur
982 3570 1215 3639 redemtorem
1270 3566 1326 3637 nis
1348 3563 1519 3660 Cyrenaei
1551 3585 1634 3630 vere
1664 3577 1796 3651 partem
1826 3578 1965 3632 sanetae
1989 3564 2100 3635 cericis
2122 3568 2234 3647 gestare
2281 3545 2282 3634 l

228 3690 263 3746 et
287 3673 496 3743 salvatorem
514 3666 712 3750 Christum,
738 3692 777 3736 ac
799 3670 898 3758 prius
923 3672 1043 3740 credat
1069 3684 1102 3738 et
1124 3670 1218 3738 acci·
1270 3668 1447 3758 cogimur,
1474 3660 1878 3735 veruntamenChristus
1895 3667 2021 3751 adstat,
2048 3679 2081 3734 et
2094 3651 2236 3730 subvenit
2281 3703 2282 3748 t

229 3779 301 3870 piat
333 3773 576 3844 remissionem
607 3781 849 3861 peccatorum,
891 3769 963 3839 imo
992 3771 1097 3850 sciat,
1144 3795 1216 3839 non
1270 3766 1655 3860 acopitulaturnobis.
1707 3765 1802 3834 Haec
1820 3767 1975 3836 breviter
1992 3765 2059 3836 hoc
2081 3767 2152 3832 loco
2171 3778 2235 3823 mo·
2281 3779 2282 3800 ι

229 3903 331 3972 posse
349 3875 468 3946 accedi
483 3877 525 3944 ad
536 3875 675 3951 Deum,
703 3894 768 3940 nec
783 3872 854 3961 peti
871 3885 931 3940 aut
948 3874 1139 3962 exspectari
1155 3897 1218 3940 au·
1270 3874 1388 3943 unisse
1404 3872 1487 3940 satis
1505 3873 1569 3953 sit,
1602 3869 1722 3960 plnres
1739 3869 1833 3936 enim
1851 3883 1970 3960 postea
1987 3875 2031 3938 de
2044 3865 2109 3938 hoc
2127 3875 2233 3952 genere

229 3982 355 4052 xilium
375 3977 576 4068 corporale,
603 3973 671 4042 nisi
687 3986 872 4067 postquam
890 3975 1123 4065 promissione
1139 3998 1217 4063 gra·
1271 3976 1482 4067 petitionum
1500 3971 1857 4041 commonefactiones
1872 3974 2052 4044 addemus.

230 4085 320 4168 tiae,
361 4095 394 4152 et
417 4081 544 4149 fidncia
573 4075 873 4148 reconciliationis
898 4077 1005 4147 erecti
1033 4077 1219 4147 statuimus

231 4174 346 4256 Deum
365 4184 538 4273 placatum
555 4203 648 4258 esse,
683 4179 838 4268 recipere
855 4201 921 4248 nos
937 4179 1158 4264 ingratiam,
1185 4195 1220 4250 et
1309 4237 1313 4242 .

231 4285 336 4355 nobis
358 4281 537 4372 ignoscere
559 4295 702 4373 propter
716 4277 910 4354 Christum.
970 4279 1029 4352 Sic
1043 4278 1220 4352 Dominus

231 4390 305 4478 ipse
327 4386 429 4454 dicit:
474 4385 585 4452 Nemo
609 4395 723 4472 potest
745 4382 865 4450 venire
884 4384 928 4450 ad
947 4381 1109 4469 Patrem,
1151 4386 1219 4453 nisi
1374 4381 1719 4476 Vosscitis,idque
1742 4383 1905 4453 meditari
1931 4386 2131 4475 diligenter,
2155 4364 2231 4438 etin

230 4488 431 4582 partilium.
483 4484 590 4569 ltem,
615 4479 821 4556 &Corinth
838 4485 889 4556 1.:
916 4481 1053 4556 Omnes
1069 4488 1221 4577 promis-
1273 4501 1461 4578 conspectu
1485 4510 1624 4577 semper
1647 4482 1775 4556 babere
1802 4487 1958 4568 debetis,
1999 4481 2151 4573 duplices
2177 4484 2233 4535 esse

175 4597 178 4606 ’
231 4587 758 4672 siunesdivinaeanntAmen,
791 4586 918 4672 idest,
949 4603 1082 4674 certae,
1116 4603 1222 4674 ratae,
1273 4589 1525 4680 promissiones
1539 4588 1696 4658 divinas:
1722 4583 2139 4680 aeternaset'corporales.
2163 4569 2236 4640 Pr0·

185 4751 188 4758 .
232 4697 372 4775 lirmae,
397 4713 518 4773 verae,
542 4714 606 4780 per
621 4704 655 4758 et
673 4701 817 4780 propter
831 4683 1027 4758 Christum.
1274 4691 1394 4762 missio
1409 4693 1451 4760 de
1467 4691 1572 4762 bonis
1590 4692 1742 4759 aeternis
1760 4703 1810 4759 est
1829 4693 2014 4780 promissio
2030 4681 2169 4777 gratiae,
2191 4688 2235 4777 ra-

334 4795 409 4866 Has
423 4806 576 4885 quatuor
590 4815 709 4860 causas
726 4791 816 4859 bene
832 4803 1065 4876 mementote,
1096 4804 1129 4862 et
1144 4787 1222 4862 aniss
1274 4793 1455 4862 missionis
1477 4807 1718 4882 peccatorum,
1744 4794 1947 4862 donationis
1963 4790 2113 4887 Spiritus
2134 4779 2236 4878 ⁵³¹¹⁶i¹3

234 4900 302 4969 mis
323 4896 479 4988 infigite,
518 4917 627 4986 quare
647 4893 740 4964 Dens
761 4893 951 4964 tradiderit
969 4895 1222 4986 promissiones
1275 4907 1309 4964 et
1323 4895 1446 4965 salutis
1462 4909 1633 4968 aeternae.
1686 4893 1782 4964 Haec
1799 4909 1850 4965 est
1873 4897 2056 4986 praecipua
2072 4868 2233 4964 EVWS‘P

183 5012 191 5022 ”
233 5003 412 5073 bonorum
434 4996 693 5088 corporalium,
716 5019 756 5064 ac
779 4999 958 5086 quomodo
978 4998 1024 5068 sit
1046 4996 1094 5066 eis
1117 5011 1222 5068 uten-
1275 4999 1480 5088 promissio,
1506 5013 1652 5089 propter
1675 5023 1780 5091 qnam
1805 4995 1900 5068 filins
1915 4996 1982 5067 Dei
1999 4996 2117 5066 missus
2137 4987 2213 5089 ‘Sia

235 5105 332 5188 dum,
349 5115 382 5170 et
399 5097 467 5172 hoc
484 5097 744 5198 mododiscite,
768 5097 871 5166 fidem
891 5099 1021 5188 pariter
1035 5099 1073 5166 in
1087 5089 1223 5170 utrius·
1276 5123 1361 5189 nos,
1402 5115 1437 5171 et
1458 5101 1671 5171 constitutus
1698 5101 1890 5184 mediator,
1934 5073 2234 5170 redemtor‚.¹¹l²·

234 5229 304 5299 que
335 5197 472 5292 generis
503 5199 817 5293 proml⁵⁵l0¹¹lbu⁸‚
857 5223 935 5270 cum
967 5200 1224 5290 spiritualibus,
1275 5214 1374 5272 rator
1394 5218 1428 5288 et
1451 5204 1614 5274 salvator.
1642 5235 1643 5238 ¹
1667 5200 1757 5271 Nam
1780 5202 1969 5272 sitantum
1993 5185 2140 5285 corporis
2160 5178 2235 5244 b⁰¹¹³

235 5324 312 5380 tum
329 5304 573 5394 corporalibus
590 5325 761 5374 exercere.
801 5301 891 5372 Nam
907 5303 967 5396 qui
983 5324 1122 5390 genera,
1145 5329 1223 5394 gra·
1248 5273 1251 5370 l
1275 5307 1447 5398 promissa
1464 5307 1567 5376 nobis
1583 5318 1708 5389 essent,
1732 5328 1796 5372 nec
1814 5300 1968 5376 habituri
1986 5309 2128 5372 essemus
2142 5289 2233 5347 aeter·

1322 4139 1377 4210 Et
1400 4143 1537 4215 remitte
1560 4141 1668 4213 nobis
1691 4138 1816 4212 dehita
1838 4151 1986 4227 nostra,
2020 4141 2110 4212 sicul
2132 4142 2160 4204 el
2182 4145 2234 4197 nos
2281 4189 2282 4238 p

1375 4245 1593 4317 remittimus
1610 4241 1837 4316 dabitoribus
1853 4247 2001 4321 nostris.
