4714 5826
269 151 318 222 88

277 321 396 416 inquit
420 317 602 411 capitem:
629 311 841 388 Dillieiliora
858 327 893 386 te
916 337 961 386 ne
978 315 1169 409 quaesieris
1184 329 1258 388 sto·
1285 327 1288 400 ξ

277 425 365 494 lide:
395 421 497 510 Quae
514 405 678 489 mandata
693 432 778 500 sunt
793 417 862 488 tibi
878 429 997 488 sancte
1012 418 1176 507 cogitato.

379 521 528 616 Experti
543 534 626 591 sunt
641 519 756 592 etiarnt
768 513 934 605 Ethniei,
960 520 1173 591 mediocrem
1189 533 1265 591 sta-·

279 643 354 700 tum
378 627 547 697 tutiorem
571 645 663 708 esse,
687 622 785 692 iuxta
808 643 967 691 versum:
995 617 1111 694 πολλὰ
1135 617 1260 714 μέσοι-

281 750 341 803 σιν
356 726 512 824 ἄριστα,
537 720 648 818 μέσος
663 719 764 794 θέλω
779 720 820 798 tv
834 715 935 795 πόλει
954 716 1058 797 εἶναι.
1109 719 1157 794 Ει
1177 723 1260 815 plu-

280 833 391 902 rimos
417 829 516 899 abuti
540 825 698 916 potentia
728 837 763 894 ει
784 824 967 917 opulentia
998 827 1043 894 ad
1070 825 1261 917 explendas

275 933 425 1029 ¹vitiosas
439 929 647 1023 cupiditates
662 927 889 998 manifestum
904 940 972 1013 εει,
996 927 1093 996 iuxta
1111 927 1261 998 dictum:

284 1017 294 1042 ὁ
365 1049 529 1110 Luxuriant
550 1044 639 1104 animi
661 1047 749 1105 rebus
770 1045 937 1124 plerunque
957 1043 1108 1122 secundis,

407 1149 472 1210 Neo
492 1147 581 1208 laoile
603 1156 649 1205 est
669 1163 764 1225 aequa
784 1145 934 1206 commoda
955 1155 1055 1206 mente
1077 1145 1149 1225 pati.

332 1311 413 1386 Hor
426 1337 543 1410 genus
554 1310 659 1413 patri
673 1309 872 1384 conuicium
880 1309 995 1412 fucit.

382 1463 576 1560 Sequentes
603 1465 742 1559 aliquot
771 1465 969 1536 sententiae
991 1476 1075 1534 sunt
1097 1463 1261 1557 querelae

281 1571 324 1640 de
354 1568 463 1638 variis
485 1567 600 1651 vitiis,
632 1565 764 1650 idest,
789 1580 874 1638 sunt
895 1565 1137 1647 narrationes,
1171 1588 1261 1659 quae

282 1671 495 1753 ostendunt,
526 1668 614 1761 quid
634 1669 715 1755 liat,
742 1683 776 1740 et
800 1681 949 1740 monent
969 1681 1012 1738 ut
1032 1666 1145 1738 simus
1169 1666 1265 1758 vigi.

280 1774 451 1845 lautiores
465 1785 499 1842 et
515 1770 689 1854 firmiores
704 1771 744 1840 iu
760 1769 915 1841 vitandis
939 1769 1071 1840 talibus
1086 1767 1201 1854 vitiis,
1227 1782 1262 1840 et

254 1955 256 1960 ,
279 1877 318 1946 in
342 1874 510 1964 fugienda
531 1873 696 1944 societate
717 1871 914 1962 malorum,
936 1885 972 1942 et
991 1870 1185 1962 contagiis,
1211 1869 1260 1940 si-

279 1992 339 2048 cut
353 1973 525 2046 Horatius
534 1973 678 2068 inquit:

441 2095 601 2156 Absentem
622 2091 673 2170 qui
693 2090 770 2151 rodit
790 2091 929 2168 amioum,

360 2197 489 2275 Fingere
510 2195 561 2273 qui
582 2213 641 2252 non
663 2194 726 2254 risa
749 2202 863 2272 potest,
884 2190 1034 2250 commissa
1055 2199 1154 2250 tacere

359 2299 419 2368 Qui
439 2296 559 2376 nequit,
579 2295 733 2374 hie'niger
753 2305 815 2372 est,
844 2292 922 2352 hunc
943 2303 975 2352 tn
992 2292 1126 2352 Romane
1146 2303 1258 2354 caveto.

381 2413 441 2487 Sic
454 2425 648 2484 narrantur
657 2413 743 2484 vitia
753 2410 966 2482 elvitiorum
978 2433 1114 2497 causae,
1134 2423 1175 2480 ut
1184 2433 1258 2478 me-

211 2579 224 2602 ,
276 2517 348 2588 dici
378 2539 513 2587 venena
542 2515 767 2599 describunt,
809 2526 851 2583 ut
879 2511 1060 2584 videntur.
1121 2509 1259 2582 Similis

276 2620 463 2714 quaerelae
476 2641 538 2690 seu
551 2618 709 2689 narratio
724 2613 811 2686 haec
826 2626 895 2686 est:
919 2611 1008 2684 Tria
1023 2614 1172 2686 turbant
1188 2627 1259 2684 ter-

275 2715 363 2792 ram.
415 2719 547 2792 Servus
561 2720 694 2812 potitus
709 2716 871 2808 imperio.
922 2711 1027 2786 Item:
1050 2713 1191 2788 Stultus
1206 2717 1259 2785 fa-

276 2837 352 2896 rtus
367 2822 466 2894 dives
481 2836 517 2894 et
531 2836 668 2914 potens.
708 2819 762 2892 De
776 2817 896 2912 priore
913 2816 1058 2889 dicitnr:
1085 2813 1259 2909 Asperius

274 2921 368 2996 nihil
387 2939 440 2996 est
460 2919 590 2994 humili
611 2946 692 2994 cum
707 2919 821 3010 surgit
836 2919 876 2988 in
896 2918 1020 2991 altum.
1070 2915 1124 2990 De
1139 2931 1258 3011 poste-

273 3029 385 3099 riore:
413 3024 608 3119 insipiente
632 3027 814 3096 romaneto
843 3015 938 3090 nihil
959 3034 1011 3095 est
1031 3021 1256 3094 insolentius.

274 3126 322 3200 Et
339 3124 543 3218 Theognis:
567 3120 682 3200 τίκτει
700 3150 759 3199 τοι
781 3115 892 3222 κόρος
910 3119 1047 3220 ὕβριν,
1073 3117 1165 3198 ὅταν
1189 3147 1258 3195 κα·

273 3235 330 3328 aqi
346 3225 612 3325 dislaudamus.
757 3223 759 3228 ’

323 3406 496 3508 Quattuor
509 3419 597 3482 sunt
613 3407 758 3484 minuta
774 3397 1004 3508 sapientiora
1027 3404 1257 3506 sapientibus

373 3506 600 3590 hominibus.

374 3646 534 3720 Venusto
562 3647 708 3719 collatio
732 3659 784 3716 est
805 3669 886 3716 cum
909 3645 1059 3717 minutis
1086 3648 1257 3732 bestiolis,

274 3773 362 3844 quas
375 3750 463 3822 dicit
484 3750 695 3822 antecellere
709 3747 943 3840 sapientibus.
982 3743 1111 3820 Monet
1126 3762 1257 3834 autern,

273 3853 535 3943 agnoscendam
549 3875 623 3922 esse
637 3851 818 3941 ingentem
828 3862 978 3920 naturae
991 3843 1170 3920 humanae
1187 3851 1256 3920 mi-

274 3955 422 4036 seriam,
454 3978 544 4051 quae
566 3953 641 4047 ipsa
661 3971 783 4023 secum
807 3964 953 4042 pugnat.
1004 3949 1115 4022 Novit
1138 3949 1254 4022 Deum

273 4070 309 4128 et
332 4057 462 4148 legem,
497 4071 531 4130 ει
564 4080 640 4128 non
670 4055 910 4148 obtemperat,
944 4053 1017 4122 imo
1046 4053 1160 4123 sciens
1182 4054 1255 4125 ruit

273 4172 396 4230 contra
413 4157 528 4232 Deum
545 4172 581 4230 ει
600 4170 722 4228 contra
745 4155 907 4227 naturale
929 4153 1122 4241 iudicium,
1147 4167 1183 4226 et
1196 4180 1255 4225 ac-

221 4287 223 4296 .
273 4260 378 4332 cersit
401 4261 470 4330 sihi
493 4259 708 4332 calamitates
726 4256 1024 4340 innumerabiles,
1048 4257 1141 4328 sicut
1163 4258 1255 4327 diei-

272 4376 332 4432 tur
346 4362 384 4432 in
400 4360 595 4432 Menandri
609 4361 793 4446 versibus,
818 4357 927 4430 Plura
942 4381 1015 4428 esse
1032 4360 1126 4429 mala
1148 4351 1255 4431 ἑκού·

273 4484 357 4554 σια,
384 4486 490 4557 quarn
506 4455 711 4555 αὐτόματα.

844 139 991 214 ruti,
1016 136 1134 222 Mal.
1159 135 1369 218 SCRIPTA
1395 135 1694 216 annunties.

2246 148 2302 222 84

1311 327 1362 384 εει
1377 313 1547 386 monitrix
1559 315 1603 384 de
1619 313 1742 386 labore
1757 327 1792 386 et
1805 316 2003 392 sedulitate.
2018 321 2021 328 ⁴
2035 311 2163 416 Lepus
2186 343 2303 413 quae-

1313 439 1394 486 rens
1425 417 1576 488 latebras
1607 429 1732 486 monet
1763 415 1941 506 infirmos,
1973 425 2019 490 n'e
2047 421 2305 510 aggrediantur

1311 518 1447 588 maiora
1464 520 1613 589 viribus.
1666 510 1833 590 Locusta
1856 533 1897 592 ut
1911 544 2034 592 amans
2051 524 2305 612 congregatio-

1311 643 1386 704 nes,
1402 644 1478 690 non
1494 620 1674 711 seditiosa,
1689 644 1763 690 non
1778 623 1953 720 turbatrix
1962 625 2101 695 ordinis
2114 639 2177 696 aut
2193 639 2305 696 tran-

1312 722 1512 816 quillitatis.
1565 716 1716 794 Araura
1732 736 1772 795 ut
1785 736 1860 795 arte
1876 727 2059 796 excellens.

1413 823 1587 894 Formicis
1602 839 1833 916 opponuntur
1856 826 1995 917 ignavi,
2020 823 2078 898 his
2101 828 2197 898 deest
2222 830 2305 898 vir-

1312 940 1390 1012 tus,
1416 950 1505 1018 quae
1520 927 1728 998 nominatur
1743 925 1932 1001 sedulitas.

1414 1027 1615 1120 Leporibus
1633 1041 1865 1120 opponuntur
1885 1023 2151 1126 θρασύδειλοι,
2178 1024 2306 1098 Thra-

1314 1152 1417 1199 sones
1440 1131 1554 1201 multa
1575 1145 1779 1216 moventes,
1803 1155 1894 1224 qtsae
1916 1133 2092 1205 sustinere
2118 1155 2194 1202 non
2213 1155 2304 1223 pos·

1313 1246 1406 1305 sunt.
1459 1229 1527 1301 His
1544 1233 1641 1303 deest
1653 1230 1854 1304 Fortitudo.

1414 1329 1578 1406 Locustis
1614 1334 1793 1416 seditiosi,
1836 1337 2021 1408 turbantes
2062 1336 2225 1407 ordinem
2269 1349 2307 1404 et

1313 1435 1618 1528 tranquillitatem.
1688 1433 1756 1504 His
1785 1437 1883 1509 deest
1902 1436 2066 1522 iusticia,
2099 1460 2190 1530 quae
2215 1457 2307 1525 geo—

1312 1536 1459 1606 metrica
1480 1535 1713 1630 proportione
1733 1537 1892 1612 debitum
1914 1541 2033 1612 locum
2059 1552 2199 1622 tuetur,
2234 1561 2307 1607 nee

1313 1639 1479 1709 turbetur
1493 1638 1692 1710 communis
1705 1640 1806 1715 ordo.

1413 1735 1566 1810 Araneis
1590 1741 1729 1828 stolidi,
1761 1743 1825 1835 qui
1855 1741 2041 1813 confidunt
2069 1741 2228 1840 viribus,
2264 1757 2303 1813 et

1312 1841 1496 1933 negligunt
1513 1841 1675 1912 consilia.
1725 1841 1794 1912 His
1809 1844 1907 1913 deest
1923 1839 2132 1914 Prudentia.

1363 1999 1411 2074 Si
1422 2002 1536 2103 sutus
1561 2001 1672 2098 egisti
1695 2000 1815 2076 elutus
1835 2002 2028 2104 superbia,
2055 2027 2207 2076 marsum
2234 2033 2303 2105 op-

1412 2110 1540 2203 ponite
1557 2106 1616 2176 ori
1628 2113 1703 2182 tuo.

1412 2234 1590 2331 Praecipit
1604 2239 1648 2308 de
1664 2239 1884 2331 poenitentia
1901 2237 1942 2326 fet
1963 2242 2212 2313 emendatione
2237 2267 2298 2312 er-

1310 2364 1447 2415 rorum.
1497 2337 1591 2410 Cum
1620 2341 1739 2433 lapsus
1771 2363 1826 2426 es,
1860 2365 1907 2410 ne
1935 2341 2104 2416 defendas
2125 2357 2298 2432 erratum,

1311 2442 1370 2509 sed
1387 2441 1592 2512 admonitus
1616 2455 1651 2511 et
1667 2441 1870 2531 intelligens
1893 2467 2068 2530 errorem,
2094 2445 2237 2528 doleas,
2264 2464 2301 2518 ει

1311 2542 1534 2632 amplectaris
1556 2543 1757 2628 veritatem,
1791 2557 1826 2612 ει
1857 2547 2041 2638 perspicua
2074 2548 2300 2620 confessione

1310 2645 1492 2729 ostendas,
1515 2643 1603 2738 quid
1617 2645 1764 2740 sentias,
1779 2668 1825 2714 ne
1841 2646 1881 2715 in
1897 2649 1978 2718 aliis
1990 2672 2092 2720 error
2107 2649 2298 2720 confirme-

1310 2759 1387 2831 tur,
1414 2745 1507 2816 sicut
1529 2742 1662 2816 Paulus
1679 2747 1830 2832 latetur,
1858 2769 1895 2817 se
1925 2773 2076 2836 errasse,
2110 2775 2191 2822 oum
2224 2752 2297 2821 luit

1308 2845 1421 2918 hostis
1437 2843 1637 2937 Evangelii.
1689 2845 1743 2919 De
1757 2847 1889 2920 talibus
1911 2874 2018 2945 supra
2042 2852 2148 2925 dixit:
2174 2851 2297 2924 Iustus

1309 2951 1348 3019 in
1373 2947 1550 3040 principio
1571 2961 1756 3020 accusatur
1781 2962 1833 3020 est
1854 2951 1922 3029 sui.
1981 2949 2030 3026 Et
2057 2952 2097 3023 in
2120 2948 2295 3025 Zacharia

1309 3052 1411 3122 dicit:
1428 3047 1633 3121 Emendans
1651 3075 1806 3122 errorem
1823 3046 1887 3123 has
1905 3057 2024 3152 plagas
2039 3055 2158 3150 accepi
2173 3055 2212 3124 in
2227 3057 2296 3127 do-

1309 3177 1369 3226 mo
1386 3153 1611 3243 diligentium
1627 3177 1695 3222 me.

1410 3253 1450 3326 si
1464 3253 1543 3348 quis
1558 3254 1763 3326 admonitus
1775 3254 2003 3347 pertinaciter
2018 3257 2179 3330 defendit
2191 3284 2295 3332 erro·
2319 3327 2324 3335 .

1309 3380 1404 3442 rem,
1436 3351 1533 3426 hunc
1562 3353 1696 3427 Paulus
1724 3357 1824 3428 iubet
1853 3358 2029 3453 relinqui,
2064 3373 2100 3429 et
2127 3363 2296 3436 nominat

1309 3450 1645 3555 αὐτοκατάκριτον,
1671 3460 1709 3530 id
1732 3474 1802 3539 est,
1823 3481 1889 3530 suo
1911 3462 2023 3552 ipsius
2046 3460 2179 3534 iudicio
2204 3487 2297 3534 con-

1308 3563 1537 3645 demnatum,
1562 3561 1645 3652 quia
1670 3562 1853 3632 convictus
1878 3562 2004 3634 scitae
2029 3585 2186 3656 pugnare
2202 3589 2295 3635 con-

1309 3677 1362 3736 tra
1378 3659 1640 3734 eonscientiam.
1695 3661 1795 3732 Talis
1809 3686 1892 3732 cum
1905 3664 1952 3735 sit
1966 3663 2205 3756 blasphemus,
2219 3671 2297 3741 ruit

1286 3822 1289 3831 ,
1306 3777 1427 3866 postea
1447 3766 1524 3835 sine
1546 3763 1616 3834 fine
1630 3762 1669 3832 in
1684 3778 1868 3835 aeternum
1888 3767 2048 3840 exitium.
2099 3763 2149 3839 Et
2169 3770 2213 3838 de
2235 3765 2298 3840 his

1307 3868 1455 3939 dicitur:
1480 3863 1612 3938 Errare
1629 3860 1827 3936 humanum
1844 3879 1914 3953 εει,
1938 3891 2162 3960 perseverare
2176 3869 2214 3938 in
2231 3895 2294 3940 er-

1306 3993 1387 4040 rore
1402 3969 1630 4040 diabolicum.
1682 3965 1794 4040 Multi
1809 3981 1926 4040 autem
1941 3970 2133 4042 difficulter
2148 3974 2298 4055 cedunt,

1306 4073 1397 4142 sicut
1411 4071 1558 4141 dicitur:

1346 4173 1456 4232 Aurum
1479 4180 1510 4230 et
1531 4189 1603 4250 oper
1625 4179 1657 4230 et
1678 4187 1748 4231 rasa
1767 4169 1911 4249 frequens
1933 4172 2055 4233 donavit
2074 4174 2193 4252 amicus,

1431 4259 1492 4326 Qni
1511 4257 1584 4316 velit
1605 4257 1723 4334 ingenio
1740 4256 1857 4316 cedere
1876 4275 1959 4318 rarus
1980 4259 2048 4320 erit.

1408 4371 1459 4445 Et
1476 4371 1535 4444 hic
1554 4375 1593 4445 ht
1611 4373 1746 4443 mentio
1756 4373 1963 4464 Superbiae,
1988 4399 2079 4469 quae
2094 4389 2147 4446 est
2161 4375 2293 4448 fiducia

1304 4478 1471 4569 propriae
1493 4475 1688 4567 sapientiae
1712 4491 1774 4546 aut
1800 4477 1977 4565 potentiae
2011 4491 2135 4548 contra
2164 4475 2294 4554 Deum.

374 4565 422 4638 Et
437 4589 482 4636 ne
497 4565 640 4660 quidem
654 4565 693 4634 in
711 4564 972 4658 praestantibus
987 4563 1124 4633 naturis
1139 4563 1254 4633 virtus
1304 4576 1381 4649 Hac
1397 4579 1526 4648 fiducia
1540 4579 1623 4649 etati
1638 4572 1801 4647 homines
1817 4578 1921 4647 multi
1931 4579 2082 4668 gignunt
2097 4605 2189 4650 nova
2200 4583 2292 4672 dog.

272 4681 325 4739 est
341 4668 534 4753 durabilis,
559 4669 647 4738 sicut
670 4667 709 4736 in
729 4665 886 4752 Davide,
911 4660 1254 4751 Nabuchodonosor,
1305 4694 1420 4768 mara,
1453 4695 1513 4752 gut
1535 4679 1730 4750 instituunt
1751 4678 1889 4770 cultus,
1922 4694 1956 4751 et
1986 4693 2108 4772 postea
2131 4683 2292 4753 admira.

271 4768 445 4876 Hercule,
473 4765 734 4854 Themistocle,
760 4765 966 4838 Alextmifo
991 4780 1056 4842 eit·
1115 4761 1165 4837 Ᾱῑ
1190 4768 1253 4838 ΒΘ·
1304 4785 1402 4855 tione
1433 4784 1487 4853 sui
1510 4782 1663 4874 superbe
1684 4781 1884 4852 defendunt
1908 4805 1989 4852 suas
2012 4774 2222 4874 opiniones,
2248 4801 2293 4856 ut

271 4873 358 4943 stiae
373 4873 621 4966 obtemperant
637 4895 721 4943 suae
736 4886 905 4956 naturae,
930 4893 993 4940 nec
1008 4895 1027 4940 a
1041 4869 1163 4962 scipsis
1179 4869 1251 4940 dis·
1305 4886 1451 4956 dicim„
1470 4877 1562 4966 δόξα
1574 4877 1744 4978 ῥάζεται
1758 4879 1828 4976 τὴν
1842 4874 2042 4976 ἀλήθειαν,
2059 4881 2197 4975 Opinio
2211 4887 2289 4956 vim

269 4974 396 5046 sident.

1303 4987 1388 5059 tacit
1408 4986 1559 5058 veritati.
1619 4982 1668 5056 Et
1699 4985 1835 5057 tristius
1864 4981 2029 5077 horest,
2064 4989 2162 5080 quod·
2182 4989 2292 5058 multi

368 5089 637 5162 Consideranda
660 5103 713 5162 est
735 5091 844 5181 igitur
867 5065 1014 5159 naturae
1037 5102 1179 5160 nostrae
1195 5090 1252 5157 in·
1304 5102 1531 5180 propugnant
1556 5111 1709 5170 errores,
1741 5101 1855 5157 astute
1884 5089 2053 5181 quaesitis
2075 5089 2293 5187 praestigiis,

268 5192 436 5278 firmitas,
463 5208 498 5265 et
515 5196 716 5286 quaerenda
743 5207 826 5264 sunt
839 5191 995 5262 remedia
1018 5194 1063 5260 de
1078 5189 1171 5260 Filio
1183 5188 1250 5260 Dei
1304 5205 1338 5262 et
1355 5194 1493 5264 addunt
1509 5191 1690 5263 mendacia
1718 5189 1924 5262 mendaciis.
1976 5188 2072 5260 llaec
2097 5185 2295 5286 horribilia

263 5297 455 5388 proposita.
505 5293 855 5368 Nominaturautem
872 5289 930 5364 hic
943 5287 1140 5379 Formica,
1166 5295 1251 5387 quia
1302 5306 1442 5385 peccata
1456 5306 1492 5365 et
1508 5291 1765 5384 consideranda
1783 5305 1866 5364 sunt
1883 5307 1915 5362 et
1930 5292 2117 5382 fugienda.
