4616 5818
190 131 267 208 219
781 108 907 184 anm
936 105 1050 181 nen
1076 101 1288 176 scalpra
1315 51 1611 178 exedenda,
2141 109 2218 180 220
2291 89 2295 98 ·

190 303 308 378 mauis
325 292 582 372 contractibus,
607 287 787 358 finxerunt
803 280 989 362 meritum,
1015 301 1077 348 seu
1099 301 1177 366 pre-
1328 285 1361 346 et
1376 270 1535 352 uolucres
1551 272 1641 344 coeli
1654 271 1879 346 comedam
1896 273 2006 346 illud·
2035 273 2089 346 ΕΙ
2104 276 2221 350 aliud

195 410 306 490 cium,
333 402 500 469 dixerunt
514 403 633 466 nostra
655 389 750 456 bona
772 408 878 475 opera
904 404 976 450 esse
1001 379 1088 469 legis
1113 379 1178 445 im·
1331 371 1455 450 cecidit
1491 401 1606 470 supro
1664 385 1800 460 strom,
1840 387 1871 448 et
1898 387 2027 448 uotum
2053 381 2218 462 exaruit,

196 509 407 604 pletionem‚
447 512 480 567 et
513 519 577 584 pro
602 487 668 560 boc
691 503 857 580 tanquam
884 482 1020 574 precio,
1055 483 1090 549 id
1116 491 1180 562 est,
1331 477 1509 575 quianon
1528 401 1689 547 tabedbr
1706 473 1903 548 tumorem.
1958 478 2011 548 Et
2025 477 2139 552 uliud
2162 508 2217 552 ce-

196 635 300 686 causa
324 597 531 680 sufficienti,
573 609 606 664 et
630 591 832 682 impellente
858 587 1078 655 voluntatem
1099 579 1180 664 Dei,
1333 575 1421 648 cidit
1438 577 1696 676 interspiuuS,
1723 589 1753 648 et
1769 579 1886 650 simul
1900 592 2049 651 exortae
2071 583 2218 676 spinae,

196 712 318 788 deberi
334 708 441 776 vitam
459 713 646 770 aeternam.
697 695 748 761 lta
766 687 870 760 obliti
895 699 979 757 sunt
994 683 1179 773 Evangelii
1330 673 1601 782 suffocaverunt
1635 677 1743 752 illud.
1805 677 1858 750 Et
1888 678 2000 752 uliud
2024 681 2148 754 cecidit
2175 686 2217 754 in

197 823 241 890 de
255 811 420 890 Cbristo,
452 817 485 872 et
501 802 545 870 de
561 799 628 868 fide
645 797 682 864 in
697 789 898 870 Christum,
931 790 1018 856 sicut
1045 799 1181 855 cunstat
1333 791 1468 852 terram
1503 782 1657 864 bunum,
1694 792 1725 850 et
1759 791 1895 864 ortum,
1930 783 2023 881 fecit
2045 785 2217 884 smum„

198 925 241 992 de
258 914 323 988 bac
337 913 422 992 fide,
454 925 544 998 quae
564 913 618 970 est
638 897 765 966 fiducia
787 893 957 982 gratuitae
981 889 1177 958 misericor·
1334 881 1551 980 centuplum.
1603 879 1863 972 Haereticam,
1897 884 2104 958 clamabat:
2139 885 2223 985 Qui

197 1024 277 1093 diae
294 1028 436 1109 propter
451 1002 633 1076 Christum
652 997 860 1091 promissae,
887 993 1067 1060 silentium
1086 990 1179 1081 apud
1332 981 1442 1055 habet
1457 1011 1565 1056 aures
1582 982 1780 1072 audiendi,
1809 984 1954 1061 oudiot.

199 1146 258 1196 eos
281 1139 364 1188 esse.
425 1109 530 1190 ltern,
563 1103 786 1174 adbmrerunt
810 1095 1038 1172 absurdiora,
1074 1115 1179 1184 qnos·
1285 1084 1576 1182 Interrogubunt
1595 1097 1815 1168 [autemeam
1839 1087 2015 1186 discipuli
2035 1090 2128 1174 sius,
2158 1089 2221 1162 di.

199 1231 279 1296 dam
297 1215 478 1289 abundare
494 1207 646 1289 meritis,
674 1201 734 1296 qui
751 1199 883 1292 possint
904 1220 942 1264 ea
966 1195 1043 1264 aliis
1067 1193 1180 1284 appli-
1335 1199 1467 1275 eculeo,
1493 1215 1585 1288 ‹Juoe
1600 1200 1688 1259 esset
1703 1185 1792 1260 haee
1804 1189 2021 1289 parabola?
2052 1189 2127 1263 tlte
2147 1221 2222 1264 ou-

201 1349 290 1400 care.
342 1299 1000 1402 llaecportentaneeessefnittaxari,
1036 1300 1114 1364 ideo
1138 1297 1180 1362 de
1344 1302 1412 1361 tem
1431 1288 1546 1362 dixit:
1578 1289 1695 1362 Vobis
1711 1287 1838 1362 datram
1866 1304 1935 1379 est,
1960 1317 2064 1364 nosse
2083 1307 2223 1389 myste-

201 1423 375 1500 vocabulo
400 1413 534 1506 aliquid
558 1409 809 1502 disputandum
836 1403 912 1470 fuit.
969 1395 1015 1468 Et
1041 1393 1096 1466 bis
1120 1400 1179 1466 ab·
1334 1394 1393 1463 riu
1414 1393 1518 1487 regni
1532 1391 1626 1476 Dei,
1654 1394 1802 1464 coeteris
1817 1405 1937 1464 aretem
1954 1395 1992 1463 in
2008 1397 2221 1491 purcheim,

201 1529 319 1603 surdis
333 1516 492 1592 refutatis
507 1515 660 1605 prudens
677 1509 777 1577 bacile
794 1506 912 1574 videre
933 1514 1064 1592 potest,
1093 1523 1181 1591 qna·
1337 1505 1375 1565 ut
1398 1492 1554 1565 vr'deutes
1575 1522 1649 1565 nou
1674 1493 1839 1580 uideant,
1875 1507 1906 1566 et
1929 1493 2119 1570 erudientes
2142 1526 2222 1571 non

201 1651 304 1708 tenus
319 1631 489 1712 congruat
504 1615 714 1685 vocabulum
732 1608 913 1678 mercedis.
1336 1594 1562 1692 intelligant.

303 1727 402 1799 Haec
429 1719 608 1790 monuisse
638 1714 720 1784 satis
743 1712 799 1780 sit.
859 1706 928 1778 Sed
952 1703 1057 1772 simul
1084 1721 1182 1768 veras
1286 1696 1359 1768 Est
1376 1709 1497 1768 outem
1515 1693 1605 1769 haee
1618 1697 1822 1794 parabola:
1857 1697 1984 1772 Samen
2003 1712 2054 1773 051
2072 1702 2220 1773 verbm„

203 1855 324 1908 causas
340 1838 431 1897 recte
447 1821 602 1894 faciendi
623 1815 847 1902 colligamus,
882 1833 926 1876 ne
947 1819 981 1875 et
1007 1828 1069 1873 nos
1092 1803 1184 1871 inter
1239 1869 1242 1876 ,
1336 1798 1422 1871 Dei.
1463 1797 1543 1897 Qui
1555 1812 1675 1872 aretem
1690 1825 1789 1872 secus
1806 1804 1923 1886 oium,
1956 1799 2121 1890 bisunt,
2152 1805 2226 1902 qui

127 1937 131 1950 ¹
203 1930 475 2028 ingratosistos,
502 1921 700 2015 dequibus
725 1910 781 1983 bie
807 1912 956 1998 dicitur,
991 1905 1183 1974 eiiciamur.
1337 1899 1514 1990 audiunt,
1555 1899 1683 1974 deinde
1705 1904 1798 1972 uenit
1829 1903 2022 1986 diodolus,
2057 1915 2088 1976 et
2117 1905 2224 1976 tollit

93 2035 98 2046 ⁴
203 2041 364 2114 Sciamus
377 2025 497 2122 puniri
513 2035 652 2114 peccata
666 2015 900 2088 horribilibus
918 2009 1057 2100 poenis,
1083 2030 1183 2098 prae·
1340 2004 1483 2076 uerbum
1499 2001 1820 2090 decordeeorum,
1853 2032 1897 2077 m
1918 2004 2095 2078 credente,
2119 2006 2227 2078 salvi

204 2140 363 2213 sentibus
379 2145 413 2202 ct
427 2128 574 2210 suturis,
601 2122 761 2195 Sciamus
778 2139 850 2185 non
874 2137 973 2204 posse
990 2108 1103 2180 Deum
1128 2108 1184 2175 in·
1309 2139 1315 2153 ·
1327 2103 1443 2200 fiunt.
1493 2101 1573 2204 Qui
1592 2117 1712 2177 uectem
1734 2132 1848 2204 supro
1870 2120 2029 2204 petrum,
2059 2105 2104 2178 hi
2121 2120 2224 2196 sunt,

206 2240 325 2314 vocari
342 2235 432 2304 mala
449 2225 675 2300 conscientia,
692 2221 851 2292 Sciamus
868 2212 1046 2284 lrorninem
1067 2213 1184 2280 deser·
1338 2208 1404 2307 qui
1418 2234 1496 2278 cum
1512 2206 1718 2295 erudierint,
1746 2233 1823 2278 curn
1846 2207 1989 2305 gaudio
2012 2213 2223 2308 suscipiunt

203 2363 280 2421 turn
297 2367 315 2411 a
330 2337 426 2417 Deo,
451 2331 645 2402 obnoxium
665 2347 738 2392 esse
754 2317 935 2412 tyrannidi
956 2313 1108 2394 diaboli,
1137 2313 1185 2378 si·
1338 2309 1502 2392 uerbum,
1530 2309 1582 2381 Et
1598 2306 1641 2380 ti
1658 2307 1799 2381 radices
1815 2337 1888 2384 nun
1903 2310 2058 2401 hubent,
2085 2313 2151 2412 qni
2168 2314 2230 2384 ad

204 2439 264 2519 cut
285 2440 434 2513 dicitur:
463 2431 538 2521 Qui
560 2439 738 2522 peecatum
762 2420 863 2503 facit,
896 2441 937 2486 ex
961 2415 1103 2484 diabolo
1126 2426 1186 2480 est.
1338 2422 1477 2509 tempus
1494 2409 1677 2504 creduut,¹
1692 2407 1758 2482 sed
1770 2414 1809 2483 in
1827 2423 1981 2513 tempore
2004 2417 2225 2490 tentationis

204 2552 290 2621 Ideo
305 2540 481 2631 fugiamus
494 2543 685 2630 peccatum.
739 2521 876 2594 Deinde
892 2535 926 2591 et
939 2515 1006 2588 boc
1024 2515 1187 2597 sciamus,
1340 2511 1518 2588 recedunt.
1557 2510 1672 2611 Quod
1684 2524 1805 2584 autem
1824 2517 1919 2588 inter
1935 2518 2066 2615 spinos
2084 2517 2225 2600 cecidit,

206 2656 300 2724 bona
319 2663 428 2734 opera
446 2661 519 2708 esse
534 2633 652 2705 debita
677 2625 888 2707 necessaria,
924 2635 957 2692 et
978 2617 1107 2688 mereri
1130 2617 1187 2685 in·
1339 2611 1502 2697 bisunt,
1539 2611 1832 2714 quiuudieruut,
1868 2629 1899 2690 et
1922 2647 1947 2690 u
1969 2619 2227 2692 solicitudini-

206 2751 322 2847 gentia
339 2741 514 2837 praemio,
547 2739 585 2807 in
611 2730 676 2804 bac
692 2731 761 2802 vita
786 2737 920 2817 etpost
943 2719 1034 2791 bane
1058 2720 1186 2788 vitam:
1339 2717 1425 2805 dus,
1457 2729 1487 2788 et
1503 2715 1661 2802 diuitiis,
1696 2729 1726 2788 et
1745 2719 1993 2818 uoluptatibus
2018 2725 2112 2794 vitoe
2133 2749 2227 2795 eun-

206 2868 375 2928 ettamen
393 2855 511 2914 manet
525 2837 610 2911 baec
625 2832 811 2914 sententia,
827 2829 923 2921 quod
940 2819 1185 2917 propteralind
1339 2831 1390 2892 tes
1419 2814 1672 2921 suffocantur,
1706 2832 1736 2890 et
1759 2847 1833 2892 non
1860 2824 2022 2922 referunt
2037 2827 2225 2926 fructura.

206 2959 335 3038 simus,
363 2942 600 3024 reconciliati,
620 2951 652 3006 et
668 2931 835 3004 haeredes
850 2931 942 3010 vitae
955 2940 1135 3006 aeternae,
1156 2934 1189 2990 et
1340 2919 1453 3020 Quod
1483 2933 1603 2994 nutem
1634 2921 1673 2992 in
1703 2922 1838 2994 bonum
1862 2935 2018 3018 terrum,
2057 2924 2102 2998 ti
2123 2943 2228 3017 sunt,

207 3059 303 3155 quod
336 3054 384 3122 ita
409 3048 543 3139 placen
563 3036 784 3116 obedienda,
818 3034 847 3102 si
871 3031 1040 3101 offeratur
1063 3027 1099 3094 in
1123 3026 1189 3092 fide
1340 3027 1405 3123 qai
1422 3022 1525 3096 eorde
1540 3025 1679 3095 sincero
1696 3036 1726 3094 u
1743 3025 1837 3096 hono
1853 3025 2042 3099 audientes
2064 3030 2226 3116 serbiam,

130 3159 133 3166 .
207 3172 353 3259 propter
369 3149 613 3220 mediatorem.
1343 3127 1515 3210 minem,
1541 3139 1572 3198 ,p
1582 3127 1750 3226 spadum
1768 3123 1931 3231 affimat
1946 3134 1984 3200 in
2003 3132 2198 3226 patiemim

307 3255 382 3326 Has
397 3273 517 3321 causas
534 3249 624 3316 bene
639 3235 812 3332 operandi
827 3255 964 3325 semper
979 3232 1191 3308 intueamur,
1290 3225 1408 3302 Nemo
1424 3241 1545 3302 aretem
1562 3229 1749 3300 lucernum
1766 3230 1980 3315 accendens,
2016 3235 2127 3330 operit
2143 3261 2226 3304 ,am

210 3379 243 3437 et
256 3384 321 3432 nos
338 3360 381 3430 'ad
398 3355 559 3424 timorem
575 3345 644 3416 Dei
665 3340 912 3419 exuscitemus‚
938 3333 977 3402 in
1000 3327 1066 3401 boc
1087 3353 1191 3400 rursu
1344 3357 1446 3417 uase,
1486 3342 1551 3402 out
1572 3331 1696 3402 subter
1719 3331 1846 3404 lectum
1871 3335 1991 3430 pouit,
2032 3331 2100 3404 sed
2115 3362 2229 3434 super

210 3463 338 3538 melius
372 3458 547 3526 discemus
576 3473 632 3518 res
667 3447 746 3514 illas
779 3440 950 3510 maximas
984 3434 1191 3522 intelligere,
1345 3431 1607 3506 candelabrum
1638 3434 1760 3533 pomp,
1803 3445 1841 3505 ω
1870 3437 2052 3506 immam
2077 3435 2229 3510 videam

210 3589 317 3662 quom
334 3562 372 3628 in
390 3556 516 3628 ociosis
532 3553 635 3632 rixis,
668 3560 701 3616 et
716 3558 801 3616 tunc
817 3543 868 3610 rei
895 3539 1100 3626 magnitudo
1124 3534 1193 3604 ali·
1345 3535 1478 3608 lumen.
1532 3533 1688 3607 Nonest
1707 3535 2013 3629 enimoccultum‚
2039 3536 2228 3638 quodsum

210 3692 282 3764 quo
301 3663 405 3733 modo
421 3653 647 3746 conspicitur.
698 3643 853 3717 ludicari
873 3644 915 3708 de
938 3638 1118 3710 auctibulis
1140 3638 1192 3705 fa·
1345 3637 1619 3736 uronisestetur,
1667 3663 1777 3736 neque
1804 3638 2080 3728 absconditum,
2128 3643 2236 3740 qood

211 3757 277 3842 cile
294 3777 426 3859 potest,
452 3773 487 3828 et
508 3755 570 3848 qni
594 3749 684 3820 vidit
705 3748 823 3838 aliquo
847 3744 952 3811 modo
977 3738 1193 3826 magnitudi-
1344 3766 1419 3810 non
1455 3749 1711 3835 cognoscatur,
1753 3751 1784 3810 et
1819 3741 1858 3812 in
1893 3755 2058 3842 opertum
2095 3745 2230 3819 oenias,

211 3895 293 3943 nem
322 3857 537 3936 infirmitatis
563 3849 760 3932 humanae,
794 3861 827 3916 et
851 3839 1110 3922 immunditiei,
1140 3839 1195 3907 l'a-
1349 3838 1478 3916 Videte
1495 3867 1599 3936 ergo,
1626 3840 1806 3940 quomodo
1824 3842 2001 3920 audiatis.
2035 3842 2115 3941 Qui
2130 3849 2229 3916 enim

212 3975 278 4045 rile
310 3965 476 4052 intelligit
506 3954 692 4051 praeconia
722 3947 840 4020 meriti
868 3945 987 4012 inania
1018 3965 1108 4023 esse,
1147 3935 1195 4008 Et
1346 3940 1473 4026 hobel,
1501 3941 1746 4028 illiciebatur,
1781 3949 2032 4046 etquicunque
2057 3975 2130 4016 rann
2155 3945 2231 4018 leu-

211 4096 344 4153 rursus,
359 4068 422 4162 qui
438 4060 606 4148 intelligit
623 4057 758 4147 placere
767 4049 842 4120 Deo
857 4045 1094 4117 obedientiam
1111 4065 1192 4132 pro·
1345 4044 1419 4126 het,
1448 4047 1556 4116 etium
1573 4041 1674 4144 qood
1684 4043 1790 4144 putrd
1805 4074 1842 4118 se
1860 4045 2010 4134 habere,
2038 4053 2233 4149 uersaretur

212 4191 290 4269 pter
306 4171 458 4252 Filium,
484 4162 656 4248 intelliget
672 4150 889 4243 compensari
907 4162 1025 4217 nostra
1049 4145 1192 4214 benefa—
1344 4145 1458 4217 abitt
1480 4204 1489 4224 .

213 4294 266 4349 cta
283 4272 464 4344 immensis
477 4262 644 4359 praemiis
660 4254 912 4350 amplioribus,
946 4273 1052 4341 quum
1076 4243 1193 4314 meriti

213 4377 323 4455 mio,
351 4372 487 4442 etiami
500 4389 570 4461 qua
588 4373 695 4443 met,
722 4367 888 4450 posceret·
1321 4297 1466 4369 Summa
1481 4295 1679 4389 Evangelii,
1696 4313 1728 4368 et
1748 4302 1952 4392 principalis
1970 4308 2161 4396 propositio
2180 4325 2236 4379 est

1245 4403 1440 4474 consolatio
1459 4404 1501 4470 de
1518 4397 1696 4485 Ecclesia,
1722 4407 1815 4494 qnod
1836 4418 1929 4472 certo
1953 4407 1998 4473 sit
2024 4409 2141 4501 aliqua
2161 4407 2233 4478 Ec-

529 4584 538 4604 ·
575 4579 584 4598 ι
694 4571 703 4604 e
883 4535 897 4588 ,·
1245 4505 1368 4583 clesia,
1402 4505 1606 4598 ubicunque
1637 4489 2049 4593 doceturEv'angetiuw.
2113 4507 2172 4579 Est
2197 4529 2235 4584 et

421 4587 637 4667 D⁰ffl¹¹¹¹ffl
671 4572 995 4682 *sexagefflmae'
1219 4655 1222 4687 ,
1247 4607 1440 4676 consolatio
1462 4610 1627 4678 adversus
1651 4605 1854 4674 scandalum
1879 4609 2062 4698 paucitatis
2084 4615 2236 4682 creden-

494 4741 726 4830 Evangelium
748 4736 863 4804 Lucae
882 4731 916 4800 8.
1219 4690 1223 4810 l
1247 4709 1346 4780 tium.

267 4885 360 4965 Cum
382 4893 503 4956 autem
527 4877 634 4948 turbu
657 4869 822 4970 plurimo
847 4863 1066 4948 conueniret,
1102 4873 1133 4933 et
1156 4811 1224 4950 del
1350 4859 1526 4951 Est-ergo
1557 4862 1691 4952 primns
1714 4863 1822 4932 lorus.
1880 4861 2113 4955 Evangeliurn
2137 4895 2238 4944 nun.

315 4985 524 5062 ciuitatibus
545 4981 780 5075 properarent
802 4964 856 5040 od
873 4993 971 5046 eum,
1009 4961 1108 5036 dixit
1135 4990 1199 5062 per
1221 4951 1224 5086 J
1247 4989 1351 5060 quam
1370 4988 1513 5056 prorsus
1529 4964 1670 5033 estsine
1686 4965 1824 5049 fructu,
1857 4969 1917 5034 sed
1944 4991 2082 5058 semper
2104 4973 2141 5040 in
2166 4979 2239 5046 eli.

316 5081 615 5164 similitudinem:
642 5075 757 5147 Exiit
770 5072 836 5171 uui
847 5070 1003 5140 seminat
1018 5068 1198 5138 seminare
1221 5087 1224 5163 ς
1248 5069 1378 5162 quibus
1394 5079 1445 5136 est
1459 5066 1597 5150 efficax,
1624 5079 1665 5135 ut
1680 5081 1828 5138 testatur
1844 5065 1939 5138 Esai.
1959 5065 2041 5142 65.:
2068 5072 2148 5144 Non
2174 5103 2237 5148 re.

317 5217 436 5266 semen
448 5211 567 5262 suum.
620 5177 673 5249 Et
693 5172 967 5252 dumserninot,
992 5165 1105 5240 atteret
1116 5168 1199 5266 qui·
1222 5191 1225 5244 3
1249 5184 1404 5240 vertetur
1421 5169 1569 5238 verbnm
1588 5170 1631 5238 ad
1649 5193 1889 5258 monacnum,
1910 5175 1968 5243 sed
1987 5175 2105 5260 faciet,
2124 5203 2238 5270 quae.

318 5291 398 5370 dem
414 5287 538 5364 cecidit
552 5309 652 5360 serus
669 5280 785 5359 uiam,
812 5287 843 5348 et
865 5272 1113 5348 conculcatum
1137 5281 1199 5356 est,
1222 5281 1225 5309 ¹
1248 5295 1388 5365 cunque
1405 5271 1515 5340 volui.
