4590 5808
232 173 304 250 ιιι
615 159 621 166 ·
829 151 955 228 euru
981 145 1099 226 nnn
1125 143 1337 236 scarras
1363 145 1665 228 munerea.
1813 135 1819 142 ’
2174 101 2237 236 ιιι

52 341 54 350 ’
127 362 128 365 ¹
234 369 338 431 nem,
366 353 409 416 ut
432 359 510 410 eam
534 355 616 426 erga
640 333 759 426 ipsum
781 327 971 422 praecipue
992 342 1228 406 exerceamus,
1274 323 1477 417 significans
1503 325 1696 416 gratiarum
1728 323 1903 400 actionem
1934 329 2152 424 praecipuum
2178 357 2240 407 esse

236 465 273 522 et
284 448 395 520 simus
410 463 492 532 erga
505 439 623 532 ipsum
641 453 782 505 veraces
799 443 835 503 et
850 429 1012 505 officiosi.
1068 426 1122 499 Ac
1136 425 1229 498 sicut
1276 427 1486 500 sacrificium
1502 441 1537 501 et
1551 421 1628 500 Deo
1649 427 1907 517 gratissimum,
1940 445 1975 502 et
1993 455 2035 504 eo
2054 431 2077 502 a
2098 436 2242 526 pluribus

236 549 454 648 petitionem,
468 544 507 614 in
528 537 755 610 invocatione
778 533 953 628 postulat,
998 543 1036 602 ut
1061 549 1230 620 agnosca-
1276 530 1496 602 laciendum:
1536 530 1620 624 quis
1644 528 1741 602 Deus
1761 555 1781 603 a
1805 533 1929 604 multis
1952 535 2091 626 agnosci
2111 554 2144 610 et
2164 541 2242 610 cele·

238 677 320 728 mus
338 669 411 723 esse
426 645 562 729 Deum,
587 653 624 713 et
638 661 713 711 esse
729 637 1030 729 omnipotentem,
1061 652 1230 725 praesen·
1278 633 1375 704 brari
1398 656 1435 704 se
1456 633 1568 724 magis
1588 633 1763 724 postulat,
1796 649 1933 706 etcum
1959 636 2063 710 multi
2081 641 2244 714 celebrant

237 775 310 830 tem
326 769 361 826 et
374 750 645 842 opitulatorem,
670 740 767 814 utin
782 739 848 812 tali
860 736 1042 829 agnitione
1064 756 1102 806 se
1126 732 1230 803 nobis
1278 749 1459 826 acceptum
1481 735 1713 823 beneficium,
1737 735 1938 830 exemplum
1955 737 1994 809 lit
2009 739 2194 830 illustrius,
2215 759 2245 816 et

240 855 494 933 eommunicet:
526 849 575 920 ita
593 844 786 935 gratiarnm
801 841 976 913 actionem
993 837 1167 931 postulat,
1190 847 1232 906 ut
1278 838 1398 931 plures
1411 831 1476 908 'alii
1498 838 1697 910 invitantur
1717 840 1763 912 sd
1787 839 2068 928 invocationem,
2100 844 2245 917 timoren

242 969 439 1057 perseveret
462 949 549 1022 baec
570 970 653 1018 vera
675 945 829 1038 agnitio,
868 956 910 1016 ut
934 941 1102 1033 deinceps
1125 937 1231 1009 etiam
1279 954 1314 1012 et
1327 940 1446 1019 fidem.
1504 937 1595 1012 Cum
1614 940 1723 1031 igitur
1733 943 1928 1031 gratiarum
1941 944 2034 1014 actio
2047 945 2093 1018 sit
2106 969 2247 1019 ιιιωιι.

243 1087 317 1137 sese
331 1059 436 1132 nobis
446 1049 695 1130 communicet,
712 1045 933 1118 ideoPaulus
943 1035 1233 1139 inquit1.Thes·
1279 1043 1354 1114 rius
1370 1043 1507 1128 cultus,
1532 1043 1743 1138 plerumque
1766 1057 1949 1138 praecepta
1974 1045 2157 1120 coniuncta
2178 1063 2247 1122 suut

243 1168 307 1242 sal.
320 1163 468 1238 ultimo:
496 1157 717 1226 lnoessanter
729 1164 841 1236 orate,
867 1147 906 1216 in
920 1146 1089 1219 omnibus
1104 1142 1233 1235 gratias
1279 1147 1325 1217 de
1345 1145 1517 1238 petitione
1540 1159 1575 1216 et
1596 1145 1788 1236 gratiarum
1813 1146 1971 1231 actione,
2009 1149 2094 1240 quis
2114 1163 2246 1246 utraque

244 1270 347 1361 agite,
1279 1248 1475 1320 necessaria
1490 1260 1542 1320 est
1558 1248 1603 1334 ad
1619 1247 1837 1337 agnitionem
1849 1245 1938 1334 Dei,
1962 1246 2174 1329 Psalm.60.:
2198 1253 2247 1324 ln·

346 1365 410 1444 Est
426 1388 509 1456 ergo
522 1358 715 1453 gratiarum
731 1357 823 1436 actio
837 1375 917 1445 erga
932 1351 1068 1441 Deum,
1091 1348 1235 1434 veritas,
1280 1373 1369 1423 voca
1392 1374 1449 1420 me
1471 1349 1509 1419 in
1531 1349 1590 1421 die
1612 1349 1857 1422 tribulationis
1870 1364 1951 1421 tuae
1959 1401 1971 1438 ,
2006 1368 2042 1426 et
2056 1355 2195 1446 eripiam
2209 1369 2247 1440 te,
2285 1331 2286 1424 l

245 1500 335 1576 quae
361 1472 549 1567 profitetur
569 1476 709 1554 accepta
731 1483 804 1532 esse
825 1482 846 1528 a
869 1455 946 1529 Deo
966 1451 1158 1532 beneficia,
1200 1463 1236 1522 et
1280 1466 1315 1526 et
1341 1451 1554 1544 glorificabis
1575 1475 1643 1526 me.
1711 1449 1801 1522 ltem
1830 1453 1864 1527 1.
1878 1451 1974 1528 Tim.
1989 1459 2045 1531 2:
2084 1453 2248 1530 Adhortor
2285 1517 2286 1520 ,

230 1593 329 1651 'vere
345 1599 418 1646 esse
433 1569 569 1658 Deum,
596 1587 671 1636 esse
685 1563 982 1655 omnipotentem,
1014 1566 1234 1648 praesentem
1282 1555 1436 1649 primum
1453 1554 1632 1637 omnium,
1657 1567 1698 1626 ut
1710 1555 1799 1628 fiant
1812 1555 2086 1647 deprecationes,
2110 1575 2184 1630 vota
2199 1583 2248 1629 seu
2285 1569 2286 1602 t

246 1699 284 1757 et
305 1679 569 1773 opitulatorem
634 1663 682 1737 Et
702 1677 757 1774 est
778 1685 869 1757 opus
896 1660 1068 1744 iustitiae,
1107 1679 1177 1750 qua
1200 1668 1236 1725 te
1283 1657 1484 1751 petitiones,
1508 1656 1812 1748 interpellationes
1827 1681 1891 1748 pro
1908 1657 2000 1744 aliis,
2026 1674 2061 1730 et
2077 1664 2248 1753 gratiamn
2285 1655 2286 1738 l

247 1787 383 1874 obligas
399 1779 441 1848 ad
462 1771 576 1845 officia
592 1764 669 1838 Deo
686 1780 797 1858 grata.
854 1760 946 1834 Cum
959 1763 1068 1850 igitur
1089 1759 1236 1828 menda-
1283 1761 1439 1832 actiones
1468 1781 1533 1852 pro
1563 1759 1731 1830 omnibus
1756 1754 1984 1845 hominibus,
2026 1777 2090 1838 etc.
2134 1761 2249 1848 'Certa
2285 1761 2286 1764 ’

248 1889 344 1960 cium
362 1896 397 1953 et
416 1873 592 1948 iniustitia
616 1870 690 1940 sint
712 1865 901 1940 horribilia
926 1875 1081 1958 peccata:
1119 1859 1236 1930 mani·
1284 1885 1364 1933 cum
1379 1860 1615 1952 exstinguitur
1630 1857 1840 1952 agnitioDei
1855 1861 1893 1932 in
1909 1863 2069 1952 ingratis,
2094 1862 2185 1938 Deus
2199 1869 2250 1936 de·

214 2007 217 2012 ’
247 1995 375 2062 festum
391 1993 441 2052 est
455 1971 747 2068 ingratitudinem
760 1991 841 2059 erga
856 1964 973 2038 Deum
987 1987 1062 2036 esse
1083 1957 1237 2034 horren·
1285 1964 1371 2036 sinit
1392 1987 1429 2033 se
1451 1963 1502 2034 eis
1521 1964 1795 2037 communicare.
1863 1961 1964 2035 Sicut
1984 1965 2186 2060 plerumque
2206 1991 2251 2038 se·

249 2097 335 2166 dum
352 2086 483 2162 scelus,
511 2091 571 2162 ut,
604 2097 685 2146 curn
710 2069 915 2145 Alexander
934 2065 1086 2138 Macedo
1109 2065 1240 2155 cogitat
1284 2066 1362 2140 curi
1376 2061 1540 2136 homines
1554 2077 1633 2157 post
1648 2079 1787 2157 accepta
1803 2065 1971 2137 beneficia
1988 2067 2121 2141 ludunt
2142 2071 2250 2140 talibus

165 2201 167 2208 ’
248 2219 331 2268 casu
349 2202 410 2263 aut
424 2209 485 2261 sua
500 2179 632 2252 virtute
653 2189 794 2268 pactum
816 2195 890 2243 esse
912 2192 1080 2258 regnum,
1105 2191 1170 2238 nec
1185 2167 1239 2235 ia·
1285 2168 1574 2260 cogitationibus:
1614 2164 1788 2242 Fortassis
1812 2191 1895 2238 casu
1915 2169 2089 2244 liberatus
2112 2195 2162 2256 es,
2197 2185 2250 2244 etc.
2285 2223 2286 2226 ,

247 2313 344 2374 tetur
366 2291 476 2364 aDeo
493 2287 614 2355 datum
634 2299 726 2361 osse,
758 2276 912 2348 mendax
934 2285 1003 2358 est,
1036 2284 1072 2344 et
1094 2269 1239 2364 quidem
1285 2270 1338 2344 lta
1358 2270 1528 2358 amittunt
1551 2268 1767 2358 agnitionem
1782 2267 1869 2356 Dei,
1896 2283 1931 2342 et
1954 2274 2170 2362 praesentiae
2183 2274 2250 2354 Dei,

250 2411 375 2472 contra
389 2392 525 2465 Deum:
552 2397 672 2478 postea
685 2385 724 2454 fit
739 2380 893 2452 iniustus
910 2399 984 2449 non
1001 2368 1256 2448 reddensDeo,
1287 2400 1367 2446 cum
1393 2371 1553 2468 sequenti
1583 2370 1938 2452 commemoratione,
1987 2397 2031 2446 ac
2058 2375 2251 2469 professione

250 2501 407 2574 officium
444 2489 624 2574 debitum,
670 2509 751 2558 cum
783 2483 883 2554 iubet
918 2501 993 2552 sese
1025 2474 1168 2549 adorari
1199 2487 1243 2549 ut
1287 2477 1382 2548 olere
1397 2488 1432 2548 et
1445 2469 1655 2546 confirmare
1669 2472 1889 2564 agnitionem
1903 2471 1994 2558 Dei,
2028 2492 2062 2550 et
2086 2479 2182 2548 fidem
2201 2480 2251 2548 de-
2285 2509 2286 2524 ι

249 2605 379 2676 Deum.
451 2592 584 2684 Magna
609 2601 727 2661 autem
748 2600 784 2658 et
806 2584 922 2677 turpis
944 2581 1165 2673 ingratitudo
1189 2592 1242 2650 est
1287 2582 1424 2654 herent.

190 2721 200 2736 ‘
251 2705 414 2780 omnium
434 2693 626 2770 hominum
648 2692 817 2762 adversus
838 2683 976 2771 Deum,
1008 2683 1199 2774 accipimus
1221 2705 1241 2751 a
1389 2679 1520 2774 Ingens
1535 2681 1637 2754 labor
1651 2693 1702 2752 est
1716 2679 1786 2773 piis
1801 2680 1979 2752 mentibus
2000 2685 2108 2754 etiam
2123 2697 2252 2776 postac·

251 2807 330 2882 Deo
352 2804 484 2885 vitam,
510 2795 671 2887 ingenia,
695 2789 960 2872 educationem,
984 2787 1138 2871 victum,
1162 2784 1242 2854 lite·
1288 2797 1427 2880 ceptum
1444 2784 1652 2855 beneficium
1670 2783 1823 2854 retinere
1838 2775 1931 2854 hanc
1945 2785 2166 2866 sententiam,
2190 2805 2253 2853 vere
2285 2765 2286 2858 ᾗ

251 2934 330 2996 ιιι,
354 2897 608 3002 Evangeliur'n,
634 2891 848 2972 Ecclesiam,
882 2889 1042 2983 politias,
1068 2902 1102 2959 et
1124 2885 1243 2982 quoti·
1288 2911 1354 2959 nos
1370 2912 1389 2958 a
1405 2885 1481 2957 Deo
1495 2885 1854 2957 adiutosetservatus
1867 2907 1952 2958 csse.
2008 2885 2093 2958 ldeo
2110 2913 2183 2958 eum
2197 2885 2253 2955 Dei
2285 2911 2286 2928 ι

255 3017 313 3086 dic
335 3007 449 3080 multa
470 2999 661 3077 beneficia,
698 3018 801 3086 saepe
826 2991 1052 3062 defendimur
1074 2990 1243 3060 adversus
1291 2989 1472 3062 beneficiis
1488 2987 1642 3081 pericula
1657 3000 1776 3058 nostra
1792 2987 2034 3079 depelluntur,
2060 3003 2099 3060 ut
2114 2989 2254 3081 saepsit,
2285 3031 2286 3072 3

134 3100 146 3112 ’
255 3112 459 3193 diabolum,
499 3099 656 3192 depulsis
680 3097 757 3170 eius
777 3094 919 3167 insidiis
941 3117 1004 3186 per
1030 3091 1143 3162 hlium
1165 3088 1244 3176 Dei,
1288 3107 1470 3164 teneamus
1493 3091 1532 3161 in
1554 3103 1744 3181 conspectu
1765 3090 1976 3174 sententias,
2004 3115 2096 3186 quae
2111 3113 2255 3162 noscon·
2285 3121 2286 3124 ¹

255 3241 341 3316 quas
355 3235 421 3283 ποῦ
435 3227 581 3306 pronus
595 3203 821 3294 denotamus,
845 3220 947 3288 saepe
969 3195 1136 3264 iuvamur
1149 3193 1245 3263 divi·
1289 3195 1450 3280 firment,
1475 3205 1515 3264 ut
1529 3213 1779 3282 agnoscamus,
1810 3214 1878 3261 nos
1895 3215 1914 3260 a
1929 3189 2008 3263 Deo
2032 3195 2168 3265 adiutos
2188 3213 2255 3271 esse,

254 3303 370 3401 nilus,
395 3333 474 3384 cum
490 3307 695 3403 nequidem
711 3304 864 3394 patimus
880 3297 1071 3370 auxilium:
1100 3293 1244 3368 interim
1289 3312 1330 3370 ut
1342 3291 1574 3368 Psalmod4.:
1601 3293 1669 3364 lste
1685 3316 1820 3385 pauper
1834 3293 2001 3366 clamavit
2017 3298 2061 3366 sd
2071 3292 2256 3376 Dominum,
2285 3315 2286 3324 ¹

256 3417 371 3494 securi
387 3413 559 3503 ludimus,
583 3420 645 3482 aut
661 3405 863 3499 quaerimus
877 3398 1092 3492 voluptates,
1111 3411 1147 3469 et
1162 3419 1245 3469 casu
1290 3414 1326 3470 et
1340 3398 1516 3470 Dominus
1531 3395 1709 3468 exaudivit
1723 3417 1817 3469 eum.
1882 3390 2028 3468 Psalmo
2043 3398 2143 3471 nn:
2166 3395 2257 3468 Dim·
2285 3433 2286 3472 1

188 3575 193 3582 -
257 3518 379 3598 offerri
401 3516 506 3588 nobis
527 3516 622 3587 bona
642 3510 882 3602 disputamus,
919 3525 996 3572 non
1023 3499 1246 3592 agnoscimus
1290 3501 1374 3593 pisti
1389 3498 1533 3571 vincula
1549 3520 1649 3582 mea,
1674 3497 1741 3569 tibi
1757 3495 1959 3568 sacrificabo
1977 3493 2129 3571 hostiam
2151 3495 2257 3569 laudis.

255 3627 373 3700 Deum
391 3616 553 3690 beneficii
568 3628 728 3686 autorem
750 3631 842 3694 esse,
873 3605 1040 3696 fingimus
1053 3627 1136 3674 casu
1150 3601 1247 3695 peri·
1291 3599 1435 3674 Psalmo
1453 3599 1557 3682 127.:
1584 3597 1661 3670 Nisi
1676 3595 1855 3670 Dominus
1869 3599 2106 3673 aedificaverit
2123 3604 2256 3678 domun,
2285 3607 2286 3628 ³

258 3729 337 3802 cula
352 3722 498 3815 depulsa
515 3740 609 3802 esse,
631 3737 708 3786 non
723 3711 906 3783 studemus
920 3706 1074 3777 retinere
1089 3705 1248 3776 benevo-
1293 3719 1359 3779 etc.
1391 3700 1632 3798 Agnoscamus
1647 3700 1755 3789 igitur
1768 3694 1934 3772 humanis
1949 3703 2109 3774 consiliis
2123 3727 2161 3774 ac
2175 3722 2258 3794 prae·
2285 3699 2286 3704 ’

257 3831 405 3910 lentiam
420 3821 506 3905 Dei,
539 3841 615 3889 non
639 3811 860 3886 ostendimus
879 3820 1038 3880 nostram
1058 3805 1247 3898 gratitudi·
1293 3806 1394 3878 sidiis
1409 3830 1481 3876 non
1498 3826 1597 3896 posse
1613 3801 1768 3893 pericula
1783 3803 1904 3874 omnia
1920 3803 2061 3892 discuti,
2085 3805 2170 3876 sicut
2184 3804 2259 3872 clarc

258 3958 341 4007 nem
357 3924 598 4002 ,celebratione
619 3913 858 3989 benefactoris
875 3925 910 3985 et
934 3923 1055 3982 nostra
1076 3909 1248 3990 obedien·
1293 3905 1772 4004 inquitleremiascap.10.a
1798 3903 1880 3976 Scio
1899 3903 2073 3991 Domine,
2094 3907 2184 4003 quod
2200 3923 2257 3974 non

258 4039 329 4121 tia,
354 4032 415 4104 sed
432 4029 522 4098 iram
537 4021 762 4095 accendimus
774 4029 895 4088 nostra
912 4011 1120 4106 petulantia.
1151 4008 1248 4084 llaec
1295 4025 1348 4098 est
1366 4007 1523 4080 hominis
1539 4007 1595 4077 via
1611 4008 1704 4090 eius,
1736 4030 1853 4100 neque
1874 4007 1944 4077 viri
1968 4008 2122 4101 dirigere
2144 4025 2259 4100 gressus

260 4139 354 4210 mala
370 4130 613 4222 deploremus,
639 4137 675 4197 et
688 4143 754 4192 nos
768 4118 1012 4199 emendemus,
1036 4128 1167 4185 etcum
1185 4113 1248 4184 be-
1294 4137 1388 4188 suos.
1439 4107 1487 4184 Et
1500 4108 1630 4180 Psalm.
1647 4107 1729 4190 27.:
1763 4107 1869 4180 Pater
1893 4123 1927 4182 et
1948 4125 2062 4183 mater
2082 4111 2258 4202 derelique-

261 4238 384 4310 nelicia
400 4227 714 4322 Deiagnovimus,
738 4222 965 4294 lateamurea
982 4209 1249 4288 nosaDeoac·
1296 4228 1382 4287 rum
1404 4238 1481 4300 me,
1521 4211 1698 4284 Dominus
1719 4225 1835 4283 autem
1857 4212 2009 4306 suscepit
2031 4237 2101 4285 me.
2162 4211 2257 4301 Quam

262 4339 410 4433 cepisse,
441 4357 508 4404 nec
533 4329 731 4424 petulanter
751 4321 968 4394 excutiamus
992 4315 1110 4389 Deum
1130 4331 1249 4390 custo·
1288 4317 1407 4389 'multa
1424 4313 1553 4396 Moisi,
1579 4311 1758 4400 Samueli,
1788 4309 1936 4397 Davidi,
1962 4309 2153 4400 Ezechiae,
2177 4307 2257 4384 deni.

262 4449 342 4516 dem
360 4451 394 4508 et
408 4435 674 4527 opitulatorem:
696 4425 758 4498 sed
775 4425 809 4495 ei
823 4425 961 4516 placere
974 4421 1189 4507 studeamus,
1215 4433 1250 4492 et
1297 4445 1366 4514 que
1381 4417 1550 4490 omnibus
1563 4415 1860 4507 gubernatoribus
1874 4415 2040 4488 accidunt
2057 4409 2259 4492 inextricabi-

263 4539 514 4640 gtatitudlnem
530 4545 687 4620 nostram
702 4527 795 4598 veris
814 4525 940 4596 officiis
964 4522 1076 4608 vitae,
1108 4536 1144 4594 et
1165 4547 1251 4594 voce
1297 4523 1346 4592 lia
1360 4516 1518 4593 humano
1533 4519 1705 4591 consilio?
1754 4516 1869 4608 Ergo,
1899 4531 1946 4607 ut¹
1957 4519 2030 4602 illi,
2064 4521 2138 4610 regi
2157 4539 2214 4588 nos
2231 4533 2286 4579 ac

264 4645 500 4726 celebremus,
537 4631 749 4707 nominatim
777 4627 905 4719 gratias
927 4647 1070 4716 agamus
1090 4625 1251 4721 quolibet
1298 4623 1414 4695 iuvari
1428 4646 1448 4692 a
1463 4619 1539 4692 Deo
1555 4635 1734 4714 petamus,
1767 4635 1801 4694 et
1817 4621 1930 4691 exitus
1945 4610 2025 4692 cum
2042 4635 2124 4693 sunt
2140 4611 2260 4713 placidi,

264 4767 423 4840 tempore
439 4764 504 4833 pro
521 4736 654 4810 recenti
677 4731 847 4806 beneficio
873 4743 959 4801 tunc
980 4743 1141 4820 accepto,
1166 4751 1251 4798 nar·
1298 4728 1470 4797 fateamur
1483 4719 1577 4819 quod
1594 4747 1649 4794 res
1664 4738 1732 4805 est,
1772 4720 1887 4795 aDeo
1909 4746 1974 4794 nos
1994 4725 2138 4796 adiutos
2157 4746 2194 4792 ae
2214 4719 2261 4786 de·

263 4872 382 4927 remus
397 4847 482 4916 item
497 4843 593 4933 apud
609 4839 715 4922 alios,
740 4832 804 4904 ubi
820 4853 941 4902 sumus
963 4829 1077 4902 adiuti
1099 4853 1140 4903 ac
1161 4831 1252 4901 libe-
1298 4829 1419 4901 lensos
1441 4849 1531 4906 esse,
1558 4839 1595 4896 et
1617 4821 1684 4896 hac
1706 4826 2047 4898 commonefactione
2068 4841 2216 4899 autorem
2235 4827 2261 4884 st

264 4957 352 5039 rati,
383 4964 423 5022 nt
438 4945 499 5020 alii
518 4945 562 5014 ad
579 4941 796 5030 agnitionem
811 4931 879 5005 Dei
895 4932 1104 5004 invitentur.
1157 4928 1252 5004 Gra·
1299 4930 1570 5022 gubernatorem
1586 4928 1747 5000 beneficii
1763 4928 1992 5000 celebremus.

265 5075 341 5133 tom
354 5054 431 5129 Deo
448 5070 578 5120 munus
593 5056 644 5112 est
657 5063 721 5134 per
738 5060 811 5109 sese
829 5033 1027 5126 gratitudo,
1052 5036 1112 5104 sed
1129 5049 1252 5125 postu·

263 5161 358 5230 latus
373 5156 478 5225 etiam
495 5144 646 5238 exempli
662 5164 776 5216 causa.
808 5133 1036 5208 ldeoPaulus
1049 5136 1252 5208 dulcissime
1538 5104 1666 5177 ‘’mill‘'
1686 5106 1752 5198 ‘lul
1771 5105 1873 5196 imit
1897 5104 2055 5196 “⁰⁰ll’li·

265 5259 439 5338 hortatur,
463 5269 505 5324 ut
520 5248 623 5321 multi
638 5268 705 5335 pro
721 5265 757 5312 se
771 5250 885 5323 orent,
909 5259 982 5331 quo
998 5237 1118 5328 plures
1133 5253 1252 5332 postea
1402 5233 1600 5319 Audivistis
1616 5237 1774 5329 proxime
1789 5257 2012 5308 communem
2027 5230 2214 5305 doctrinam
2228 5218 2261 5287 de

265 5388 331 5458 pro
348 5367 489 5448 accepto
503 5345 673 5426 beneficio
689 5343 819 5435 gratias
832 5353 948 5430 agant.
986 5338 1022 5411 t.
1038 5336 1201 5414 Corinth.
1218 5342 1252 5415 1.
1300 5338 1526 5412 invocatione
1549 5361 1613 5410 seu
1635 5339 1855 5432 precatione,
1891 5363 1981 5436 quae
1996 5337 2035 5409 in
2052 5333 2118 5408 hac
2131 5319 2263 5404 Ecclesia
