4622 5818
54 2773 60 2786 ·
148 2712 155 2722 ’
249 2715 387 2793 Christi
404 2697 656 2781 circaPasche.
707 2696 757 2770 Et
771 2696 884 2798 cogita
902 2696 1059 2790 prlmum
1075 2695 1240 2766 mirabile

236 171 312 252 aas
502 232 506 240 ,
785 87 1681 234 'cnmmnscmmanxnonncn
2196 147 2263 230 sn

338 343 502 417 ennam
518 293 765 410 autrannus
778 349 883 400 caue
899 293 1088 400 sesana
1101 322 1178 396 aas
1195 321 1235 395 sn
1388 317 1474 398 Ata
1488 337 1573 398 sunt
1587 317 1907 420 praesumam
1930 321 2139 420 simpliciter
2158 323 2268 414 fugere

238 449 383 525 Herode
406 454 531 516 contra
546 433 763 522 Iohannem,
788 425 968 502 lohannes
990 440 1032 499 ut
1051 426 1235 519 praedica.
1285 449 1427 502 nem„
1449 441 1519 508 ω,
1560 440 1621 512 ut,
1654 425 1714 498 ,Ne
1743 428 1903 514 occidas,
1948 425 2002 511 Ne
2033 428 2176 498 invoces
2198 427 2268 500 ido·

239 570 296 626 tor
319 547 435 620 fidelis
451 543 571 634 arguit
584 537 788 616 Herodem,
812 533 911 628 quod
929 528 1089 624 rapuerit
1114 527 1235 600 fratris
1285 530 1376 606 lum.
1427 525 1482 598 De
1496 523 1554 598 his
1570 528 1676 600 etiam
1690 529 1805 616 facilis
1820 530 2029 600 deliberatio
2048 541 2112 603 ρει,

238 652 396 727 Vllefllls
416 647 618 734 ⁶⁰⁰lugem·
1387 625 1535 700 Tertius
1555 631 1685 720 gradus
1703 644 1754 702 est
1772 647 1920 724 operum
1943 631 2163 710 mediorum,
2188 651 2268 738 quac

343 750 399 824 lta
415 751 476 840 fit,
501 745 631 815 veritas
652 737 776 812 odium
796 729 907 828 parit‘
944 730 1024 806 Hoc
1046 753 1236 802 commune
1287 753 1354 804 nee
1374 731 1570 802 necessaria
1594 745 1696 818 sunt,
1719 755 1785 804 nec
1806 755 1967 823 expresse
1987 728 2180 826 prohibita.
2221 729 2253 794 ,Γ
2306 809 2307 818 ἵ

239 855 441 954 periculum
465 860 517 918 est
537 843 699 916 omnium
719 852 814 909 recte
830 835 1058 914 docentium,
1083 846 1126 908 ut
1148 831 1237 903 scri.
1287 834 1357 905 iam
1373 833 1469 920 dixi,
1496 847 1637 919 natare,
1666 833 1723 924 γε1
1738 834 1872 905 henum
1888 847 2035 926 promer
2056 831 2205 924 proba&
2266 899 2271 907 Ι
2306 835 2307 912 3

240 975 343 1055 ptum
367 966 436 1026 est:
469 945 568 1022 Odio
590 944 689 1016 eritis
712 941 878 1014 omnihus
898 932 1123 1022 hominibus,
1150 958 1237 1027 pro-
1287 957 1429 1008 causam
1447 957 1610 1020 movere,
1636 937 1733 1027 quod
1750 948 1867 1006 tamen
1885 936 2002 1006 omitti
2017 935 2140 1029 possit.
2306 921 2307 1000 l

241 1075 322 1156 l)ter
337 1059 616 1128 ⁰⁰mefl'ffleum·
1256 1041 1259 1046 ’
1389 1032 1459 1104 Hic
1482 1037 1660 1106 discemus
1682 1037 1857 1126 regulam:
1893 1035 1935 1106 ln
1958 1037 2096 1128 magnis
2118 1039 2223 1108 rebus
2242 1053 2271 1110 ει

345 1156 497 1230 Modus:
533 1147 712 1244 quomodo
738 1137 929 1216 interficit?
987 1137 1091 1210 Falsa
1120 1136 1236 1232 specio
1287 1135 1499 1229 periculosis
1525 1133 1620 1206 nihil
1640 1137 1843 1208 laciendum
1864 1161 1953 1224 esse,
1980 1141 2048 1208 nisi
2063 1141 2270 1228 necessaria;

242 1259 427 1351 religionis
448 1238 703 1333 iurisiurandi,
728 1260 762 1318 ct
780 1246 922 1339 quidem
938 1243 1089 1334 saltante
1107 1239 1235 1332 puella.
1288 1251 1324 1308 et
1344 1260 1419 1308 non
1434 1239 1648 1322 necessaria,
1672 1263 1887 1334 quamquam
1901 1253 1983 1312 sunt
1998 1241 2166 1335 speciosa,
2183 1253 2215 1312 et
2229 1257 2271 1314 est

241 1363 369 1437 Nescio
385 1383 433 1430 an
450 1353 580 1450 aliquis
596 1345 773 1444 Propheta
790 1347 950 1420 temleri
968 1359 1002 1415 et
1018 1341 1160 1414 scurrili
1177 1363 1238 1412 oc·
1288 1341 1382 1412 hona
1396 1340 1567 1426 intentio,
1588 1353 1711 1444 tanmn
1721 1343 1918 1411 omittenda
1933 1363 2017 1414 esse.
2060 1355 2065 1363 ’
2306 1299 2307 1390 l

243 1466 386 1538 ⁶³⁸l⁰¹¹0
401 1459 607 1532 lsslffl'feclu’
622 1455 678 1526 ⁸11·
941 1531 946 1538 ,
1235 1485 1241 1494 ·
1391 1438 1489 1512 Haec
1512 1455 1563 1512 est
1587 1443 1778 1532 singularis
1801 1445 1993 1534 sapientia,
2025 1459 2058 1516 et
2085 1447 2270 1518 necessaria

347 1564 418 1638 Sed
434 1559 627 1650 significata
643 1567 695 1624 est
711 1546 921 1644 sophistica,
946 1543 998 1636 titt
1018 1549 1084 1620 onb
1108 1545 1237 1636 tenue,
1289 1542 1458 1612 omnibus
1472 1539 1691 1629 hominibus,
1709 1543 1794 1637 quia
1809 1546 1981 1636 scriptum
1998 1559 2067 1618 est:
2095 1545 2171 1636 Qui
2188 1559 2271 1620 amp

224 1649 338 1740 'sicut
353 1687 451 1740 nunc
473 1663 530 1746 fit,
555 1658 649 1727 ludit
667 1651 866 1748 hypocrisis
882 1673 1001 1720 coram
1018 1647 1238 1722 summisre·
1291 1643 1512 1734 periculum,
1539 1644 1673 1736 peribit
1696 1645 1735 1716 in
1760 1669 1813 1715 eo.
1875 1645 1985 1720 Item:
2017 1646 2101 1720 Non
2128 1649 2270 1721 temam,

110 1841 115 1856 Ι
245 1771 373 1862 ΕΜ,
395 1779 428 1836 e,
450 1760 660 1858 pepptcapug
677 1749 863 1826 lobannis,
1289 1742 1487 1816 Dominum
1501 1745 1620 1816 Deum
1635 1759 1755 1828 tuum,
1781 1747 1819 1822 id
1845 1761 1916 1834 est,
1948 1773 1994 1820 ne
2016 1764 2163 1841 propter
2185 1766 2271 1823 tuam

1290 1844 1497 1937 sapientiam
1514 1870 1655 1918 moveas
1671 1847 1907 1939 periculosum
1929 1851 2111 1940 negotium
2126 1853 2203 1922 sine
2215 1877 2270 1924 ne·

1291 1948 1467 2032 cessitate,
1491 1948 1568 2018 sine
1591 1951 1759 2019 mandato
1781 1947 1866 2036 Dei,
1892 1951 1968 2022 sine
1991 1952 2198 2039 vocatione,
2222 1978 2272 2024 re-

347 2073 456 2166 Quod
470 2068 554 2143 talia
569 2062 727 2153 exempla
743 2059 814 2128 sint
829 2052 1031 2128 testimonia
1046 2041 1240 2138 doctrinae,
1289 2047 1372 2119 licta
1387 2049 1444 2118 via
1459 2051 1652 2134 communi,
1679 2053 1911 2124 conveniente
1925 2075 2005 2124 cum
2019 2058 2190 2126 mandato
2201 2054 2271 2137 Dei,
2306 2049 2307 2104 l

212 2164 222 2184 ³
246 2197 288 2256 ut
304 2180 438 2252 dictum
455 2186 530 2263 est,
555 2169 640 2238 item
665 2157 794 2234 docent
812 2179 898 2242 nos,
921 2170 962 2227 ut
978 2155 1085 2230 etiam
1100 2167 1239 2226 nostras
1292 2162 1332 2220 ut
1349 2147 1459 2220 losias
1475 2164 1612 2243 poterat
1632 2146 1763 2222 habere
1781 2177 1921 2244 pacem,
1947 2178 2037 2251 quae
2051 2155 2085 2226 ei
2108 2157 2272 2228 offereba-

246 2263 882 2378 persecufione,patienterfmmus,
1001 2265 1004 2270 '
1147 2289 1148 2292 ¹
1291 2263 1370 2358 tur,
1394 2253 1456 2322 sed
1474 2253 1600 2323 maluit
1617 2249 1750 2324 hahere
1765 2255 1913 2330 bellum.

1391 2350 1444 2424 lta
1468 2347 1528 2424 hic
1551 2353 1678 2426 Petrus
1706 2355 1802 2426 hono
1833 2357 1928 2442 zelo,
1960 2359 2055 2429 bona
2084 2357 2272 2431 intentione

309 2471 487 2554 Christus
503 2461 668 2545 secessit,
693 2454 827 2532 audita
843 2465 957 2530 morte
971 2449 1174 2533 Iohannis.
1234 2449 1238 2456 ’
1291 2454 1369 2526 vult
1383 2477 1567 2526 occurrere
1581 2455 1758 2543 Domino,
1784 2453 1844 2529 sed
1862 2473 1914 2531 est
1930 2483 2107 2552 opusnon
2125 2485 2273 2533 necessa-

1292 2555 1387 2626 rium
1409 2569 1444 2627 et
1467 2557 1723 2647 periculosum,
1756 2559 1876 2632 relicta
1900 2562 1955 2631 via
1978 2565 2182 2652 communi,
2207 2564 2272 2634 sine

1291 2657 1515 2744 necessitate,
1540 2673 1575 2729 et
1589 2660 1665 2729 sine
1678 2659 1831 2746 utilitate
1844 2663 2010 2754 proximi.

251 2815 441 2896 consilium
471 2807 549 2880 Dei.
589 2799 666 2874 Alil
695 2800 836 2890 longius
866 2811 1006 2890 tempus
1032 2790 1167 2868 hahent
1193 2797 1254 2866 ad‘
1293 2758 1480 2932 sinitfflg‘l'
1490 2762 1703 2953 gzlr‘gfiffl‘
1728 2762 1761 2833 ‘i
1791 2763 1960 2851 ”Ullifils
1979 2764 2076 2860 ’(10ἱῦ
2101 2765 2270 2838 D0¹³¹i¹¹1¹⁵
2306 2787 2307 2848 l

2306 2851 2307 2900 t

1391 2958 1457 3032 Est
1479 2963 1587 3052 igitur
1602 2959 1687 3048 haec
1708 2965 1822 3056 prima
1838 2967 2022 3056 doctrina,
2048 2992 2095 3040 ne
2115 2971 2271 3044 faciamus

1293 3086 1368 3148 non
1382 3065 1577 3135 necessaria
1594 3066 1803 3157 periculosa.

1393 3160 1443 3236 Et
1467 3165 1676 3258 plerumque
1705 3166 1745 3236 in
1767 3168 1899 3238 talibus
1926 3171 2116 3262 periculis,
2147 3174 2271 3246 etiamsi

1293 3289 1383 3362 quae
1395 3266 1542 3338 luemnt
1556 3268 1658 3338 initia
1674 3265 1774 3354 fidei,
1796 3283 1913 3340 tamen
1931 3273 2011 3364 plus
2032 3275 2101 3346 fuit
2117 3279 2271 3348 andaciae

1294 3363 1492 3454 humanae,
1529 3384 1563 3442 et
1589 3371 1676 3442 fides
1709 3385 1829 3462 postes
1861 3372 2030 3464 languelit
2062 3377 2102 3449 in
2136 3381 2270 3451 adverso
2306 3415 2307 3476 p

1241 3507 1245 3516 ·
1295 3484 1436 3543 eventu.
1965 3501 1972 3509 ·

267 3527 337 3600 De
364 3515 688 3632 ambulatione
713 3510 902 3586 christe
927 3531 1065 3604 super
1089 3529 1226 3586 mare.
1263 3591 1265 3594 Α
1397 3568 1624 3666 Quamquam
1641 3585 1757 3642 autem
1774 3573 1923 3648 summa
1946 3575 2155 3674 fuihquod
2170 3581 2271 3652 voluit

341 3671 401 3744 ,In
420 3667 487 3742 hac
501 3664 652 3737 historia
666 3661 863 3756 principale
883 3674 936 3732 est
957 3661 1155 3752 exemplum
1173 3660 1242 3734 Pe-
1293 3673 1456 3750 incedere
1471 3695 1575 3764 supra
1591 3695 1716 3766 aquas,
1741 3687 1860 3746 tamen
1876 3678 1958 3772 quia
1975 3679 2157 3752 Dominus
2170 3684 2270 3766 iussit,

252 3780 321 3869 tri,
346 3789 382 3846 et
398 3786 449 3844 est
464 3766 660 3842 admonitio
675 3767 720 3836 de
742 3755 1098 3862 πολυπραγμοσύνῃ,
1125 3764 1241 3850 idest,
1293 3790 1333 3847 ut
1354 3775 1508 3860 veniret,
1532 3775 1603 3844 iam
1626 3776 1750 3848 debuit
1774 3782 1936 3865 emme,
1960 3803 1998 3850 ,e
2019 3805 2094 3853 non
2116 3784 2268 3855 {merim-

254 3879 377 3976 quales
393 3875 465 3944 sint
482 3883 645 3952 eventus,
670 3866 814 3961 quando
832 3888 907 3935 non
930 3864 1125 3934 necessaria
1146 3865 1241 3955 peri-
1294 3890 1377 3946 rum·
1390 3876 1474 3946 esse.
1524 3873 1595 3947 Sed
1611 3876 1686 3947 vult
1703 3877 1734 3947 ei
1751 3879 1933 3952 Dominus
1956 3897 2148 3978 utrumqne
2164 3899 2270 3958 osten·

253 3984 373 4054 tulosa
397 3989 594 4056 lentatum,
627 3986 699 4044 mill
722 3968 785 4042 lili
806 3963 955 4059 iilllldll
978 3966 1132 4059 ”¹¹¹¹ssth
1163 3967 1240 4061 05¹¹ss
1293 3979 1397 4062 dere,
1430 3979 1525 4071 quod
1547 3977 1653 4047 stulte
1674 3979 1813 4063 lecerit,
1846 3983 1971 4054 volens
1991 3986 2156 4057 incedere
2176 4011 2269 4078 super
2306 4029 2307 4066 r

252 4065 433 4176 §tenestem
459 4076 551 4146 sicot
566 4071 676 4143 losias
694 4071 829 4140 bellom
844 4081 963 4140 movet
982 4091 1057 4138 non
1081 4092 1240 4140 necessa·
1293 4079 1394 4172 aquis
1408 4081 1484 4148 sine
1499 4080 1721 4166 necessitate,
1745 4095 1779 4154 et
1792 4086 1892 4179 quod,
1905 4083 1993 4156 fides
2008 4086 2085 4158 eius
2100 4090 2206 4162 fuerit
2220 4091 2268 4158 in·

253 4187 369 4264 rium,
394 4179 491 4273 quod
512 4175 624 4246 vitare
646 4183 801 4265 poterat,
827 4183 860 4240 et
884 4193 986 4262 saepe
1016 4170 1067 4240 sic
1096 4186 1242 4262 peccant
1292 4181 1448 4261 firmior,
1475 4205 1579 4274 quam
1598 4183 1747 4271 putavit,
1921 4199 1924 4208 =
2306 4219 2307 4264 3

254 4284 430 4365 homines,
454 4279 549 4372 quod
563 4277 698 4346 faciunt
713 4272 919 4364 irregularia
934 4273 1010 4341 sine
1024 4275 1240 4344 necessitate.
1394 4281 1511 4352 Habet
1524 4305 1606 4372 ergo
1621 4281 1748 4354 Petrus
1763 4298 1798 4358 et
1813 4280 1906 4356 hanc
1922 4285 2165 4363 infirmitatem
2173 4343 2185 4380 ‚
2208 4294 2267 4364 gei.
2306 4305 2307 4342 t

254 4385 306 4460 Ut
320 4383 463 4478 quando
485 4379 631 4448 iuvenes
652 4375 854 4446 scandendo
869 4373 926 4442 'vel
950 4375 1106 4444 ualitudo
1125 4398 1241 4446 tecer-
1292 4383 1392 4465 lieet,
1420 4385 1516 4476 quod
1531 4382 1657 4476 incipit
1672 4386 1836 4458 dubitare
1851 4389 1890 4458 in
1904 4391 2023 4462 medio
2039 4394 2203 4484 periculo.
2306 4387 2307 4420 ³

173 4557 181 4564 .
255 4484 426 4558 suntsibi
450 4479 626 4572 pericula,
650 4478 794 4570 quando
811 4489 971 4568 parentes
992 4477 1131 4548 elocant
1151 4477 1241 4548 filias
1394 4483 1464 4557 Hic
1480 4487 1549 4556 iam
1563 4488 1715 4556 secunda
1734 4490 1895 4560 doctrina
1912 4491 2083 4580 discatur,
2108 4499 2307 4578 videlicet*

255 4588 400 4679 ignotis.
451 4579 608 4653 Maxime
624 4593 741 4650 autem
760 4578 809 4648 sic
826 4591 987 4669 peccatur
1007 4579 1046 4645 in
1064 4579 1242 4668 guberna·
1293 4585 1389 4678 quod
1416 4583 1513 4658 Deus
1537 4600 1638 4659 sanat
1662 4603 1777 4660 errata
1803 4589 2035 4681 Sanctorum,
2069 4603 2208 4691 quando
2228 4599 2265 4668 ad

254 4691 374 4775 tione,
405 4685 548 4781 quando
570 4680 701 4752 curiosi
721 4694 880 4770 regentes
909 4680 1045 4750 faciunt
1068 4680 1241 4752 novitates
1294 4711 1375 4758 eum
1401 4689 1622 4780 confugiunt.
1679 4685 1797 4762 David
1822 4707 1901 4762 cnm
1923 4694 2080 4767 iussisset
2099 4697 2263 4770 numerari

254 4790 468 4886 periculosas
485 4785 562 4854 Sine
577 4781 790 4864 nectttilale·
1164 4841 1170 4852 ·
1293 4791 1485 4881 populum,
1518 4791 1623 4862 etiam
1653 4807 1772 4883 postea
1805 4797 1950 4883 agnovit
1977 4822 2133 4870 ermrem
2163 4825 2264 4885 suum,

280 4947 282 4954 c
359 4889 408 4964 Ut
433 4901 550 4958 autem
577 4880 670 4955 hanc
695 4883 894 4980 doctrinam
923 4882 1014 4961 bene
1039 4882 1242 4954 considere-
1293 4915 1373 4961 cum
1388 4889 1485 4963 Deus
1505 4893 1650 4984 puniret
1669 4908 1852 4986 propterea
1875 4899 2050 4990 populum
2071 4904 2264 4995 pestilentia,

255 5017 354 5080 rous,
379 4993 535 5083 primum
556 5000 716 5059 teneatur
731 4985 861 5056 divisio
877 5007 1036 5074 operum.
1293 4993 1354 5062 sed
1369 5007 1488 5068 tamen
1503 4994 1631 5065 deind,
1644 4996 1782 5068 ,eniam
1799 4997 2010 5088 impetum·

358 5090 440 5164 Atia
458 5090 741 5172 suntmandata‚
766 5109 856 5179 quae
872 5084 1081 5176 simpliciter
1102 5109 1242 5160 neeesse
1393 5093 1514 5165 Moses
1546 5097 1651 5166 etiam
1688 5099 1897 5188 trepidavit,
1934 5107 2078 5197 quando
2107 5104 2264 5200 percussit

257 5195 452 5274 estimem,
478 5206 538 5276 ut,
563 5187 688 5264 Serves
712 5189 818 5258 fidem
834 5187 1055 5278 coniugalem
1071 5202 1135 5262 etc.
1187 5186 1242 5262 De
1293 5217 1436 5278 saxum,
1461 5199 1523 5268 sed
1547 5219 1670 5268 mrsus
1692 5213 1828 5272 erectus
1847 5215 1914 5288 est,
1938 5218 1974 5276 et
1997 5222 2114 5298 postea
2132 5210 2263 5282 adiuva·

255 5293 313 5370 his
327 5318 401 5365 non
416 5293 568 5367 difficilis
582 5289 789 5378 deliberatio
803 5302 906 5371 est„
1077 5387 1081 5396 1
1143 5351 1147 5362 ,
1228 5309 1353 5389 ,ω
1370 5321 1391 5365 a
1411 5294 1527 5376 Deo„
2248 5370 2252 5378 ,

615 1934 875 1995 concludatur.

351 2609 449 2683 Haec
465 2608 557 2676 lacta
575 2609 659 2671 sunt
680 2618 776 2667 anno
792 2595 947 2667 secundo
965 2591 1240 2685 praedicationis
2306 2639 2307 2688 p

251 2911 551 3017 praedicandum,
588 2903 650 2974 alii
685 2901 838 2972 brevius.
903 2895 1082 2969 lohannes
1113 2893 1241 2970 hahuit

251 3017 460 3097 biennium,
484 3006 583 3080 Elias
598 3003 726 3094 viginti
746 3015 807 3073 aut
828 3000 1010 3093 aliquanto
1034 3000 1153 3092 plures
1174 3011 1240 3086 an}

250 3144 338 3205 nos,
362 3112 524 3186 Elisaeus
546 3105 686 3179 circiter
707 3103 947 3196 septuaginta,
979 3099 1111 3171 Paulus
1133 3101 1240 3202 quin-

253 3245 322 3317 que
340 3231 376 3288 et
394 3214 561 3306 triginta,
584 3202 763 3280 lohannes
776 3203 1002 3294 Evangelista
1018 3203 1158 3275 circiter
1173 3227 1241 3274 no-

214 3356 225 3365 ·
251 3319 410 3412 naginta.
