4616 5818
241 129 315 214 251

368 301 449 374 Hoc
462 314 568 392 caput
581 323 649 372 rex
663 297 769 372 habet
785 302 992 393 praecipuos
1009 300 1117 374 locos.

178 453 180 458 ·
300 405 327 480 l.
352 405 417 476 Pia
431 405 619 496 colloquia.
996 421 998 424 ·

303 507 351 581 ll.
379 505 571 576 lnhrmitas
587 505 855 596 discipulorum.

302 607 372 683 lll.
399 605 518 680 Etiam
536 607 668 677 infirmi
684 606 814 678 dociles
824 604 965 704 placent
979 603 1066 677 Deo.

306 709 393 784 llll.
419 707 651 828 Confirmatio
665 703 851 797 Evangelii
868 731 908 779 ex
925 704 1136 782 testimoniis
1153 729 1238 796 pro-

305 807 729 1000 V.pl}l⁸dl·ce¹:urrectione,
763 911 859 1002 quod
884 909 1048 979 videlicet
1069 907 1159 976 fides
1181 867 1224 976 de

357 1016 438 1086 beat
453 1013 586 1083 intueri
601 1013 846 1082 resuscitatum
865 1024 898 1085 et
913 1023 1117 1100 regnantem
1136 1003 1243 1079 Chri-

306 1126 648 1293 Vliullldbeueficiis
666 1214 943 1285 resurrectionis.

620 1359 875 1426 nepetae

356 1451 420 1522 Bis
446 1451 640 1524 intervenit
657 1443 819 1520 Christus
835 1449 1026 1541 colloquiis
1048 1448 1244 1538 discipulo-

255 1581 357 1640 rum,
383 1553 639 1644 disputantium
657 1553 700 1620 de
716 1552 985 1624 resurrectione.
1033 1547 1243 1641 Exemplum

256 1659 366 1749 igitur
378 1668 518 1736 monet,
545 1665 759 1737 attestatur,
794 1649 908 1724 Deum
931 1653 1047 1722 lavere
1070 1652 1149 1741 piae
1171 1676 1243 1720 me·

255 1757 423 1832 dilationi
448 1769 484 1830 et
506 1755 680 1838 sermoni,
713 1768 746 1823 et
768 1777 830 1843 per
851 1749 936 1822 haec
960 1753 1132 1821 efficacem
1160 1775 1243 1825 esse.

255 1860 524 1950 ldeoscriptum
541 1873 609 1928 est:
636 1857 807 1928 Abundat
833 1878 947 1923 sermo
965 1853 1032 1924 Dei
1056 1855 1148 1925 inter
1172 1876 1243 1923 vos.

257 1963 364 2034 ltem:
392 1961 448 2032 Slt
464 1983 580 2033 sermo
598 1972 712 2028 vester
724 1959 799 2036 ¹sale
817 1957 992 2028 conditus.

584 2121 912 2174 uerecunda

358 2227 512 2320 Insignis
535 2240 584 2296 est
607 2225 794 2296 infirmitas
816 2225 854 2293 in
877 2223 1074 2316 discipulis.
1128 2223 1243 2295 Dubi-

256 2349 334 2410 taut
363 2332 458 2402 enim
491 2330 536 2397 de
564 2328 842 2410 resurrectione,
875 2351 955 2396 cum
978 2327 1121 2419 quidem
1141 2342 1245 2412 antea

258 2435 437 2529 praedicta
469 2441 569 2501 esset.
629 2427 723 2498 Sunt
747 2429 854 2515 igitur
878 2428 916 2494 in
942 2429 1069 2496 sanctis
1095 2443 1245 2518 peccata,

257 2535 444 2608 infirmitas
461 2531 562 2610 fidei,
588 2528 845 2612 dubitationes,
871 2529 1111 2619 ignorantiae,
1144 2552 1243 2599 secu-

258 2642 362 2718 ritas,
406 2633 530 2704 viciosi
565 2633 718 2723 impetus
759 2631 882 2712 multi,
933 2631 1149 2698 diffidentiae
1182 2646 1245 2702 etc.

256 2741 357 2814 Sicut
390 2739 428 2806 in
449 2735 580 2807 Psalm.
608 2733 753 2802 dicitur:
792 2731 929 2803 Delicta
957 2732 1036 2826 quis
1065 2733 1245 2823 intelligit,

261 2845 307 2914 ab
325 2838 470 2910 occultis
486 2837 573 2906 meis
589 2837 722 2904 munda
744 2859 811 2902 me.
865 2835 917 2903 Ac
943 2829 1183 2925 deprehendet
1207 2835 1245 2903 in

260 2967 333 3014 sese
350 2943 500 3034 quisque
521 2961 603 3006 suae
629 2936 710 3004 fidei
731 2933 989 3019 infirmitatem,
1025 2937 1180 3025 cogitans
1201 2939 1245 3006 de

260 3043 484 3128 aeternitate,
518 3040 563 3107 de
589 3038 845 3108 resurrectione
867 3051 988 3108 nostra
1011 3051 1085 3130 etc.
1144 3037 1243 3118 Item,

260 3145 480 3216 securitatem
495 3139 604 3210 nimis
620 3162 801 3229 magnam,
828 3153 862 3209 et
877 3140 986 3208 multa
1003 3153 1135 3224 errata,
1155 3165 1244 3233 quae

260 3248 428 3318 oriuntur
447 3267 488 3312 ex
507 3242 723 3320 diffidentia,
751 3243 804 3309 vel
828 3241 954 3310 fiducia
978 3241 1123 3315 carnali.
1175 3241 1244 3311 Hic

259 3341 369 3438 igitur
390 3344 583 3428 discamus,
620 3357 825 3435 perpetuam
847 3343 886 3410 in
907 3343 1037 3412 sanctis
1059 3344 1244 3434 poeniten-

259 3454 344 3521 tiam
364 3469 435 3517 esse
452 3447 598 3525 debere,
626 3459 662 3516 et
680 3459 818 3516 sanctos
834 3469 910 3514 uon
928 3467 1000 3514 esse
1023 3446 1134 3515 iustos
1159 3448 1244 3535 lege,

259 3550 341 3646 quia
358 3549 427 3638 legi
445 3572 518 3619 uon
533 3547 767 3626 satisfaciunt,
803 3561 837 3617 et
860 3549 1061 3616 damnanda
1086 3562 1137 3618 est
1160 3573 1245 3640 ope-

258 3677 339 3724 rum
353 3649 500 3733 fiducia,
531 3661 566 3718 et
580 3670 701 3716 rursus
724 3649 951 3737 discendum,
985 3652 1080 3742 quod
1104 3665 1245 3738 agentes

257 3750 511 3846 poenitentiam
534 3749 603 3818 lide
624 3763 886 3842 consequantur
915 3751 1176 3838 remissionem,
1211 3767 1246 3824 et

257 3858 418 3948 placeant
430 3849 507 3920 Deo
528 3863 674 3942 propter
695 3846 890 3924 Christum.
944 3849 1037 3921 Sunt
1055 3846 1115 3921 hic
1140 3854 1245 3923 etiam

166 3959 170 3967 ’
257 3954 489 4028 discernenda
505 3964 662 4044 peccata:
689 3976 770 4021 nam
784 3952 909 4022 delicta
928 3966 1050 4021 contra
1062 3956 1245 4030 conscien-

159 4071 165 4080 '
257 4060 343 4129 tiam
359 4054 541 4126 excutiunt
558 4053 682 4140 fidem,
717 4054 884 4144 gratiam,
917 4068 952 4123 et
966 4053 1140 4146 Spiritum
1162 4081 1245 4126 san-

194 4199 199 4206 ·
255 4173 363 4234 ctum.

612 4270 882 4324 Detertto

355 4357 462 4430 Utilis
486 4359 680 4428 consolatio
707 4371 776 4443 est,
807 4361 1005 4452 exemplum
1030 4360 1243 4434 infirmitatis

255 4461 510 4554 Apostolorum
533 4461 667 4530 intuta
692 4454 839 4529 historia
867 4459 1063 4552 Evangelii.
1118 4461 1243 4536 Testa-

254 4582 314 4637 tur
330 4563 424 4632 enim
441 4563 619 4645 infirmos,
650 4562 678 4630 si
696 4575 814 4630 tamen
832 4563 902 4632 sint
918 4565 1069 4649 dociles,
1102 4579 1137 4635 et
1158 4567 1243 4638 fun-

253 4669 459 4738 damentum
478 4677 638 4750 teneant,
667 4664 805 4754 plaeere
819 4661 914 4750 Deo,
947 4666 1037 4736 sicut
1061 4681 1094 4738 et
1110 4664 1241 4738 Paulus

253 4767 389 4863 inquit:
431 4763 617 4836 Infirmum
634 4766 680 4833 'in
700 4765 768 4834 lide
792 4768 976 4851 assumite,
1018 4765 1115 4840 Deus
1144 4770 1239 4839 enim

253 4894 334 4942 eum
352 4867 485 4958 recipit.
538 4868 591 4936 Ac
605 4890 742 4958 semper
758 4866 795 4934 in
810 4861 969 4940 Ecclesia
988 4871 1139 4940 maxima
1160 4896 1239 4964 pars

252 4967 358 5044 habet
373 4969 529 5058 insignes
544 4969 776 5040 infirmitates.

353 5071 587 5144 Discernendi
609 5085 692 5140 sunt
714 5083 829 5141 autem
858 5069 992 5140 infirmi
1017 5073 1167 5158 dociles,
1194 5071 1266 5144 abl

845 127 966 204 auu.
995 125 1108 204 ura.
1136 91 1349 208 semem
1375 127 1675 207 uxuouucn.

2078 143 2082 149 ’
2196 141 2264 220 262

1219 377 1228 398 Ι
1291 315 1394 386 nent,
1426 303 1561 387 idest,
1595 302 1760 374 articulos
1782 305 1882 388 fidei,
1917 309 1982 378 etsi
2007 310 2044 380 iu
2067 311 2265 404 quibusdam

1294 405 1455 472 nondum
1491 406 1574 474 satis
1606 405 1811 497 explicatam
1844 411 2041 482 doctrinam
2066 424 2200 494 tenent,
2230 417 2266 482 de

1294 505 1425 598 quibus
1449 518 1567 575 tamen
1589 509 1740 580 audiunt
1763 510 1853 580 alios
1873 514 2069 595 doctiores,
2105 531 2267 608 quaerunt

1293 606 1494 678 testimonia
1525 609 1736 700 scripturae,
1767 634 1843 681 non
1870 628 2087 705 repugnant,
2120 639 2191 684 non
2214 620 2267 686 de-

1292 710 1446 780 fenduut
1459 709 1613 800 privatas
1634 713 1897 801 persuasiones,
1933 729 1994 787 aut
2016 716 2173 808 privatos
2193 717 2268 787 affe-

1295 824 1389 898 ctus,
1415 812 1649 900 ambitiones,
1673 827 1733 884 aut
1747 815 1833 886 alias
1850 815 2078 910 cupidilates,
2100 833 2267 912 praetextu

1295 913 1395 980 verbi
1410 910 1496 1000 Dei,
1521 915 1613 984 male
1637 915 1785 986 detortis
1806 918 1989 1009 seripturis
2013 932 2078 990 etc.
2128 919 2267 990 Econtra

1295 1027 1519 1084 contumaces
1533 1030 1634 1102 sunt,
1661 1017 1779 1110 quiin
1804 1019 2015 1112 quibusdam
2037 1021 2192 1091 articulis
2217 1045 2267 1089 ve-

1296 1139 1353 1186 ras
1367 1117 1557 1189 sententias
1573 1134 1797 1212 oppugnant,
1832 1122 1886 1190 vel
1912 1123 2073 1202 inscitia,
2106 1123 2161 1192 vel
2180 1145 2268 1192 arro-

1295 1218 1431 1307 gantia,
1469 1231 1503 1289 et
1528 1220 1656 1290 fiducia
1683 1245 1766 1292 suae
1791 1223 2001 1316 sapientiae,
2044 1225 2268 1294 admiratione

1296 1343 1438 1389 suarum
1453 1320 1685 1411 opinionum,
1720 1324 1775 1392 vel
1796 1337 1942 1417 propter
1968 1326 2104 1420 aliquas
2129 1326 2268 1417 privatas

1296 1421 1505 1512 cupiditates
1535 1437 1600 1498 etc.
1659 1423 1765 1494 Tales
1795 1439 2020 1498 contumaces
2047 1451 2121 1494 uon
2145 1426 2268 1516 placent

1295 1517 1390 1607 Deo,
1404 1546 1468 1592 nec
1483 1522 1614 1592 infirmi
1630 1526 1841 1596 nominandi
1858 1539 1959 1606 sunt,
1980 1529 2045 1616 ,sed
2062 1527 2177 1619 potius
2194 1550 2267 1595 con·

1296 1624 1457 1709 tentiosi,
1483 1625 1621 1695 inimici
1636 1623 1841 1717 Evangelio.

1646 1757 1703 1810 De
1738 1763 1931 1820 quareo

1398 1841 1561 1915 Christus
1582 1845 1657 1937 ipse
1680 1847 1824 1918 deducit
1836 1845 2031 1920 Ecclesiam
2055 1849 2099 1918 ad
2126 1847 2267 1919 testimo

1297 1946 1356 2015 nia
1375 1941 1599 2038 prophetica,
1625 1961 1659 2018 et
1672 1970 1746 2018 nou
1765 1941 1902 2018 tar'rtum
1923 1950 2104 2020 convincit
2126 1949 2266 2038 discipu·

1296 2048 1351 2118 los
1367 2049 1440 2117 suis
1454 2048 1653 2134 miraculis,
1677 2064 1712 2120 et
1727 2073 1788 2119 sua
1805 2050 1915 2140 ipsius
1929 2051 2194 2132 resurrectione,
2214 2049 2264 2116 sed

1296 2151 1395 2220 addit
1411 2150 1611 2220 testimonia
1635 2151 1842 2242 scripturae:
1876 2152 1957 2244 quia
1974 2175 2047 2222 non
2067 2154 2142 2224 vult
2157 2171 2216 2220 nos
2233 2172 2267 2216 ex

1297 2252 1381 2322 solis
1396 2252 1577 2322 miraculis
1600 2251 1775 2336 iudicare,
1806 2254 1865 2322 sed
1887 2254 2059 2324 miracula
2083 2251 2266 2323 consentire

1296 2355 1428 2423 debent
1442 2376 1522 2424 cum
1538 2353 1669 2424 tradito
1686 2355 1805 2425 verbo.
1856 2353 1929 2424 lam
1950 2350 2007 2424 hie
2021 2355 2110 2425 utile
2133 2369 2181 2423 est
2203 2351 2265 2419 tol-

1297 2454 1405 2544 ligere
1427 2454 1546 2547 aliqua
1569 2455 1789 2538 testimonia,
1826 2456 1870 2524 de
1893 2457 2030 2548 quibus
2048 2451 2145 2528 haud
2173 2451 2266 2524 dubie

1296 2553 1460 2625 Christus
1477 2555 1659 2640 disseruit,
1686 2557 1828 2649 quando
1844 2557 1964 2628 docuit
1980 2560 2025 2628 de
2043 2559 2215 2648 passione,
2230 2555 2265 2620 de

1296 2655 1574 2741 resurrectione,
1613 2660 1659 2726 de
1680 2657 1822 2728 victima
1843 2684 1907 2748 pro
1930 2672 2092 2749 peccato,
2131 2657 2265 2726 drabo·

1297 2758 1403 2828 lenda
1420 2772 1551 2838 morte,
1584 2761 1628 2829 de
1643 2759 1858 2831 restituenda
1880 2761 1951 2829 vita
1972 2777 2135 2845 aeterna,
2170 2771 2200 2826 et
2221 2779 2266 2823 re·

1297 2860 1426 2930 lutavit
1441 2859 1710 2950 imaginationes
1725 2863 1769 2930 de
1784 2883 1892 2951 regno
1917 2862 2105 2932 mundano
2120 2858 2265 2930 Messias.

1296 2961 1386 3032 Nam
1409 2959 1575 3052 discipuli
1597 2957 1778 3032 habebant
1799 2962 1980 3051 vulgarem
2004 2963 2266 3054 persuasionem,

1296 3061 1465 3132 Messiam
1484 3058 1689 3134 habiturum
1707 3086 1780 3132 esse
1801 3084 1948 3152 regnum
1975 3065 2125 3143 mundi,
2157 3077 2188 3132 et
2210 3061 2264 3127 do-

1297 3165 1527 3234 minationem
1557 3165 1747 3255 politicam.
1805 3167 1937 3234 Verum
1965 3161 2131 3236 Christus
2161 3164 2264 3232 diver-

1296 3290 1375 3337 sum
1391 3262 1450 3335 hic
1466 3269 1585 3352 docet,
1610 3266 1792 3348 videlieet,
1818 3289 1854 3335 se
1869 3265 2017 3337 missum
2040 3291 2133 3347 esse,
2158 3278 2196 3334 ut
2212 3262 2264 3328 lie·

1296 3382 1351 3439 ret
1365 3368 1507 3438 victima
1526 3393 1592 3461 pro
1607 3382 1766 3459 peccato,
1788 3365 2264 3460 promulgaretEvangelium‚

1297 3483 1331 3539 et
1346 3471 1569 3556 resuscitatus
1585 3473 1644 3542 det
1661 3468 1834 3562 Spiritum
1850 3484 2026 3552 sanctum,
2063 3471 2201 3538 adiuvet
2217 3465 2265 3531 in-

1297 3583 1460 3642 vocantes
1476 3571 1613 3642 Patrem
1631 3595 1693 3663 per
1711 3573 1846 3664 ipsum,
1874 3573 1991 3642 mittat
2006 3571 2212 3664 Apostolos,
2237 3575 2263 3629 el

1297 3673 1454 3744 aedificet
1470 3687 1503 3743 et
1514 3671 1909 3757 conservetEcclesiam,
1926 3669 2263 3744 acinresurrectione

1297 3773 1520 3846 mortuorum
1536 3776 1708 3866 glorificet
1723 3799 1809 3846 eam.

1398 3873 1551 3946 Haecin
1575 3877 1867 3968 promissionibus
1887 3892 1920 3948 et
1940 3877 2171 3948 concionibus
2187 3867 2262 3938 Pro·

1297 3975 1481 4069 phalarum
1512 3981 1604 4050 dicta
1636 3993 1738 4060 sunt,
1771 3992 1810 4050 ut
1834 3979 1872 4048 in
1895 3979 2009 4073 prima
2030 3974 2262 4071 promissione:

1297 4081 1426 4152 Samen
1458 4081 1618 4150 mulieris
1648 4081 1869 4154 conculcabit
1890 4095 1994 4171 caput
2015 4077 2202 4172 serpentis,
2232 4069 2261 4136 id

1296 4196 1364 4261 est,
1391 4176 1554 4254 Christus
1569 4187 1726 4254 destruet
1741 4207 1847 4275 opera
1863 4183 2020 4264 diaboli,
2043 4191 2217 4274 peccatum
2236 4183 2263 4240 et

1295 4296 1465 4371 mortem,
1493 4281 1539 4356 Et
1555 4309 1698 4376 serpeus
1711 4286 1912 4356 calcaneum
1930 4285 2007 4356 eius
2022 4279 2210 4359 mordebit,
2232 4273 2262 4338 id

1295 4399 1366 4470 est,
1393 4387 1557 4458 diabolus
1578 4388 1752 4458 exercebit
1771 4388 1951 4458 saevitiam
1976 4387 2014 4455 iu
2039 4381 2215 4456 Christum
2235 4385 2262 4440 el

1294 4483 1507 4571 Ecclesiam,
1539 4493 1599 4560 sed
1624 4503 1742 4560 tamen
1764 4489 1924 4560 vincetur
1944 4503 1977 4560 et
1999 4482 2263 4558 conculcabitur·

1289 4586 1378 4660 'Huc
1410 4592 1562 4680 pertinet
1592 4605 1627 4662 et
1655 4592 1986 4684 quinquagesimum
2008 4588 2150 4658 tertium
2172 4587 2261 4670 caput

1293 4687 1429 4762 Esaiae.
1482 4693 1589 4776 ltem,
1618 4693 1780 4764 victimae
1797 4693 1834 4764 iu
1854 4693 1927 4778 lege
1950 4689 2189 4777 significabant
2211 4701 2260 4744 ve-

1293 4815 1368 4862 ram
1390 4793 1588 4871 victimam,
1616 4795 1706 4866 sicut
1732 4795 1850 4886 inquit
1866 4787 2026 4882 Epistola
2047 4791 2089 4860 ad
2107 4777 2262 4860 Ebraeos

1293 4893 1510 4984 impossibile
1533 4893 1601 4968 fuit
1622 4897 1794 4986 sanguine
1817 4907 2000 4964 taurorum
2024 4907 2056 4964 et
2079 4887 2260 4958 vitulorum

1291 4994 1369 5065 tolli
1387 5009 1577 5086 peccatum.

1646 5094 1701 5144 ne
1737 5094 1853 5156 autu
1873 5098 1926 5147 to.

168 5196 170 5204 ’
250 5169 447 5270 hypocritis
475 5171 728 5262 arrogantibus
752 5173 975 5264 praefractis,
1022 5145 1310 5270 contumaci-l·
1395 5179 1499 5250 Fides
1532 5196 1652 5254 nostra
1685 5179 1817 5252 intueri
1837 5181 1875 5250 in
1900 5179 1996 5252 omni
2018 5172 2211 5269 precatione
2232 5173 2260 5230 sl

250 5278 328 5351 bus.
379 5274 515 5345 Infirmi
530 5275 661 5344 dociles
676 5288 779 5359 suut,
805 5273 869 5371 qui
892 5275 1163 5348 fundamentum
1187 5292 1238 5351 te·
1262 5284 1265 5308 ¹
1294 5277 1519 5354 invocatione
1539 5279 1721 5354 Christum
1747 5284 2011 5364 resuscitatum,
2043 5279 2213 5347 viventem
2232 5275 2260 5330 et
