4616 5818
242 179 314 250 aaa
457 107 458 113 Ν
839 159 963 234 rau.
989 142 1106 236 trun.
1133 159 1343 264 scatere
1370 161 1670 240 aaronitae.
1705 206 1709 223 ·
2189 169 2255 241 ret

239 312 275 422 et
299 346 454 418 mirabili
479 340 627 413 consilio
651 334 812 408 salvandi
836 328 1013 405 homines.
1065 330 1108 404 ld
1132 347 1225 404 certe
1249 341 1254 372 ’

244 478 346 520 nemo
372 445 558 518 hominnm
577 442 666 510 vidit
689 452 750 509 aut
766 431 1019 526 deprehendit,
1044 440 1103 504 sed
1126 437 1223 506 solue

243 555 377 634 Filius,
404 549 466 642 qui
492 561 542 616 est
564 546 601 612 in
623 544 704 611 sinu
731 540 858 632 patris,
894 537 1092 618 enarravit,
1128 540 1224 631 quod

245 655 409 724 videlicet
432 647 498 720 hoc
520 644 676 716 mirabili
695 643 823 720 modo,
849 663 954 731 quem
974 652 1093 731 stupet
1118 664 1225 709 mun-

245 761 329 836 dus,
362 752 514 822 voluerit
537 748 671 828 salvare
700 739 881 824 homines,
913 738 1007 809 Filio
1033 740 1159 825 misso,
1185 753 1226 810 ut

245 863 341 928 beret
358 855 520 935 victima,
546 862 584 918 ut
605 844 832 916 resuscitatus
855 855 1037 932 regnaret,
1063 843 1227 911 redderet

246 963 352 1030 vitam
370 971 563 1036 aeternam,
589 947 821 1018 sanctificaret
841 944 908 1013 sibi
931 956 1137 1036 perpetuam
1155 939 1225 1012 Ec-

246 1063 399 1134 clesiam.
449 1054 553 1144 Quae
574 1050 695 1121 omnia
719 1061 801 1116 sunt
824 1046 929 1138 plena
959 1044 1225 1115 admirabilium

245 1143 411 1260 opernm,
436 1181 528 1254 quae
551 1151 640 1224 ¹ratio
664 1150 814 1220 attonita
839 1157 914 1216 obn
933 1159 1046 1238 potest
1067 1169 1227 1238 compre-

245 1269 413 1340 hendere.
467 1259 552 1332 ldeo
576 1255 727 1323 maxima
749 1274 831 1342 pars
861 1244 1049 1317 hominum
1078 1247 1228 1338 negligit

244 1385 389 1464 propter
405 1362 702 1441 incredulitatem,
728 1365 846 1444 postea
863 1351 1031 1420 fascinata
1047 1373 1066 1417 a
1081 1351 1226 1420 diabdlo

177 1458 180 1466 ¹
244 1451 319 1544 odil
345 1487 379 1543 et
404 1465 645 1562 persequitur,
670 1459 760 1530 sicut
783 1477 890 1548 supra
906 1451 1140 1560 significatum
1158 1464 1225 1542 est:

245 1577 430 1644 Tenebrae
447 1593 520 1640 non
536 1558 884 1657 comprehenderunt
903 1554 1031 1627 lucem.
1059 1619 1063 1630 ,

347 1677 416 1746 Sed
434 1695 498 1742 nos
519 1668 705 1740 audiamus
721 1659 818 1732 hunc
835 1659 989 1744 Filium,
1015 1655 1108 1728 sicut
1125 1678 1226 1755 man-

245 1784 365 1850 daretem
383 1790 454 1859 est,
480 1769 590 1840 Ham
609 1767 746 1848 atrdite,
772 1763 817 1836 Et
836 1763 1012 1832 discamus
1026 1759 1228 1832 discernere

245 1885 320 1950 eius
335 1880 483 1947 verbum
501 1901 519 1943 a
536 1875 631 1961 lege,
658 1880 693 1937 et
708 1892 726 1935 a
744 1864 915 1957 sapientia
934 1863 1080 1948 mundi,
1107 1877 1141 1932 et
1167 1885 1226 1931 ac.

245 1985 417 2074 cipiamus
434 2003 473 2046 ex
491 1979 566 2045 eins
584 1970 807 2064 plenitudiue
823 1967 972 2057 gratiam
989 1979 1022 2034 et
1034 1966 1228 2046 veritatem,

245 2101 278 2156 et
290 2087 440 2154 sciamus
464 2093 560 2148 certo
583 2073 668 2142 haec
693 2069 897 2157 contingere
919 2067 1165 2150 credentibus,
1195 2079 1229 2135 et

245 2186 475 2258 exuscitemus
498 2181 602 2248 tidem
622 2176 801 2243 intuentes
830 2170 870 2238 in
892 2183 943 2241 tot
977 2169 1229 2259 promissiones

244 2305 278 2356 et
298 2286 482 2362 mandata,
515 2299 606 2375 quae
627 2273 871 2366 praecipiunt,
905 2284 945 2339 nt
974 2273 1160 2340 credamus
1188 2269 1227 2337 in

245 2390 376 2458 Filium
387 2437 397 2465 ‚
410 2386 501 2454 sicut
516 2393 635 2472 postea
651 2376 700 2444 ait
714 2370 892 2464 Baptista:
920 2366 1052 2439 Omnis
1069 2372 1131 2463 qui
1148 2392 1226 2438 ere-

245 2493 298 2560 dit
315 2491 352 2556 in
369 2487 522 2570 Filium,
547 2477 654 2550 habet
670 2476 778 2546 vitam
794 2486 983 2544 aeternam.

399 2733 590 2816 Historia
622 2725 856 2813 nativitatis
888 2717 1062 2806 Christi.

661 2892 747 2962 Luc.
763 2893 802 2965 2.

295 3051 456 3126 Factum
479 3055 529 3117 est
553 3053 674 3114 autem
701 3041 741 3112 in
767 3037 893 3111 diebus
919 3036 1019 3122 illis,
1052 3033 1143 3106 exiit
1166 3030 1228 3104 de-

1379 359 1578 430 magnum,
1594 329 1697 434 quod
1710 334 1777 407 erit
1794 337 1898 408 omni
1907 336 2063 436 populo,
2084 339 2173 437 qaia
2188 363 2252 410 na-

1379 445 1439 509 tus
1462 447 1516 508 est
1541 436 1642 510 vobis
1659 433 1770 508 bodie
1785 437 1974 526 salvater,
1998 439 2066 538 pai
2076 450 2128 511 est
2144 430 2252 512 Cleri-

1364 529 1459 611 'stus
1474 535 1687 625 Dominus,
1713 540 1753 610 in
1770 541 1914 612 civitate
1927 537 2072 612 David.
2124 541 2177 614 Et
2192 537 2253 614 boc

1380 638 1482 710 vobis
1498 640 1667 735 signum,
1693 636 1895 713 Invenietis
1918 643 2102 743 infantem
2122 646 2254 740 pannis

1380 737 1604 830 involutum,
1629 742 1790 840 positum
1810 743 1851 815 in
1866 745 2047 842 praesepi.
2087 742 2143 818 Et
2158 745 2254 838 subi·

1380 843 1538 942 insacia
1555 855 1606 916 est
1628 868 1709 915 eum
1733 843 1872 940 angelo
1888 842 2089 918 multituda
2104 845 2255 918 militiae

1380 944 1560 1030 eoelestis,
1576 941 1817 1018 laudantium
1829 944 1976 1031 Deum,
1997 956 2030 1018 et
2048 945 2254 1021 dicentium:

1305 1109 1311 1122 ,
1381 1041 1519 1118 Gloria
1538 1045 1578 1116 in
1593 1046 1796 1120 altissimis
1808 1046 1913 1142 Deo,
1939 1061 1973 1120 et
1996 1051 2150 1121 interra
2171 1075 2255 1147 pax,

1381 1142 1596 1220 bominibus
1613 1147 1893 1248 beneplacitum.

1330 1277 1550 1400 Elusaetum
1575 1291 1644 1370 est,
1672 1279 1968 1354 utdiscesserunt
1990 1284 2109 1355 abeis
2134 1284 2256 1380 angeli

1382 1409 1422 1453 tn
1448 1383 1602 1469 eaelum,
1630 1395 1662 1454 et
1685 1380 1851 1456 bomines
1871 1393 2040 1484 pastores
2061 1385 2255 1486 loqueban,

1381 1494 1443 1554 tur
1465 1481 1520 1554 ad
1541 1485 1710 1556 invicem:
1736 1483 1993 1558 Transeamus
2013 1511 2126 1588 usque
2146 1483 2255 1558 Belb-

1382 1581 1519 1672 lebm,
1546 1597 1577 1658 et
1595 1584 1783 1664 videamus
1796 1582 1866 1658 boe
1889 1587 2055 1683 verbum,
2079 1585 2257 1690 quodsu-

1381 1696 1477 1758 ctum
1492 1697 1563 1774 est,
1586 1686 1882 1786 quadDominus
1900 1700 2025 1763 notum
2033 1692 2127 1791 feeit
2144 1691 2255 1764 nobis.

1381 1786 1436 1860 Et
1452 1799 1621 1861 venerunt
1632 1790 1872 1890 festinantes,
1891 1800 1922 1861 et
1941 1790 2255 1866 inveneruntMa·

1384 1890 1481 1962 riam
1507 1901 1538 1960 et
1563 1888 1719 1989 loseph,
1753 1903 1785 1963 et
1816 1893 2001 1993 infantem
2031 1895 2192 1993 positum
2219 1894 2255 1964 in

1378 1993 1560 2096 praesepi.
1606 1992 1648 2068 V
1645 1991 1783 2065 identes
1807 2005 1928 2066 autem
1948 2006 2074 2066 notum
2092 1997 2255 2098 fecerunt

1383 2100 1548 2192 verbum,
1581 2092 1684 2197 quod
1707 2091 1843 2168 dietum
1871 2106 1950 2167 erat
1974 2095 2056 2168 illis
2081 2095 2124 2170 de
2150 2121 2255 2197 puero

1382 2196 1461 2274 boe.
1501 2197 1556 2272 Et
1579 2223 1703 2273 omnes
1725 2198 1793 2300 qui
1810 2195 2008 2269 audierunt
2023 2198 2157 2271 mirati
2175 2207 2255 2271 sunt

1384 2301 1426 2375 de
1449 2299 1530 2392 bis,
1554 2328 1649 2403 quae
1675 2301 1775 2375 dieta
1801 2311 1906 2372 erant
1928 2327 1953 2371 a
1976 2301 2190 2400 pastoribus
2210 2297 2258 2370 ad

1383 2405 1496 2502 ipsos.
1548 2403 1684 2476 Maria
1716 2416 1838 2477 autem
1868 2402 2107 2477 conservabat
2138 2402 2255 2474 omnia

1384 2505 1492 2576 verba
1515 2501 1624 2592 baec,
1658 2507 1848 2607 conserens
1877 2508 1917 2579 in
1941 2501 2046 2580 eorde
2065 2529 2149 2578 suo.
2206 2501 2255 2572 Et

1384 2607 1516 2678 reversi
1535 2617 1621 2678 sunt
1638 2619 1824 2705 pastores,
1846 2605 2100 2704 glorificantes
2123 2616 2155 2680 et
2178 2602 2256 2677 lau·

1381 2705 1511 2781 dantes
1533 2705 1657 2780 Deum
1685 2711 1725 2781 in
1747 2711 1916 2782 omnibus
1946 2737 2040 2812 puae
2062 2707 2255 2784 audierant

1382 2821 1413 2881 et
1430 2809 1617 2898 viderant,
1641 2812 1734 2884 sicut
1750 2811 1886 2886 dictum
1906 2809 2030 2885 estad
2045 2811 2146 2889 illae.

1482 3015 1568 3087 Loci
1583 3013 1691 3088 huius
1705 3015 1874 3090 historiae
1893 3021 2089 3112 praecipui.

347 3161 480 3223 crelam
512 3173 537 3217 ⁰
560 3139 723 3218 ΟΜΝ
755 3141 942 3238 ¹4⁰81¹⁸²⁰2
981 3148 1020 3209 ¹¹¹
1051 3133 1226 3256 ,d‘fflb‘s
1280 3161 1308 3235 l.
1335 3163 1456 3254 Quare
1471 3169 1533 3240 fiat
1548 3169 1684 3240 mentio
1697 3167 1869 3261 Augusti,
1894 3193 2019 3240 census
2044 3185 2079 3241 et
2094 3172 2228 3266 oppidi.

347 3264 447 3324 retur
463 3248 654 3323 universus
671 3246 781 3317 orbis·
823 3241 926 3361 Hflft
942 3238 1135 3356 d³⁸⁶fll²f²⁰
1147 3263 1236 3336 W·-
1280 3265 1324 3336 ll.
1352 3266 1461 3356 Quod
1477 3272 1729 3363 promissiones
1745 3273 1959 3343 mirabiliter
1976 3273 2207 3366 impleantur.

346 3382 408 3425 ma
422 3354 536 3455 sacia
553 3359 603 3420 05²
616 3344 787 3445 Ptatsldt
803 3343 938 3446 ‘57⁸⁰‘
954 3347 1120 3440 ostem·
1158 3338 1226 3459 ‚Ed
1279 3367 1342 3442 lll.
1369 3367 1497 3442 Officia
1516 3373 1659 3463 politica
1674 3386 1891 3447 sanctorum.

346 3458 452 3528 ibant
476 3477 618 3533 omnes,
653 3461 690 3521 ut
712 3447 999 3522 describerentur
1018 3439 1163 3538 singule
1186 3468 1226 3512 en
1280 3469 1331 3539 pv

345 3585 454 3631 suam
470 3558 663 3628 civitatem.
716 3546 882 3622 Ascendit
900 3560 1020 3620 autem
1040 3555 1070 3616 et
1089 3539 1225 3641 losepb

1332 3525 1343 3546 .
1368 3469 1479 3544 Curat
1494 3472 1590 3545 Deus
1606 3499 1789 3568 praesepe,
1806 3478 1850 3548 ,id
1875 3490 1944 3563 est,
1969 3478 2117 3579 aliquod
2140 3474 2252 3570 bospi-

1329 3575 1418 3646 tium
1434 3573 1609 3645 Ecclesiae
1626 3600 1721 3648 suae.

347 3689 371 3732 a
395 3657 597 3740 Galilaea,
631 3651 675 3724 dt
701 3653 845 3724 ῦῑνῖῑαίθ
866 3642 1063 3726 Nttwttll'
1092 3646 1131 3716 ¹⁵²⁸
1156 3645 1226 3716 ¹1¹·
1279 3675 1323 3745 V.
1350 3675 1474 3748 Testes
1489 3679 1533 3748 de
1549 3692 1633 3749 nato
1650 3673 1812 3759 Christo,
1838 3681 1956 3767 angeli
1971 3695 2006 3752 et
2020 3695 2189 3773 pastores.

346 3760 498 3840 datvm.
526 3760 565 3828 in
589 3755 768 3828 Ultimum
784 3749 935 3835 D‘Wld’
960 3772 1054 3850 ‘1¹¹⁰‘
1078 3759 1227 3866 ⁹⁰⁶⁰&
1277 3775 1341 3849 Vl.
1365 3777 1538 3850 Doctrina
1555 3780 1594 3849 in
1610 3782 1781 3851 concione
1794 3797 1830 3852 et
1845 3785 1981 3852 cantico
1996 3785 2215 3872 augelorum.

343 3856 572 3942 Bethlehem,
600 3853 857 3955 eoquodtffll
874 3853 917 3925 dt
935 3850 1090 3924 d⁰m⁰⁶¹
1129 3875 1226 3969 ΜΞ·
1278 3878 1362 3954 Vll.
1397 3879 1469 3952 Cur
1503 3883 1649 3972 angelus
1681 3883 1731 3950 sic
1761 3883 1943 3954 confirmet
1969 3886 2106 3956 dictum
2140 3908 2252 3956 sutem:

348 3967 403 4038 lla
428 3958 580 4054 D‘Wlds
618 3969 656 4030 Ἀ
685 3955 944 4030 dwibml‘ff
979 3979 1056 4024 “¹7¹²
1137 3977 1225 4023 “n‘'
1328 3983 1461 4054 Scitote
1477 4009 1533 4053 me
1550 4008 1672 4054 verum
1686 3985 1832 4068 dixisse,
1858 3987 1941 4079 quia
1958 3987 2127 4060 videbitis
2141 3988 2251 4058 inian-

346 4067 571 4162 desponsata
586 4061 662 4131 sibi
673 4085 798 4142 uxore,
812 4085 906 4159 quae
914 4068 992 4128 erat
998 4079 1223 4153 praegnans.
1325 4099 1397 4155 gem
1413 4084 1453 4152 gn
1469 4086 1628 4176 praesepi
1644 4086 1826 4158 iacentem,

292 4181 451 4256 Factum
474 4191 525 4253 est
549 4162 691 4260 autem,
729 4201 808 4247 cum
838 4183 952 4246 essent
976 4171 1049 4254 lbi,
1086 4170 1227 4268 impleti
1277 4184 1377 4259 VllI.
1401 4184 1539 4256 Mariae
1555 4185 1835 4269 studium,haec
1850 4190 2052 4262 testimonia
2067 4191 2251 4264 memoriae

344 4293 430 4356 sunt
461 4281 557 4364 dies,
592 4291 631 4351 ut
653 4289 808 4377 pareret.
861 4275 915 4346 Et
937 4277 1074 4373 peperit
1097 4267 1223 4364 filium
1327 4276 1801 4381 mandanttsfimpetemfi,

340 4413 447 4458 suum
464 4382 771 4483 primogenitam,
798 4389 830 4450 et
849 4380 987 4477 pannis
1003 4400 1082 4446 eum
1105 4370 1224 4445 invol-

347 4491 416 4573 vit,
442 4498 473 4558 et
496 4484 687 4559 reclinavit
714 4509 792 4553 eum
821 4483 861 4551 in
886 4479 1096 4579 praesepia,
1130 4476 1222 4575 quia

295 4591 298 4602 '
345 4615 419 4660 non
437 4599 515 4661 erat
530 4589 582 4660 eis
598 4586 699 4658 loeus
715 4587 754 4655 in
772 4581 985 4657 diversoria.

1664 4480 1711 4531 De
1730 4478 1854 4541 primo.

1380 4593 1464 4666 ldeo
1494 4599 1534 4670 lit
1556 4599 1692 4668 mentio
1716 4599 1888 4687 Augusti,
1920 4621 2044 4669 census
2069 4613 2104 4672 et
2124 4595 2252 4692 oppidi,

292 4711 345 4781 Et
366 4719 532 4806 pastores
559 4717 665 4780 erant
687 4706 727 4776 in
751 4703 899 4798 regione
914 4698 1039 4774 eadem
1058 4697 1222 4795 vigilan·
1275 4699 1356 4793 quia
1367 4703 1586 4789 praedictum
1597 4715 1660 4785 eet,
1672 4701 1710 4768 in
1719 4715 1842 4791 quarta
1854 4696 2059 4772 monarchia
2070 4716 2251 4772 venturum

341 4825 412 4899 tes,
450 4820 482 4882 et
512 4805 750 4880 custodientes
779 4802 933 4900 vigilias
962 4801 1079 4874 noctis
1112 4803 1221 4872 iuxta
1275 4825 1349 4870 esse
1378 4801 1567 4882 Messiam,
1600 4816 1634 4871 et
1665 4803 1809 4890 quidem
1840 4818 1954 4874 stante
1988 4805 2112 4894 politia
2136 4797 2252 4879 Moisi,

343 4937 488 5009 gregem
518 4937 637 4982 suum.
691 4907 746 4978 Et
779 4930 851 4978 ecce
868 4904 1029 5001 angelus
1059 4899 1225 4974 Domini
1272 4905 1334 4973 sed
1350 4917 1469 4974 tamen
1486 4905 1640 4973 subiecta
1658 4903 1831 4978 servituti.
1885 4905 2066 4994 Augustus
2086 4903 2252 4995 significat

343 5017 440 5087 stetit
464 5017 575 5086 iuxta
600 5011 707 5092 illos,
739 5019 770 5082 et
794 5007 950 5080 claritas
971 5004 1134 5077 Domini
1151 5004 1222 5076 eir·
1273 5020 1435 5098 quartam
1460 5002 1725 5088 monarchiam,
1760 5003 1896 5077 Census
1927 5008 2151 5090 servitutem,
2189 5027 2250 5093 op-

343 5118 535 5218 cumsulsit
561 5113 668 5196 illos,
704 5123 735 5183 et
763 5115 961 5184 timuerunt
987 5111 1114 5180 timore
1138 5133 1222 5177 ma·
1272 5107 1348 5199 pidi
1379 5124 1414 5178 et
1443 5108 1598 5177 familiae
1625 5107 1814 5198 descriptio
1847 5121 1996 5180 testatur
2020 5105 2137 5179 adhuc
2162 5120 2249 5176 stare

344 5245 432 5317 gno.
486 5220 540 5291 Et
556 5216 656 5290 dixit
671 5213 754 5290 illis
774 5212 946 5308 angelus:
970 5209 1100 5286 Nolite
1117 5211 1222 5280 time·
1272 5210 1446 5302 politiam.
1482 5207 1707 5298 Admonetur
1729 5233 1811 5300 ergo
1835 5212 1963 5295 lector,
1989 5226 2029 5281 ut
2051 5235 2129 5280 cum
2148 5229 2248 5276 even-

343 5350 399 5410 re,
433 5321 526 5394 Eece
552 5324 646 5393 enim
673 5315 881 5414 evangelieo
907 5315 1007 5388 vobis
1035 5310 1220 5412 gaudium
1273 5325 1349 5382 tum
1373 5306 1568 5414 prophetiis
1595 5333 1789 5402 congruere
1811 5315 1929 5398 videt,
1955 5313 2091 5384 firmius
2115 5313 2245 5381 credat:
