4590 5808
56 183 114 263 205
144 205 149 218 ·
270 180 354 257 Xll.
412 175 810 257 ANNOTATIONES
835 177 903 254 ET
928 171 1211 254 OONGIONES
1236 173 1288 249 ΙΝ
1312 170 1493 253 EVANG.
1522 181 1806 267 MATTHattt.
1974 203 2046 284 too

54 353 140 426 Miles
159 354 337 426 discedens
359 367 452 426 recta
468 353 583 447 pergit
599 355 645 425 ad
657 376 778 446 regem
788 349 1009 448 Philippum,
1060 349 1309 448 aequalitatem
1331 373 1399 471 seu⁴
1416 351 1588 426 iustitiam
1614 385 1694 432 cum
1715 390 1779 438 nos
1795 369 1985 464 violamus,
2013 398 2048 454 et

52 469 150 528 narrat
169 458 411 548 naufragium,
445 457 553 528 iactat
573 479 655 528 snos
680 457 838 538 labores,
863 477 1008 546 exagge·
1059 477 1078 524 a
1101 477 1224 524 norma
1248 468 1460 545 praescripta
1480 458 1716 553 deflectimus,
1740 470 1815 562 ipse
1831 485 1949 550 tamen
1965 511 2046 576 per-

52 575 96 631 rat
112 561 272 652 pericula,
296 558 384 652 petit
405 558 603 658 praemium
618 559 780 654 aliquod,
806 559 867 628 sed
885 553 1008 650 bospi—
1059 570 1165 650 petuo
1197 568 1317 626 manet
1340 555 1473 644 iustus,
1506 561 1658 636 destruit
1681 571 1849 668 quicquid
1875 596 1927 654 est
1949 587 2047 659 inio-
2124 663 2129 674 ,

52 663 87 734 ιῐε
109 661 305 734 beneficium
330 674 440 742 tacet,
474 661 531 730 cui
554 662 692 753 prolixe
714 659 898 760 pollicitus
921 673 1008 741 erat,
1060 672 1153 730 stum
1173 679 1236 728 εει]
1252 658 1417 728 difforme
1433 681 1515 731 suae
1528 664 1742 742 iustissimae
1759 678 1950 772 voluntati,
1977 715 2045 788 pu-

50 765 272 836 serclatorum
295 762 542 854 essegratiam.
593 758 1008 855 Philippusinbetmili-
1061 761 1116 832 nit
1136 774 1169 833 ct
1188 761 1282 830 delet
1305 760 1472 848 iniustos,
1507 787 1546 835 ac
1568 784 1663 840 certo
1687 791 1804 849 servat
1827 777 1922 856 bunc
1946 794 2046 862 ordi-

49 880 101 935 tam
121 880 152 936 et
172 881 313 958 propter
334 865 603 950 fortitudinem,
629 879 663 938 et
687 864 771 960 quia
790 865 881 936 benc
898 863 1007 936 meri·
1059 887 1160 943 nem,
1200 861 1306 954 punit
1339 865 1527 962 suppliciis
1555 877 1800 958 praesentibus
1828 896 1864 955 et
1897 898 2047 966 aeternis

48 983 90 1038 tus
117 992 183 1038 esse
212 970 417 1049 videbatur,
451 990 491 1038 ac
520 965 561 1036 in
588 967 715 1059 primis
743 967 777 1037 ei
799 991 900 1039 carus
920 980 1007 1047 erat,
1058 987 1200 1050 omnes,
1225 963 1288 1057 qui
1313 986 1387 1034 non
1410 982 1668 1044 convertuntur
1690 979 1734 1053 ad
1755 980 1885 1080 ipsum.
1918 995 1987 1064 'At
2009 987 2064 1068 ιι]

47 1069 230 1142 nominatim
266 1084 384 1162 petere
416 1071 564 1140 domum
595 1081 629 1140 et
660 1068 914 1162 possessionem
945 1091 1007 1140 seu
1057 1066 1215 1137 fortassis
1240 1060 1325 1135 haec
1348 1080 1462 1138 tecum
1484 1072 1632 1161 cogitas:
1659 1073 1736 1170 Ego
1756 1083 1866 1158 fretus
1887 1101 2045 1183 potentia

47 1171 145 1242 villam
159 1173 331 1265 aliquam,
357 1195 449 1265 quae
464 1193 561 1243 nunc
577 1184 733 1256 vacaret,
758 1184 793 1243 et
809 1195 827 1240 a
843 1193 925 1262 rege
941 1195 1007 1262 pro
1037 1247 1038 1251 Ἴ
1058 1191 1137 1238 mea
1163 1169 1388 1267 aliquantum
1419 1193 1578 1259 premam
1601 1172 1698 1252 bunc
1718 1183 1988 1268 imbecilliorem
2011 1219 2047 1275 et

47 1274 169 1345 arbitrio
184 1273 337 1346 conferri
352 1285 479 1366 posset.
516 1271 608 1343 Vide
623 1272 901 1367 quidacciderit.
932 1271 1005 1344 Ne-
1058 1270 1283 1356 infertorem,
1308 1283 1348 1340 ¹1²
1371 1294 1490 1362 dmm
1513 1301 1647 1350 ¹¹¹⁰¹¹t³¹¹¹
1668 1283 1807 1371 ‘mimos
1833 1305 1867 1364 et
1882 1303 2046 1389 prolibi-

47 1375 114 1446 bulo
127 1377 188 1447 iste
201 1375 415 1448 nominatim
430 1375 518 1466 petit
533 1375 680 1446 domum
695 1387 731 1446 et
744 1376 929 1466 praedium
943 1399 1006 1446 ru·
1057 1374 1143 1442 dine
1164 1373 1379 1444 conculcabo
1398 1377 1542 1467 quosvis
1557 1380 1781 1464 infirmiores.
1835 1392 1932 1484 Quid
1947 1408 2045 1478 enim

47 1478 106 1548 stici
132 1477 317 1548 servatoris
338 1477 413 1560 sui,
443 1501 486 1546 eo
510 1478 607 1571 quod
631 1479 822 1566 naufragus
843 1479 889 1548 ad
913 1471 1006 1547 hanc
1057 1469 1149 1544 mibi
1175 1474 1325 1566 periculi
1350 1475 1569 1567 impenderet
1591 1485 1637 1555 ab
1656 1486 1747 1576 illis,
1778 1519 1931 1588 quorum
1955 1531 2044 1582 vana

46 1579 144 1650 villam
162 1589 264 1669 ae'gre
284 1577 475 1664 enatasset,
500 1592 534 1650 et
555 1573 673 1668 locum
695 1579 906 1669 insignitum
930 1603 1006 1651 mer
1057 1576 1207 1648 estsine
1233 1577 1370 1683 risibus
1393 1579 1471 1650 ira?
1522 1581 1614 1674 Quis
1636 1611 1743 1679 porro
1761 1615 1916 1684 poenam
1940 1611 2083 1684 talio-·

45 1683 134 1752 moria
150 1680 357 1752 calamitatis
372 1703 475 1762 suae,
500 1703 561 1752 sau
576 1692 699 1753 testem
719 1681 868 1772 periculi
883 1681 1004 1770 singu·
1057 1679 1113 1748 nis
1135 1703 1154 1746 a
1177 1703 1235 1749 me
1256 1681 1452 1772 repeteret?
1502 1681 1581 1756 Hae
1602 1691 1831 1778 cogitationes
1852 1723 1935 1780 sunt
1949 1711 2044 1786 ludi.

46 1782 95 1852 lari
107 1784 226 1856 affectu
239 1777 524 1875 prosequeretur.
575 1779 722 1852 Interim
736 1783 835 1854 nulla
851 1784 890 1853 lit
905 1807 1004 1852 men·
1056 1781 1134 1851 bria
1152 1795 1185 1850 et
1200 1782 1415 1874 imposturae
1431 1788 1764 1879 perniciosissimae,
1790 1805 1920 1896 quibus
1934 1815 2046 1888 animi

45 1885 81 1953 tio
98 1885 251 1956 benelicii
268 1908 331 1954 seu
348 1883 546 1954 officiorum
563 1883 704 1969 rustici,
730 1885 1006 1955 seddissimulat
1055 1883 1295 1969 fascinantur,
1339 1909 1499 1978 quaeque
1540 1893 1796 1971 confirmantur
1829 1929 1849 1976 a
1886 1912 2043 1994 diabolo.

46 2009 73 2054 se
88 2009 102 2056 a
120 2010 296 2081 quoquam
319 1987 518 2057 accolarum
544 1985 583 2056 in
608 1981 716 2056 tantis
732 1986 1005 2078 vitaepcriculis
1057 1980 1135 2054 Etsi
1165 1986 1259 2054 enim
1288 2010 1424 2078 poenae
1453 1989 1633 2064 interdum
1659 1999 1882 2094 aliquamdiu
1906 2015 2045 2093 differri

46 2089 177 2160 adiutum
196 2101 262 2160 ant
284 2101 479 2160 recreatum
503 2109 588 2160 esse.
656 2086 774 2158 Facile
798 2089 1004 2180 impetrata
1056 2084 1190 2171 solent,
1222 2099 1347 2166 tamen·
1364 2086 1599 2164 certissimum
1625 2112 1692 2183 est,
1725 2109 1947 2202 cumulantes
1967 2143 2059 2204 sce.n
2119 2123 2122 2136 ·

46 2213 104 2280 rege
123 2190 281 2275 liberali,
306 2202 342 2261 et
362 2190 420 2260 cui
441 2190 579 2283 reliqua
603 2191 837 2280 erantignoto
853 2190 1004 2280 deagri·
1057 2186 1130 2256 lera
1158 2190 1300 2263 tandem
1330 2213 1516 2281 oppressos
1537 2189 1682 2270 haerere
1704 2200 1742 2274 in
1766 2213 1890 2296 poenis
1911 2225 2043 2292 atroci·
2117 2251 2124 2257 ·

46 2293 118 2362 colae
136 2293 301 2364 fidelibus
324 2291 466 2378 officiis,
499 2291 629 2384 quibus
651 2292 860 2380 naufragum
885 2313 1005 2362 serva·
1056 2290 1140 2372 bus,
1165 2289 1263 2378 iuxta
1285 2290 1394 2364 illud:
1423 2292 1509 2366 Sera
1533 2309 1652 2370 tamen
1673 2307 1788 2378 tacitis
1809 2335 1922 2402 poena
1946 2329 2044 2400 venit

46 2409 118 2465 verat
136 2409 167 2466 et
190 2406 423 2466 recreaverat.
466 2391 589 2486 ltaque
611 2407 710 2464 curat
735 2388 923 2485 Philippus
948 2395 1003 2462 di·
1056 2391 1217 2481 pedibus.
1274 2395 1327 2464 Ac
1348 2393 1559 2469 nominatim
1583 2402 1627 2471 de
1650 2409 1774 2494 poenis
1797 2425 2044 2510 corporalibus

45 2495 135 2584 pluma
158 2496 305 2587 confici,
333 2494 620 2589 quotdominium
638 2519 700 2566 seu
715 2496 913 2588 proprietas
928 2495 1005 2566 eius
1055 2491 1143 2564 dicit
1155 2491 1349 2582 Dominus,
1377 2493 1505 2570 Mattb.
1522 2501 1603 2578 26st
1631 2503 1705 2596 Qui
1726 2514 1885 2600 gladium
1900 2548 2044 2620 accepe.

45 2599 150 2686 praedii
163 2599 445 2670 confirmabatur
457 2597 574 2668 militi.
610 2594 713 2691 Isque
730 2598 769 2666 in
784 2598 890 2683 bona,
914 2595 1008 2691 quae
1055 2595 1122 2676 rit,
1156 2597 1274 2686 gladio
1306 2598 1448 2688 peribit.
1509 2599 1597 2674 ltem
1620 2601 1747 2683 Esaiae
1762 2615 1841 2691 33..·
1877 2623 1951 2696 Vae
1980 2635 2044 2724 qui
2079 2673 2081 2675 -

45 2700 204 2787 petiverat,
236 2700 364 2771 induci
385 2699 585 2772 iubebatur.
643 2697 741 2770 Haec
764 2722 845 2770 cum
868 2699 1004 2786 fierent,
1054 2699 1257 2788 praedaris,
1281 2701 1363 2792 quia
1385 2699 1538 2774 vicissim
1559 2709 1778 2796 spoliaberis.
1828 2717 1876 2792 Et
1893 2726 1931 2796 in
1947 2728 2042 2804 fibro

44 2817 206 2894 occupante
228 2801 417 2895 praedium
435 2798 567 2885 milite,
591 2801 741 2871 rusticus
758 2802 923 2892 expulsus
937 2805 1003 2872 bo·
1055 2798 1248 2891 sapientiae
1273 2803 1317 2870 de
1341 2827 1454 2894 poena
1481 2808 1623 2878 talionis
1644 2814 1774 2902 diserte
1790 2824 1961 2921 scriptum
1978 2849 2061 2924 est„

45 2902 86 2972 nis
107 2928 174 2976 non
205 2905 293 2977 tulit
322 2901 514 2986 iniuriam,
547 2902 609 2971 sed
638 2902 782 2972 accessit
809 2905 853 2972 ad
885 2926 1002 2993 regem
1055 2925 1129 2993 cap.
1150 2903 1226 2976 ll.:
1254 2899 1323 2973 Per
1343 2929 1434 2998 quae
1453 2908 1534 3000 quis
1551 2927 1689 3000 peccat,
1716 2942 1780 3008 per
1796 2928 1917 2998 eadem
1935 2938 2042 3024 puni-

44 3026 297 3079 commemorans
318 3027 381 3076 sua
401 3002 592 3088 beneficia,
617 3017 740 3075 narrat
758 3026 793 3073 se
809 3000 916 3074 luisse
931 3029 1004 3075 ser·
1055 3017 1125 3074 tur.
1176 3001 1270 3075 Satis
1299 3007 1410 3078 multa
1439 3011 1597 3103 exempla
1627 3009 1760 3093 babent
1774 3045 1907 3098 'omnes
1930 3029 2043 3108 histo.

44 3119 188 3192 satorem,
223 3122 263 3179 et
292 3131 332 3178 ex
362 3105 464 3200 aquis
493 3118 673 3197 receptum
696 3107 905 3196 naufragum
928 3120 1003 3177 toto
1056 3103 1146 3189 riae,
1173 3119 1206 3177 et
1231 3119 1270 3177 ut
1293 3130 1367 3177 non
1390 3109 1621 3204 requirantur
1640 3143 1681 3190 ex
1701 3121 1821 3209 libris,
1849 3124 1934 3205 haec
1950 3154 2043 3212 aetas

44 3209 135 3280 triduo
158 3211 316 3300 pavisse,
353 3209 569 3289 texisse„ac
593 3207 723 3300 quibus
745 3209 901 3298 potnerit
926 3209 1003 3278 olli·
1056 3206 1208 3298 plurima
1239 3209 1346 3279 nobis
1373 3215 1585 3302 suppeditat.
1647 3219 1723 3292 lmo
1744 3223 1909 3304 Etbnicis
1937 3241 2042 3312 etiam

44 3309 89 3379 ciis
107 3314 228 3383 fovisse
257 3335 296 3382 ac
316 3333 508 3394 recreasse,
549 3310 711 3401 queritur
733 3309 905 3379 iniustum
931 3332 1005 3378 esse
1055 3308 1124 3379 fuit
1145 3303 1212 3379 boc
1236 3313 1553 3407 persuasissimum.
1607 3316 1695 3392 lude
1710 3349 1916 3416 sparserunt
1932 3354 1966 3411 et
1984 3368 2043 3414 ce—

43 3411 74 3479 ab
94 3413 223 3503 ingrato
250 3415 397 3484 alumno
421 3435 457 3482 se
480 3435 546 3501 pru
566 3405 801 3502 hospitalibus
824 3412 1004 3482 beneficiis
1055 3411 1239 3482 lebrarunt
1255 3407 1461 3483 huiusmodi
1476 3438 1623 3506 gnomas
1639 3439 1739 3496 natas
1754 3431 1801 3501 ab
1816 3441 2042 3528 experientia,

43 3518 132 3584 excuti
151 3543 190 3588 ex
211 3515 362 3610 paterna
379 3512 609 3606 possessione.
661 3507 849 3603 Philippus
864 3515 1003 3604 cognita
1055 3511 1170 3607 qualis
1200 3508 1261 3582 hio
1289 3527 1340 3584 est
1364 3513 1517 3588 Mimos:
1550 3520 1609 3593 Ab
1640 3526 1710 3598 alio
1740 3546 2042 3626 exspectes'alteri

43 3617 205 3690 nebulonis
234 3613 345 3687 buius
372 3615 517 3707 perfidia
550 3628 584 3684 et
607 3613 881 3706 ingratitudine,
914 3617 1002 3688 adeo
1055 3615 1151 3707 quod
1175 3614 1307 3686 seceris.
1372 3613 1420 3688 Et
1443 3619 1480 3687 in
1505 3619 1539 3692 8.
1554 3627 1667 3718 capite
1687 3627 1918 3712 Ecclesiastae
1939 3646 2042 3720 Salo-

42 3719 143 3789 erarsit
162 3721 236 3806 ira,
263 3731 303 3789 ut
322 3719 471 3787 militem
490 3717 630 3789 iusserit
649 3719 688 3787 in
703 3717 843 3787 vincula
862 3718 1002 3808 coniici,
1054 3740 1137 3785 mon
1162 3717 1295 3812 iuquit:
1322 3715 1498 3792 Homines
1519 3729 1632 3798 securi
1649 3732 1808 3809 furenter
1824 3765 1863 3835 ar
1879 3751 2042 3834 petulan-

43 3833 65 3888 et
82 3835 190 3910 postea
218 3845 302 3892 cum
325 3819 523 3911 ignominia
544 3831 747 3890 exautorato
767 3821 927 3910 stigmata
946 3821 1002 3888 in·
1054 3832 1108 3889 ter
1131 3820 1225 3890 mala
1249 3833 1472 3914 perpetrant,
1498 3843 1682 3918 propterea
1705 3843 1801 3930 quod
1821 3867 1955 3936 poenae
1971 3853 2041 3920 dif-

42 3921 98 4001 uti,
121 3945 158 3993 ac
176 3923 289 3994 fronti
312 3919 458 4011 inscribi
477 3916 562 3990 haec
581 3920 704 3993 verba:
731 3918 868 4014 Hospes
884 3923 1004 4012 ingra—
1054 3920 1239 4006 feruntur,
1273 3949 1337 3994 nec
1366 3924 1435 3995 cito
1463 3931 1643 4016 profertur
1666 3952 1787 4012 contra
1810 3945 1921 4016 malos
1946 3950 2041 4022 iudi-

42 4037 92 4098 ιιι,
150 4025 342 4097 Praedium
382 4047 466 4092 vero
504 4023 615 4114 priori
652 4023 799 4093 domino
835 4025 1002 4116 restituit,
1054 4023 1166 4108 cium,
1199 4026 1260 4094 sed
1291 4024 1429 4118 sapiens
1450 4027 1615 4120 intelligit
1638 4049 1776 4130 tempus
1799 4058 1832 4114 et
1855 4046 2041 4141 iudicium,

42 4127 131 4199 milite
153 4129 252 4214 exilii
282 4150 384 4197 causa
414 4125 529 4196 solum
558 4138 727 4195 vertente.
781 4121 834 4195 lta
856 4127 1001 4216 perfidia
1053 4139 1088 4195 et
1110 4147 1173 4214 ego
1198 4127 1291 4196 e'erto
1308 4129 1380 4199 scio
1396 4152 1528 4218 poenas
1544 4135 1651 4224 paulo
1666 4155 1744 4227 post
1758 4161 1938 4220 secuturas
1955 4178 2041 4240 esse,

43 4226 146 4318 ingrati
169 4231 296 4299 militis
316 4229 442 4299 recidit
465 4225 504 4295 in
527 4225 637 4317 ipsius
661 4239 786 4322 caput,
813 4241 847 4297 et
870 4229 1002 4334 malum
1054 4249 1119 4296 nec
1140 4227 1216 4297 lore
1236 4239 1277 4298 ut
1294 4231 1358 4300 diu
1374 4231 1596 4305 differantur.
1650 4235 1747 4313 Haec
1766 4251 1887 4322 omnia
1904 4256 2041 4330 debetis

43 4333 205 4404 consilium
233 4331 303 4402 fuit
326 4330 444 4399 autori
467 4327 720 4421 perniciosum.
786 4327 883 4400 Deus
907 4329 1001 4399 enim
1040 4329 1295 4416 ‘considerare,
1321 4346 1355 4402 et
1372 4334 1514 4425 quando
1531 4340 1669 4412 sentitis
1684 4346 1838 4435 privatas
1855 4375 2041 4432 aerumnas

43 4445 79 4500 est
101 4433 308 4504 iustissimos
331 4431 455 4512 iudex,
489 4430 643 4522 puniens
666 4431 787 4522 poenis
809 4433 1002 4523 praesenti·
1054 4443 1160 4524 atque
1188 4430 1368 4514 miserias,
1401 4449 1462 4506 aut
1490 4440 1649 4528 publicas
1670 4447 1902 4538 calamitates,
1935 4461 2040 4549 bella,

42 4531 92 4614 bus
108 4552 139 4608 et
158 4516 310 4607 aeternis
333 4533 450 4604 omnis
471 4532 609 4623 generis
634 4548 790 4624 peccata,
822 4535 861 4602 in
885 4535 1002 4604 omni·
1054 4533 1285 4622 expilationes
1314 4535 1541 4628 immodicas,
1575 4565 1738 4618 annonae
1767 4557 1946 4646 caritatem
1979 4589 2039 4635 seu

42 4633 170 4708 hasnon
188 4638 374 4729 agentibus
390 4634 656 4728 poenitentiam.
1053 4636 1201 4720 famem,
1244 4649 1278 4706 et
1305 4639 1480 4732 reliquam
1514 4667 1708 4734 poenarum
1739 4657 1885 4746 molem,
1918 4665 2040 4736 discite

121 4719 360 4828 Quamobrem
384 4738 543 4831 sequitur
560 4735 598 4806 in
616 4749 711 4808 textu
728 4731 813 4806 baec
829 4737 1001 4826 generalis
1054 4737 1178 4807 timere
1203 4737 1386 4810 *iudicium
1424 4739 1509 4827 Dei,
1560 4747 1652 4836 agite
1691 4758 1964 4850 poenitentiam,
2006 4785 2040 4848 et

42 4841 154 4926 regula:
181 4839 264 4930 Qua
285 4863 449 4910 mensura
475 4837 588 4909 mensi
603 4839 758 4925 fueritis,
783 4843 903 4910 eadem
920 4842 1002 4910 red·
1054 4840 1240 4910 emendate
1261 4866 1376 4912 mores
1395 4867 1435 4915 ac
1457 4845 1575 4920 vitam.
1632 4849 1711 4925 Nisi
1735 4860 1829 4930 enim
1855 4871 2037 4939 conversio

43 4938 123 5010 detur
149 4957 182 5014 et
210 4943 325 5017 vobis,
384 4938 482 5012 Deus
512 4957 552 5012 nt
576 4955 628 5012 est
651 4942 791 5034 sapiens
813 4966 852 5010 ac
879 4942 1002 5028 iustus,
1053 4953 1086 5011 et
1104 4966 1244 5010 morum
1262 4946 1462 5018 emendatio
1478 4951 1660 5042 sequetur,
1689 4963 1828 5032 accedet
1845 4965 1888 5033 ad
1908 4991 2038 5057 poenas
2099 5031 2104 5038 .

44 5035 80 5106 ita
97 5045 189 5116 docet
211 5067 277 5116 nos
296 5068 455 5114 exercere
472 5057 576 5137 atque
592 5044 706 5114 colere
722 5043 893 5115 iustitiam
909 5044 1003 5114 inter
1053 5043 1251 5134 corporales
1274 5046 1533 5140 implacabiles,
1559 5067 1699 5128 aeterna
1726 5075 1759 5132 et
1784 5059 1966 5141 horribilis
1984 5074 2035 5144 ira

44 5162 110 5226 nos,
130 5147 165 5215 id
189 5162 258 5232 est,
282 5145 529 5240 aequalitatem
552 5169 691 5216 servare
710 5147 748 5216 in
766 5172 840 5218 non
857 5146 1002 5216 laeden-
1052 5142 1130 5230 Dei,
1155 5145 1323 5216 abiiciens
1338 5167 1601 5241 perseverantes
1615 5157 1652 5227 in
1669 5163 1856 5234 sceleribus
1872 5169 1909 5237 in
1925 5188 2036 5244 aeter-

44 5240 85 5311 dis
113 5248 203 5329 aliis,
244 5250 326 5320 item
366 5247 405 5317 in
443 5247 701 5330 contractibus,
742 5262 775 5318 ει
807 5250 846 5318 in
876 5249 1000 5318 ordine
1052 5271 1138 5318 num
1163 5247 1331 5322 exitium:
1358 5257 1453 5346 quod
1475 5251 1571 5323 Dens
1593 5283 1656 5348 pro
1680 5263 1849 5338 immensa
1879 5257 2036 5348 bonitate

44 5365 267 5440 personarum,
306 5375 352 5419 ne
386 5351 548 5444 cuiquam
592 5351 652 5422 liat
687 5351 830 5421 iniuria.
897 5349 1001 5421 Hanc
1023 5357 1027 5444 J
1051 5373 1112 5420 sna
1128 5363 1273 5442 propter
1286 5352 1398 5436 filium
1414 5356 1755 5436 clementeranobis
1770 5389 1913 5446 avertat.
1965 5376 2034 5451 Sed

78 5451 241 5520 llutasrn.
270 5457 372 5523 Orsa.
396 5456 478 5520 Vos.
507 5453 601 5519 xtV.
776 5487 777 5490 ¹
1498 5456 1548 5531 45
