4674 5822
36 180 136 256 1041
309 179 394 256 ΧΠ.
452 173 943 256 Antoninum-5131·
966 173 1249 254 ΟΟΝΟΙΟΝΕὸ
1275 173 1327 250 ΙΝ
1351 173 1531 250 ΕνΑΝίὶ.
1559 173 1845 254 temnant.
1988 181 2088 260 tots

45 441 51 450 Ι
141 351 229 424 Has
255 354 512 448 promissiones
527 343 690 449 quotidie
705 353 918 445 cogitemus,
942 346 1049 424 ethis
1098 365 1168 435 est,
1198 351 1287 422 elias
1313 349 1457 444 purior,
1489 351 1577 422 elias
1606 350 1799 442 impurior,
1832 351 1923 428 sicut
1950 375 2088 451 semper

32 454 363 540 consolationibus
376 479 444 528 nos
457 470 712 542 sustentemus,
737 457 826 528 siem
839 455 935 527 scitis
950 455 1047 548 quod
1098 476 1247 544 magnae
1277 453 1501 524 infirmitates
1537 464 1622 525 sunt
1652 453 1692 524 in
1716 449 1895 556 Ecclesia,
1936 469 1972 530 et
2000 471 2086 532 tunc

31 555 253 649 promissio
272 559 379 642 fidem
398 559 562 654 requirit.
611 555 792 629 Debemus
804 558 875 627 lide
889 556 1048 649 accipere
1097 569 1219 642 mant,
1251 579 1331 626 cum
1353 569 1514 649 tempore
1535 553 1729 646 passionis,
1759 553 1924 650 Apostoli
1948 558 1986 630 in
2010 583 2088 634 mt-

33 653 100 728 has
116 661 411 752 promissiones,
437 661 571 732 etlides
584 661 770 732 exsuscitet
784 658 1046 732 invocationem
1095 681 1164 750 pue
1188 657 1426 750 trepidatione
1447 670 1567 738 erant,
1597 657 1658 728 sed
1683 670 1803 730 tamen
1821 671 1895 732 erat
1917 655 2087 740 Ecclesia.

34 772 68 829 et
82 785 217 852 opem,
249 775 287 834 et
301 777 399 834 certo
413 775 587 862 exspectet
600 762 785 834 auxilinm.
1095 759 1212 831 Maris
1234 773 1278 852 ket
1300 781 1419 851 somn,
1452 773 1487 830 et
1509 759 1612 852 pauci
1633 759 1695 830 alii
1719 759 1945 838 retinuerunt
1965 763 2086 836 fidem:

141 861 278 935 Simul
308 878 425 935 entem
457 869 560 935 docet
589 859 676 935 liaeo
696 862 889 946 sententia,
921 857 1046 932 Eccle-
1095 861 1144 933 ita
1165 885 1305 955 semper
1326 862 1438 958 aliqui
1463 874 1587 943 erunt,
1621 861 1954 942 idemnetinentes.
2012 865 2087 940 lias

33 966 124 1034 siam
151 989 309 1058 semper
331 989 534 1038 mansuram
559 989 651 1052 esse,
678 979 712 1037 et
734 988 810 1034 non
821 964 1045 1034 interituram
1094 964 1355 1036 consolationes
1384 975 1619 1050 mementote,
1657 976 1691 1035 et
1722 987 1843 1038 earum
1874 967 2087 1058 cogitatione

35 1067 111 1136 ullo
144 1081 338 1160 tempote‚
370 1069 509 1140 etiamsi
536 1068 623 1138 alias
651 1069 784 1153 maior,
816 1065 904 1136 olias
927 1065 1046 1136 minor
1094 1066 1199 1136 fidem
1214 1066 1436 1152 confirmate,
1460 1081 1494 1138 et
1512 1065 1771 1138 invocationem
1787 1069 1946 1142 excitate.

451 1263 566 1358 Finis
591 1269 824 1349 concionum,
850 1265 985 1366 quibus
1042 1267 1065 1343 'e
1087 1265 1313 1367 explicatum
1338 1275 1389 1343 cst
1417 1263 1689 1364 Evangeliom,

625 1385 630 1396 '
739 1369 915 1468 scriplum
938 1397 963 1440 o
1040 1365 1192 1480 atthaeo
1215 1365 1401 1468 Apostolo.

104 5447 272 5516 listune.
301 5453 404 5520 Osse,
428 5451 512 5514 Vos.
540 5445 634 5514 xlv.
