4616 5818
561 225 646 302 xu.
697 217 1095 300 nasammonas
1121 215 1501 324 rnuvaaoanra
1969 233 2046 308 eso

125 403 220 478 llaec
241 403 365 477 rnnltis'
384 400 617 474 concionibus
641 395 776 475 Christi
800 412 835 470 et
855 394 1012 491 Aposto·
1061 398 1213 468 sciamus
1240 391 1334 468 banc
1362 392 1630 471 renovationem
1654 419 1747 486 esse,
1779 423 1868 492 opus
1888 401 2044 498 Spiritus

42 512 147 582 lorum
161 509 438 598 amplificantur,
455 527 546 598 qnae
565 517 650 576 sunt
664 503 916 596 promissiones
931 500 1012 570 inti·
1061 499 1171 571 sancti
1188 499 1227 568 in
1241 499 1357 572 nobis.

43 611 312 702 gendaeanimit:
328 606 411 680 Non
420 607 619 700 relinquam
628 599 890 696 vosorphanos.
915 600 1014 674 Con-
1163 600 1257 673 lllud
1282 600 1384 672 etiam
1412 601 1582 687 sciamus,
1622 603 1736 674 excuti
1760 605 1934 699 Spiritum
1962 633 2045 680 san·
2131 615 2133 620 '

45 710 295 786 statEcclesiam
312 711 351 780 in
368 711 521 794 mundo,
535 710 621 780 velit
637 704 832 800 orphanam
848 729 923 776 esse
937 706 1013 774 sinc
1060 717 1156 774 ctum
1186 705 1361 797 lapsibus,
1393 718 1515 774 contra
1540 703 1811 800 conscientiam,
1844 724 1883 781 ut
1903 707 1985 788 Gal.
2008 707 2046 786 5.

44 813 209 906 praesidiis
233 807 417 892 humanis,
450 811 641 882 subiectam
666 809 780 894 cruci,
816 805 1013 901 oppugnari
1061 806 1207 878 dicitnr:
1250 804 1387 897 Spiritu
1412 807 1609 885 ambulate,
1660 819 1695 875 ct
1723 813 2043 901 concupiscentiam

43 915 226 1000 adiabolo,
251 913 420 984 moliente
441 925 570 995 sectas,
603 911 878 1004 disputationes,
911 933 1014 979 scan-
1060 909 1174 978 carnis
1193 932 1265 978 non
1281 907 1486 1000 perficietis,
1514 921 1547 978 et
1564 906 1710 978 deinde:
1746 909 1938 984 Manifesta
1960 930 2045 989 sunt

44 1019 126 1102 dala,
152 1019 290 1101 caedes,
314 1015 614 1108 persecutionem,
647 1026 683 1085 et
699 1014 744 1082 ab
767 1011 910 1102 organis
935 1011 1012 1080 dia-
1060 1034 1166 1102 opera
1189 1011 1325 1096 carnis,
1364 1010 1600 1089 adulterium,
1641 1014 1826 1098 scortatio,
1868 1017 1967 1102 odia,
2000 1021 2045 1090 de

43 1117 124 1200 boli,
149 1117 309 1213 tyrannis
326 1130 359 1187 ct
372 1117 463 1188 aliis.
517 1113 586 1187 Sed
605 1109 922 1207 Christusinquit,
949 1114 1012 1183 ad·
1059 1112 1189 1205 quibus
1206 1113 1301 1202 dixi,
1327 1111 1410 1183 talia
1426 1111 1773 1202 facientes,regnum
1787 1113 1853 1186 Dei
1870 1141 1944 1188 non
1959 1144 2046 1191 con·

45 1221 186 1290 diturum
206 1244 242 1289 se
258 1217 362 1289 nobis
384 1217 616 1309 paracletum,
649 1217 713 1310 qni
734 1215 883 1287 consilio
905 1227 1013 1305 regat,
1059 1229 1239 1286 secuturos
1260 1237 1345 1289 esse.
1396 1211 1445 1285 Et
1470 1214 1514 1282 de
1535 1211 1590 1285 his
1609 1209 1785 1286 lohannes
1808 1217 1942 1312 inquit:
1970 1222 2045 1312 Qui

44 1333 72 1391 ct
85 1321 260 1391 confirmet
275 1333 430 1400 mentes,
456 1321 517 1414 qui
540 1321 690 1390 retineat
712 1331 847 1388 mentes
868 1316 907 1387 in
930 1339 1012 1386 vera
1057 1316 1356 1409 facitpeccatnm,
1383 1339 1424 1386 ex
1445 1315 1589 1385 diabolo
1613 1331 1683 1400 est,
1710 1316 2045 1397 etEbrae.10.Fi-

45 1423 218 1508 scntentia,
244 1435 277 1491 et
290 1421 442 1493 illustret
459 1435 498 1492 ut
515 1417 751 1512 Evangelium
767 1433 860 1491 recte
877 1418 1011 1491 intelli·
1058 1417 1147 1488 lium
1173 1419 1240 1490 Dei
1268 1418 1499 1502 conculcans,
1542 1431 1575 1488 et
1601 1421 1809 1508 sanguinem
1844 1429 2044 1519 testamenti

45 1537 130 1611 gant,
156 1537 190 1593 et
204 1524 406 1592 discernant
424 1547 442 1592 a
461 1523 631 1614 sapientia
646 1523 792 1606 mundi,
808 1514 1011 1593 sicuthri-
1057 1521 1232 1611 polluens,
1259 1534 1295 1592 et
1307 1519 1472 1613 spiritum
1488 1521 1621 1608 gratiae
1636 1525 1853 1596 contumelia
1874 1529 2044 1603 afficiens.

42 237 104 314 289

44 1624 250 1718 stusinquit:
278 1622 380 1696 Dabo
396 1625 498 1695 vobis
511 1625 672 1715 spiritum
695 1622 871 1709 veritatis,
897 1622 1012 1708 idest,

44 1726 95 1817 qui
110 1724 210 1798 efficit
227 1749 367 1813 veraces
379 1725 417 1796 in
432 1727 593 1799 doctrina
608 1739 641 1796 et
656 1726 694 1795 in
708 1725 943 1798 invocatione.

392 1941 521 2026 Quibus
542 1944 652 2008 detur.

128 2099 275 2170 Publica
306 2095 479 2171 exhibitio
504 2098 660 2192 Spiritus
682 2099 791 2170 sancti
813 2099 883 2172 fuit
911 2103 1008 2174 testi·

48 2201 205 2286 moniam,
241 2204 336 2294 quod
369 2225 450 2271 vere
481 2205 586 2272 detur
606 2201 919 2293 Spiritus-sanctus
941 2203 1006 2275 toti

48 2297 213 2373 Ecclesiae.
270 2301 353 2400 ldeo
371 2304 407 2372 in
427 2299 711 2375 boe'testimonio
729 2306 1008 2397 contemplemur

48 2403 260 2472 universalem
278 2406 560 2494 promissionem.
614 2401 661 2476 Ut
673 2404 837 2475 omnibus
859 2407 1008 2479 offertur

49 2505 182 2573 remissio
207 2519 455 2594 peccatorum,
489 2522 523 2576 et
545 2507 711 2576 omnibus
733 2507 945 2596 praecipitur
967 2523 1006 2580 ut

49 2607 185 2692 credant,
212 2607 262 2674 ita
279 2607 434 2697 Spiritus
449 2625 591 2680 sanctus
607 2608 802 2699 promissus
820 2620 871 2676 est
888 2612 1005 2680 omni-

50 2706 114 2789 bus,
142 2723 174 2779 et
205 2696 322 2779 datur·
342 2709 509 2778 omnibus
531 2710 716 2800 agentibus
742 2709 1003 2800 poenitentiam,

51 2807 142 2876 etfde
158 2833 192 2878 se
210 2805 512 2904 sustentantibus,
542 2813 633 2882 sicut
657 2811 843 2881 manifeste
863 2826 1005 2886 testatur

48 2903 154 2978 Paulus
175 2905 296 2983 Galat.
315 2911 351 2982 8.
379 2909 436 2984 Ut'
456 2912 725 3008 promissionem
750 2913 891 3002 spiritus
912 2917 1004 2986 acri·

50 3007 162 3096 piamus
176 3035 240 3101 pcr
257 3009 373 3086 fidem.
426 3009 473 3084 Et
486 3009 648 3084 Christus
668 3013 805 3108 inquit,
829 3017 903 3084 dari
923 3042 1003 3090 eum

52 3113 232 3196 petentibus.
288 3111 496 3188 Lucae11.:
524 3097 668 3204 Quanto
686 3118 797 3207 magis
816 3131 912 3209 pater
924 3145 1005 3190 coe-

50 3207 125 3282 lestis
138 3214 233 3306 dabit
249 3211 424 3306 Spiritum
442 3231 601 3288 sanctum
620 3219 833 3311 petentibus.
884 3213 932 3292 Ae
947 3223 1003 3293 di-

51 3309 173 3400 ligenter
188 3316 410 3386 observanda
428 3331 479 3388 est
496 3320 668 3412 particula
694 3320 914 3412 petentibus,
933 3351 1003 3420 qua

52 3409 187 3488 Christus
215 3419 389 3509 requirit,
423 3436 458 3491 et
489 3421 644 3512 postulat
673 3421 879 3514 petitionem
902 3418 1013 3498 buius.

51 3518 189 3637 muneris.
243 3517 353 3608 Quod
369 3521 512 3615 quidem
531 3523 568 3592 in
587 3523 705 3594 verbis
722 3524 794 3594 illis
815 3525 1006 3598 libcralitcr

51 3634 208 3705 promrttrt.

129 3753 246 3844 Quare
263 3780 405 3847 agamus
427 3761 703 3850 poenitentiam,
728 3776 763 3833 et
788 3785 1010 3835 exerceamus

17 3921 18 3928 χ
52 3851 131 3924 iden
150 3858 186 3928 in
211 3859 455 3945 invocatione,
491 3876 525 3933 et
544 3877 704 3953 petamus
726 3863 900 3957 Spiritum
926 3889 1008 3936 san·

20 4329 23 4362 t

54 3965 139 4042 ctum,
175 3976 215 4034 ut
244 3983 375 4032 novam
406 3963 519 4032 lucem
545 3976 581 4034 et
608 3989 738 4037 novam
769 3967 1009 4040 obedientiam

54 4051 180 4132 innubis
194 4065 332 4152 iacobi,
367 4063 457 4134 sient
472 4069 508 4138 2.
527 4062 693 4139 Corinth.
708 4068 743 4142 8.
760 4069 909 4140 dicitur:
934 4069 1009 4142 Nos
1056 4059 1058 4064 ¹

55 4177 149 4233 omnes
162 4165 315 4235 revelata
330 4164 419 4236 facie
442 4166 590 4257 gloriam
608 4165 755 4240 Domini
777 4173 1008 4264 speculantes,

55 4253 224 4334 incandem
241 4266 432 4355 imaginem
452 4270 767 4357 transformamur,
791 4274 946 4364 agloria
967 4275 1023 4344 in¹

55 4357 189 4448 alonem,
215 4380 386 4462 tanquam
409 4367 591 4442 aDomini
612 4373 760 4465 spiritu,
785 4374 915 4463 idest,
941 4399 1006 4446 nos

22 4525 23 4568 3
55 4463 147 4534 audito
160 4463 372 4560 Evangelio,
400 4483 435 4543 et
455 4488 594 4564 accepta
618 4476 826 4547 remissione
848 4493 1007 4568 peccato-

23 4581 24 4586 ’
56 4578 127 4648 mn,
149 4570 293 4658 gloriam
318 4571 388 4642 Dei
408 4575 651 4665 speculamur,
675 4577 804 4664 idest,
837 4582 1008 4651 audemus

57 4667 186 4741 accedere
203 4675 247 4741 ad
266 4668 398 4757 Deum,
433 4689 468 4747 et
490 4677 659 4748 videmus
675 4679 751 4748 eius
771 4680 938 4770 gloriam,
969 4684 1004 4751 id

58 4775 107 4848 tlt,
139 4771 306 4861 fulgorem
332 4774 476 4862 iudicii,
514 4803 554 4848 ac
577 4779 616 4849 in
639 4780 702 4850 illo
725 4781 882 4874 iudicio,
922 4809 1007 4855 voce

58 4852 228 4960 Evangelii,
255 4877 533 4949 consolationem
552 4877 740 4969 habemns,
765 4908 804 4954 ac
820 4885 1007 4976 induimur

59 4957 215 5076 lasclidei,
249 4990 290 5048 ut
311 4979 421 5068 magis
441 4981 620 5078 magisque
643 4985 733 5054 iram
755 4986 883 5058 Dei-et
900 4989 1006 5057 mise-

60 5075 211 5174 ftrordiam
244 5101 490 5168 agnoscamus,
518 5098 556 5156 et
584 5110 676 5156 nova
705 5089 803 5174 luce,
835 5113 924 5183 quac
955 5106 1006 5166 est

61 5183 144 5277 “sago
160 5176 243 5262 Dei,
271 5205 458 5269 ornemur,
484 5186 613 5272 idest,
646 5190 775 5266 noticia
793 5188 881 5279 Dei,
912 5194 1005 5265 fidn-

62 5283 97 5379 {12
110 5293 308 5362 praesentiae
324 5282 409 5370 Dei,
434 5287 643 5376 dilectione,
669 5305 704 5363 ct
726 5295 870 5365 caeteris
891 5297 1003 5368 virtu·

62 5367 145 5458 ntus,
173 5397 204 5454 et
223 5385 339 5467 addit,
374 5399 543 5481 tanquam
565 5417 585 5461 a
607 5390 757 5466 Domini
788 5396 935 5489 spiritu,
964 5412 1005 5471 ut

97 5473 252 5555 llccarru.
282 5491 384 5559 Orrn.
412 5493 496 5558 Vos..
515 5495 611 5566 XIV.
649 5526 652 5535 ·
698 5549 701 5556 ·

1058 1619 1153 1693 Haec
1169 1623 1330 1695 doctrina
1346 1623 1538 1693 necessaria
1554 1637 1605 1695 est
1620 1619 1855 1713 Christianis,
1876 1643 1916 1700 ut
1931 1631 2045 1704 sciant

1059 1727 1226 1797 omnibus
1258 1725 1480 1817 promissiam
1509 1749 1582 1795 esse
1601 1725 1774 1817 Spiritum
1801 1746 1980 1818 sanctum,
2010 1747 2045 1806 et

1058 1830 1167 1920 accipi
1183 1830 1228 1899 ab
1244 1828 1411 1899 omnibus
1425 1826 1493 1897 fide
1510 1829 1548 1896 in
1565 1851 1648 1898 vera
1669 1831 1905 1919 poenitentia,
1931 1849 1964 1904 et
1988 1861 2044 1906 re·

1059 1931 1183 2011 tincti,
1216 1933 1302 2001 dum
1324 1953 1508 2000 manemus
1532 1931 1570 1998 in
1592 1932 1766 2028 exercitiis
1790 1958 1894 2005 verae
1916 1939 2044 2029 poeni-

1058 2035 1186 2104 teutiae
1202 2049 1236 2105 ct
1252 2031 1497 2102 invocationis.

1290 2247 1421 2332 Ferte
1444 2249 1496 2337 ll.
1517 2250 1811 2342 Pentecosten.

1434 2393 1606 2470 Actorum
1624 2399 1661 2472 2.

1105 2525 1161 2600 Et
1185 2551 1263 2602 cum
1291 2527 1554 2628 complerentur
1578 2529 1656 2603 dies
1671 2529 1912 2624 Pentecostes,
1936 2551 2042 2611 erant

1157 2657 1279 2705 amnes
1311 2633 1537 2706 unanimiter
1568 2632 1695 2707 simul.
1752 2633 1807 2706 Et
1833 2639 1963 2735 sactus
1991 2653 2043 2716 est

1158 2746 1296 2833 repente
1312 2733 1356 2806 de
1371 2734 1467 2807 coelo
1483 2760 1597 2808 sonus
1614 2745 1794 2836 tanquam
1813 2735 2042 2816 aduenientis

1144 2837 1268 2938 flatus
1292 2833 1520 2910 vehementis.
1586 2836 1640 2910 Et
1665 2838 1813 2938 replevit
1836 2851 1953 2914 totam
1976 2847 2042 2919 doss

1154 2966 1254 3010 mum
1274 2938 1341 3011 ubi
1351 2951 1458 3010 erant
1469 2935 1642 3013 sedentes.
1657 2939 1722 3012 sEt
1741 2955 2040 3042 conspectaesunt

1154 3039 1237 3112 illis
1267 3037 1480 3139 dispertitae
1512 3041 1685 3139 linguae,
1724 3054 1903 3146 tanquam
1929 3049 2041 3146 ignis,

1154 3138 1318 3244 seditque
1334 3169 1450 3243 supra
1467 3143 1640 3242 singulos
1656 3170 1792 3221 eorum.
1839 3146 1896 3220 Et
1914 3150 2043 3251 repleti

1152 3256 1240 3317 sunt
1259 3271 1381 3318 amnes
1398 3243 1543 3343 Spiritu
1558 3259 1705 3336 sancta,
1732 3260 1764 3320 et
1779 3262 1966 3351 caeperunt
1983 3255 2040 3329 lo-

1155 3348 1223 3448 qui
1235 3345 1326 3419 aliis
1344 3347 1506 3444 linguis,
1536 3360 1646 3447 prout
1668 3350 1823 3447 spiritus
1847 3352 1964 3430 dabat
1988 3359 2039 3430 eis

1155 3449 1210 3523 elo
1237 3447 1287 3524 ui.

1105 3476 1235 3624 Ernni
1249 3560 1369 3623 autem
1388 3549 1427 3621 in
1446 3547 1653 3625 Ierusalem
1667 3549 1881 3630 habitantes
1889 3556 2039 3652 Iudaei,

1106 3651 1111 3658 ’
1157 3653 1230 3725 viri
1247 3651 1416 3751 religiosi
1429 3677 1476 3726 ex
1493 3657 1596 3727 omni
1604 3658 2039 3761 nationepuaesubcoeto

1156 3765 1219 3830 est.
1272 3751 1397 3828 Facta
1412 3765 1533 3829 autem
1550 3755 1623 3832 bac
1638 3785 1734 3850 voce,
1761 3765 1924 3836 convenit
1938 3767 2037 3839 mul-

1153 3855 1290 3938 titudo,
1325 3868 1356 3928 et
1374 3859 1532 3960 eonsusa
1556 3872 1626 3944 est,
1660 3864 1837 3963 quoniam
1859 3865 2036 3941 audiebat

1153 3957 1402 4059 unusquisque
1429 3961 1564 4057 lingua
1598 3990 1669 4035 sua
1710 3964 1799 4038 illos
1830 3963 2036 4069 'loquenten

1151 4057 1356 4158 Stupebant
1371 4072 1491 4133 autem
1508 4090 1649 4148 omnes,
1672 4077 1704 4136 et
1720 4066 1958 4143 mirabantur
1975 4072 2035 4145 di-

1152 4171 1268 4232 centes
1285 4161 1380 4233 inter
1392 4188 1485 4236 sese.-
1517 4163 1653 4240 Nonne
1667 4192 1738 4260 ecee
1754 4195 1877 4245 omnes
1890 4175 1958 4244 isti
1969 4178 2037 4275 qui

1149 4260 1369 4364 loquuntur,
1388 4260 1564 4339 Galilaei
1574 4271 1689 4342 sunt?
1703 4269 1759 4343 Et
1775 4274 1954 4374 quomodo
1966 4304 2033 4350 nas

1149 4362 1324 4438 audimus
1353 4370 1601 4470 unusquisque
1630 4377 1823 4474 propriam
1861 4378 2032 4474 linguam

1148 4477 1334 4557 nostram,
1361 4471 1400 4540 in
1423 4497 1498 4570 qua
1523 4475 1610 4546 nati
1629 4478 1785 4549 sumus?
1815 4477 1973 4569 Parthi,
2000 4493 2032 4555 et

1146 4567 1276 4656 Medi,
1311 4583 1343 4644 et
1359 4571 1574 4665 Elamitae,
1602 4589 1634 4648 et
1659 4579 1727 4679 qui
1744 4575 1922 4654 habitant
1945 4583 2030 4658 Me-

1144 4676 1411 4772 sopotamiam,
1438 4688 1471 4748 et
1488 4677 1516 4748 I
1514 4675 1672 4752 udaeam
1691 4692 1723 4752 et
1737 4677 2029 4782 Cappadociam,

1144 4770 1304 4848 Pontum
1330 4788 1361 4849 et
1381 4780 1535 4864 Asiam,
1563 4789 1594 4853 et
1608 4779 1839 4882 Phrygiam,
1868 4806 1901 4862 et
1914 4784 2028 4860 Pam-

1141 4874 1335 4977 phyliam,
1349 4884 1557 4982 Aegyptum
1570 4895 1602 4956 et
1614 4898 1740 4983 partes
1754 4885 1919 4986 Libyae,
1934 4917 2028 4990 puae

1145 4991 1198 5051 est
1227 4982 1324 5054 circa
1351 4977 1537 5080 Cyrenen,
1575 4997 1608 5056 et
1636 4991 1824 5086 peregrini
1845 4989 2026 5080 Romani,

1143 5080 1285 5156 Iudaei
1295 5096 1328 5156 et
1342 5086 1542 5184 proselyti,
1575 5079 1700 5163 Cretes
1722 5104 1754 5164 et
1769 5093 1930 5184 Arabes,
1956 5125 2027 5169 aa·

1139 5183 1262 5259 dimus
1277 5213 1336 5261 eos
1351 5185 1536 5291 loquentes
1552 5195 1689 5265 nostris
1711 5191 1853 5290 linguis
1875 5200 2026 5297 magni-

1131 5285 1213 5383 fica
1226 5287 1315 5363 Dei.
1366 5291 1572 5388 Stupebant
1586 5306 1707 5366 autem
1723 5323 1868 5390 amnes,
1896 5312 1928 5374 et
1942 5328 2026 5374 con-

1139 5394 1404 5568 sternaba9ntur
1430 5391 1487 5466 ad
1513 5395 1663 5468 inuicem
1693 5396 1866 5474 eluentes:
1905 5399 2027 5502 Quid-

1282 5501 1300 5570 1
