4622 5818
241 137 317 214 956
841 137 967 212 rtttn
995 135 1109 214 Milli.
1138 137 1348 215 SCRIPTA
1375 127 1671 214 munuca,
1781 201 1787 206 .
2196 141 2267 230 est,

242 309 451 384 Ecclesiam.
514 307 695 400 Tempora
725 305 830 380 etiam
861 310 1061 402 significant
1093 312 1232 384 diversa
1284 327 1355 396 cet,
1381 314 1486 408 quale
1508 313 1553 385 sit
1572 335 1720 402 regnum
1735 309 1907 402 Messias,
1933 326 1968 384 et
1984 325 2131 386 testetur
2147 313 2260 386 Domi-

245 431 401 504 tempora
424 412 669 496 vocationum,
701 413 785 504 qnia
807 413 908 485 Deus
932 415 1105 486 immense
1128 413 1235 484 boni·
1285 440 1383 488 mum
1401 416 1568 486 scientem
1585 427 1620 486 et
1635 413 1812 485 volentem
1826 437 1968 506 passum
1983 437 2069 490 esee.

245 528 315 606 tate
339 514 492 586 subinde
514 515 693 584 revocavit
712 510 925 601 Ecclesiam,
951 518 1081 609 etipse
1107 528 1235 597 servat,
1290 559 1293 570 ·
1388 515 1457 589 Sed
1482 512 1540 586 hic
1560 517 1631 586 iarn
1654 517 1918 588 consideremus
1931 517 2122 608 Apostolos
2140 531 2176 589 et
2190 517 2262 586 reli-

172 675 182 680 -
246 620 320 710 ipse
338 618 504 692 restituit.
538 614 576 687 Si
597 616 670 706 ipse
687 639 762 685 non
778 633 956 704 servaret,
981 607 1138 689 Ecclesia
1152 621 1236 688 iun·
1287 643 1396 720 quam
1413 620 1567 703 turbam,
1592 643 1681 712 quae
1697 614 1760 688 bas
1774 620 1964 690 conciones
1976 615 2148 693 audierat.
2174 619 2262 690 Alibi

248 721 344 789 ditus
361 720 536 789 deleretur
554 717 736 788 furoribus
752 716 896 790 Diaboli
912 736 945 791 et
960 721 1152 814 impiorum
1169 715 1237 789 ho·
1288 723 1374 794 dicit
1389 717 1627 812 Evangelista,
1653 717 1844 813 Apostolos
1860 715 1946 791 haec
1960 745 2036 793 non
2052 722 2262 794 intellexisse.

248 821 401 893 minum.
454 818 586 909 Magna
601 842 683 909 ergo
699 821 859 890 doctrina
883 817 940 892 bic
961 823 1129 908 traditur,
1154 822 1237 915 quia
1287 822 1358 896 Hic
1374 823 1491 896 statim
1510 836 1544 893 et
1560 825 1605 892 de
1619 845 1681 894 tna
1697 821 1856 922 potentie
1871 824 2064 914 disputant.

250 922 539 994 commonefaetio
559 936 628 1006 est,
654 923 749 1015 quod
775 923 839 993 iste
854 919 1110 994 Paterfamilias
1123 936 1238 993 servet
1330 971 1335 978 ·
1390 923 1434 996 ln
1452 920 1520 995 hoc
1535 925 1694 1020 exemplo
1709 924 1906 1009 discamus,
1929 948 2002 994 esse
2025 926 2064 996 in
2084 925 2210 998 sanctis
2231 927 2262 994 in

248 1021 461 1108 Ecclesiam,
492 1047 566 1093 non
588 1036 709 1093 nostra
731 1025 899 1117 sapientia
922 1038 955 1096 et
982 1022 1136 1096 bumana
1153 1024 1238 1094 dili·
1288 1022 1356 1098 hae
1376 1027 1449 1098 vita
1477 1026 1620 1096 mortali
1648 1049 1792 1117 magnas
1814 1026 2038 1098 infirmitates
2067 1042 2102 1098 et
2127 1043 2263 1118 peccata,

252 1127 369 1218 gentia
390 1140 451 1194 aut
473 1126 642 1216 potentia.
694 1123 795 1196 Sicut
821 1141 937 1197 antem
960 1129 1063 1199 multi
1084 1127 1238 1198 subinde
1289 1131 1350 1200 sed
1372 1144 1491 1200 tamen
1512 1128 1615 1199 initia
1638 1125 1722 1200 fidei
1743 1128 2264 1221 etiundamentumesseopor-

209 1248 212 1254 ·
250 1229 365 1297 vocati
390 1228 573 1312 sunt,'ita
596 1226 763 1298 omnibus
785 1232 1005 1320 temporibus
1026 1230 1132 1301 multi
1161 1230 1238 1300 lue·
1287 1244 1357 1312 tet,
1381 1244 1417 1301 et
1431 1225 1496 1301 bat
1511 1231 1649 1320 regulas
1672 1243 1872 1318 teneamus,
1896 1255 2047 1324 quarum
2070 1233 2184 1324 prima
2205 1247 2263 1304 est:
2297 1291 2298 1308 ,

251 1343 336 1400 runt
361 1329 511 1418 ingrati,
551 1329 713 1424 superbi,
751 1330 1088 1428 negligentes,‚qui
1113 1354 1236 1402 rursus
1291 1329 1444 1424 Agentes
1463 1332 1716 1426 poenitentiam
1742 1344 1837 1402 certo
1861 1333 2008 1404 credant
2028 1356 2064 1403 se
2085 1331 2213 1425 recipi,
2236 1349 2264 1403 et
2297 1335 2298 1414 ξ

250 1431 351 1502 eiecti
380 1444 473 1503 sunt.
1289 1457 1325 1506 sc
1341 1435 1451 1505 iustos
1466 1435 1623 1526 reputari
1639 1446 1785 1528 propter
1797 1432 1911 1504 filium
1925 1433 2013 1527 Dei,
2040 1434 2121 1510 lide.
2171 1432 2262 1504 Hanc
2297 1449 2298 1502 t

353 1549 424 1620 Dat
441 1566 557 1622 autent
575 1549 723 1640 singulis
737 1551 941 1640 denarium,
967 1553 1002 1623 id
1026 1567 1095 1640 cst,
1119 1553 1238 1648 quoli-

251 1654 310 1724 bet
327 1667 484 1746 tempore
501 1656 561 1724 dat
577 1654 708 1724 vocatis
721 1655 834 1724 multa
850 1656 945 1725 bona
963 1656 1145 1748 tantisper,
1171 1657 1238 1724 do-

251 1777 318 1823 nec
331 1754 460 1844 ingrati
477 1754 679 1826 eiiciuntur.
719 1752 860 1826 ludaeis
874 1761 935 1829 dat
952 1759 1150 1842 denarium,
1176 1760 1239 1827 de·

223 1881 229 1894 ·
252 1857 305 1925 dit
320 1856 370 1926 eis
385 1863 552 1946 regnum,
578 1870 613 1926 et
629 1851 724 1927 hunc
746 1855 913 1946 magnbm
930 1852 1124 1944 bonorem,
1145 1859 1239 1930 utin

253 1953 322 2028 hoc
339 1959 471 2051 populo
489 1971 577 2029 esset
590 1954 760 2033 Ecclesia.
813 1957 864 2030 lta
881 1963 1091 2049 generaliter
1104 1961 1240 2034 intelli·

252 2073 355 2149 gatur
379 2061 565 2147 denarius,
592 2062 637 2130 de
657 2061 875 2154 quibuslibet
894 2064 1019 2144 bonis,
1045 2087 1135 2157 quae
1150 2066 1239 2133 dan-

251 2174 311 2233 tur
327 2163 480 2248 vocatis,
506 2163 564 2234 vel
581 2163 624 2232 dc
641 2177 785 2233 externo
807 2165 980 2256 regimine
995 2167 1034 2234 in
1049 2162 1216 2236 Ecclesia.

352 2279 423 2353 Sed
441 2279 569 2371 ingrati
593 2282 784 2354 eiiciuntur
800 2298 834 2355 et
847 2285 1088 2376 recipiuntur,
1114 2298 1148 2356 et
1162 2285 1240 2378 pla-

255 2397 337 2453 cent
359 2382 413 2452 illi
436 2383 622 2453 novissimi
643 2387 831 2480 tantisper,
866 2388 978 2457 donec
1002 2400 1038 2459 et
1058 2387 1240 2480 ipsismet

249 2484 396 2574 ingrati·
450 2483 581 2575 lngrati
604 2486 709 2558 ctiam
732 2487 869 2558 duriter
896 2481 954 2558 bic
975 2489 1238 2580 vituperantur:

250 2579 389 2657 Oculus
406 2599 487 2657 tuus
509 2587 624 2658 malus
648 2601 710 2662 est.
770 2581 855 2659 ideo
880 2614 954 2658 non
979 2604 1091 2682 potest
1112 2589 1239 2660 simili-

252 2689 340 2759 tudo
354 2689 405 2758 sic
419 2689 590 2779 intelligi,
616 2705 655 2760 ut
671 2685 799 2760 borum
817 2693 984 2764 denarius
997 2692 1168 2784 significet
1184 2694 1238 2760 vi-

249 2805 321 2861 tam
337 2803 535 2877 aeternam,
561 2792 645 2887 qnia
661 2792 720 2862 isti
735 2792 849 2865 invidi
865 2795 1093 2871 damnantur.

299 2939 356 3012 El
398 2935 597 3012 ascendens
639 2938 746 3032 Iesus
792 2955 926 3015 versus
955 2939 1238 3041 lerosolymam,

352 3039 462 3114 dicte
492 3065 611 3114 secum
638 3038 825 3115 duodecim
852 3041 1053 3144 discipulos
1075 3070 1238 3120 seorsum

353 3145 394 3215 in
416 3143 499 3235 via,
526 3153 558 3215 et
577 3139 677 3216 dicit
699 3145 769 3235 eis,
796 3156 858 3222 etc.

350 3293 429 3369 Hoc
456 3311 507 3368 est
535 3312 752 3391 postremum
781 3301 867 3383 iter,
907 3303 1051 3396 quando
1074 3296 1238 3375 Christus

250 3399 428 3489 profectus
443 3413 495 3470 est
512 3398 777 3498 lerosolymam,
803 3405 987 3500 aliquanto
1005 3418 1105 3490 ante,
1131 3428 1236 3497 quam

250 3497 406 3571 Lazarus
420 3505 624 3593 aegrotavit.

354 3617 424 3690 Hic
453 3621 610 3712 primum
633 3622 817 3713 discipulis
838 3625 1009 3717 praedicit
1032 3650 1131 3696 suam
1157 3649 1237 3716 pas-

249 3721 406 3815 sionem,
423 3736 584 3814 xpropter
603 3717 668 3794 has
688 3739 759 3795 tres
781 3750 918 3812 causas,
951 3751 1101 3820 quarum
1122 3730 1236 3819 prima

249 3837 320 3915 est,
345 3837 385 3895 ut
410 3825 540 3896 scirent
562 3822 727 3918 Apostoli
751 3849 831 3898 eum
855 3851 930 3898 non
953 3851 1034 3899 casn
1057 3830 1151 3920 pati,
1176 3831 1235 3898 sed

249 3925 417 3998 scientem
434 3941 469 4000 et
484 3927 662 3999 volentem
677 3951 715 3999 se
729 3929 857 4000 offerre
874 3932 917 4001 ad
935 3924 1003 4000 hoc
1019 3930 1238 4016 sacrificium,

250 4051 321 4122 quo
341 4029 550 4121 placandam
573 4054 646 4101 esse
669 4030 757 4102 iram
772 4028 841 4102 Dei
865 4033 986 4123 generi
1002 4027 1160 4130 humano
1180 4033 1237 4102 di·

250 4127 383 4202 vinitus
398 4133 577 4204 decretum
594 4147 679 4209 erat.
786 4143 788 4146 ’
1169 4139 1173 4149 '

353 4247 515 4321 Secunda
539 4273 640 4322 causa
667 4264 735 4335 est,
769 4264 807 4321 ut
828 4250 1061 4344 praescientes
1073 4251 1237 4345 Apostoli

251 4342 344 4419 banc
357 4350 573 4424 voluntatem
589 4353 757 4434 Domini,
784 4367 983 4426 constantes
998 4369 1184 4428 manerent
1199 4357 1235 4426 in

249 4449 339 4534 fide,
376 4465 410 4520 et
439 4468 622 4545 sperarent
651 4456 943 4526 resurrectionem
964 4453 1135 4538 Domini,
1173 4482 1238 4529 nec

250 4551 461 4640 deficerent,
487 4557 724 4646 existimantes
748 4580 828 4627 eum
844 4558 1072 4632 interiturum
1086 4581 1178 4642 esse,
1204 4574 1239 4632 et

248 4654 349 4725 illam
365 4679 462 4746 spem
479 4660 563 4728 novi
578 4660 677 4750 regni
690 4659 832 4729 inanem
847 4659 966 4732 luisse.

286 4783 291 4792 '
353 4774 476 4846 Tertia
503 4800 624 4864 causa,
662 4792 702 4849 ut
732 4775 897 4848 iudaicus
925 4801 1026 4849 error
1055 4777 1236 4870 Apostoli·

252 4877 478 4964 eximeretur,
520 4903 592 4972 qno
628 4903 765 4976 semper
801 4881 1045 4965 somniabant,
1076 4903 1237 4971 regnum

252 4975 404 5051 Messias
431 4983 507 5094 iore
536 4981 727 5077 imperium
752 4983 899 5064 mundi,
938 4997 972 5054 et
994 4978 1088 5054 nihil
1115 5004 1240 5077 passu-

251 5101 311 5146 ros
333 5104 419 5154 esse.

353 5197 429 5270 Hae
461 5218 530 5275 tres
565 5227 690 5274 catrsae
720 5205 944 5294 gravissimae
973 5203 1135 5287 luserunt,
1175 5225 1240 5273 cur

1290 1534 1567 1608 consolationem
1601 1559 1739 1629 semper
1766 1543 1975 1622 teneamus,
1999 1549 2033 1608 et
2055 1537 2263 1632 opponamus

1291 1663 1367 1708 earn
1385 1651 1524 1707 nostrae
1542 1635 1753 1711 infirmitati.
2297 1675 2298 1728 p

1391 1739 1553 1810 Secunda
1569 1739 1709 1830 regula:
1737 1734 1829 1810 Cum
1843 1733 1911 1811 bac
1926 1739 1996 1810 lide
2020 1765 2095 1811 non
2114 1742 2174 1813 fiat
2195 1765 2263 1831 pec·
2297 1747 2298 1786 i

1292 1855 1407 1913 catum
1431 1855 1553 1912 contra
1570 1840 1843 1928 conscientiam,
1866 1842 1904 1913 id
1930 1856 1999 1928 est,
2023 1837 2160 1914 habens
2184 1837 2262 1912 hanc
2297 1917 2298 1932 χ

1289 1944 1414 2036 fidem,
1441 1967 1530 2037 quae
1545 1943 1739 2016 estfidueia
1759 1943 2042 2026 misericordiae,
2071 1939 2264 2017 nonhabet
2297 1973 2298 2040 t

1291 2045 1398 2115 simul
1419 2047 1640 2140 propositum
1666 2047 1817 2116 scienter
1837 2046 1990 2118 faciendi
2010 2063 2135 2120 contra
2150 2044 2263 2118 Deum.
2297 2049 2298 2126 l

1289 2141 1435 2218 Habens
1458 2162 1577 2219 autern
1604 2147 1672 2219 tale
1695 2147 1919 2246 propositum
1955 2147 2106 2220 scienter
2127 2147 2262 2219 faciendi

1290 2261 1413 2321 contra
1429 2244 1565 2331 Deum,
1592 2249 1723 2320 excutit
1737 2249 1866 2336 fidem,
1891 2262 1926 2321 et
1939 2275 2015 2321 non
2032 2265 2147 2344 potest
2162 2249 2261 2322 Deum
2297 2237 2298 2318 i

1289 2345 1466 2424 invo‘care.
1679 2359 1683 2370 “
2297 2357 2298 2370 ’

1391 2450 1471 2523 Hoc
1493 2453 1584 2522 bene
1608 2453 1834 2524 considerent
1854 2449 2009 2547 singuli,
2039 2468 2075 2526 et
2096 2453 2261 2526 conscien·
2297 2461 2298 2552 l

1288 2555 1355 2627 tias
1373 2576 1453 2626 suas
1468 2551 1681 2646 inspiciant,
1705 2570 1740 2627 et
1764 2569 1929 2644 caveant,
1960 2582 2007 2627 ne
2028 2573 2136 2630 ruant
2157 2569 2262 2627 contra
2297 2569 2298 2660 q

1290 2656 1552 2728 conscientiam.
2297 2663 2298 2726 l

1391 2758 1514 2830 Tertia
1531 2755 1667 2846 regola:
1709 2755 1782 2830 Ubi
1801 2774 1853 2830 est
1867 2784 1950 2830 vera
1970 2759 2076 2842 fides,
2103 2761 2154 2830 ibi
2170 2781 2262 2852 opor·
2297 2761 2298 2782 ¹

1290 2876 1342 2934 tet
1359 2861 1473 2933 teneri
1488 2862 1781 2951 fundamentum,
1806 2861 1931 2947 idest,
1965 2887 2089 2933 omnes
2112 2861 2263 2932 articulos

1288 2964 1384 3034 fidei.
1434 2959 1481 3032 Et
1504 2984 1709 3055 quanquam
1731 2963 1793 3032 alii
1816 2963 1947 3035 clarius
1977 2987 2036 3034 eos
2060 2964 2262 3054 intelligunt,
2297 2977 2298 3052 t

1289 3065 1351 3136 alii
1366 3063 1563 3148 obscurius,
1589 3075 1708 3134 tamen
1720 3087 1822 3134 mens
1836 3090 1912 3136 non
1929 3069 2150 3138 contradicat
2162 3065 2261 3135 scien-
2297 3107 2298 3120 κ

1288 3181 1343 3238 ter
1358 3165 1424 3238 ulli
1440 3166 1589 3236 articulo
1603 3164 1697 3240 fidei.

1328 3293 1329 3296 ’
1390 3267 1526 3358 Quarta
1550 3266 1686 3356 regula:
1727 3261 1801 3338 Ubi
1826 3278 1878 3339 est
1898 3293 1980 3340 vera
2003 3269 2110 3356 fides,
2146 3283 2179 3342 et
2199 3288 2262 3337 non

1289 3385 1372 3442 sunt
1403 3381 1540 3462 peccata
1573 3361 1695 3440 contra
1724 3370 1996 3452 conscientiam,
2030 3385 2066 3444 et
2091 3367 2195 3442 borno
2223 3379 2262 3438 est

1289 3474 1420 3556 iustus,
1445 3486 1563 3542 tamen
1578 3465 1696 3542 adbuc
1712 3485 1857 3540 manent
1876 3496 2024 3563 magnae
2045 3474 2282 3551 infirmitates.

1289 3588 1324 3645 et
1342 3575 1448 3644 multi
1463 3573 1583 3643 vitiosi
1606 3587 1742 3654 motus,
1769 3570 1900 3667 quibus
1924 3578 2191 3668 repugnandum
2212 3577 2270 3656 est,

1289 3689 1324 3745 et
1349 3677 1459 3746 multa
1490 3688 1574 3744 sunt
1603 3689 1742 3765 peccata
1765 3675 1987 3765 ignorantiae
2010 3692 2045 3748 et
2062 3673 2260 3749 omissionis.

1288 3775 1422 3848 Contra
1437 3771 1531 3846 hanc
1547 3775 1788 3848 infirmitatem
1802 3789 1983 3848 teneamus
2000 3773 2095 3850 hanc
2117 3777 2261 3851 consola·

1288 3869 1443 3970 tionem,
1470 3902 1534 3948 nos
1551 3878 1620 3948 lide
1635 3879 1746 3949 iustos
1762 3901 1834 3948 esse
1849 3893 1994 3972 propter
2006 3881 2121 3953 filium
2137 3879 2210 3970 Dei,
2233 3888 2261 3945 ct
2297 3899 2298 3958 t

1289 3980 1328 4048 in
1354 3981 1580 4052 credentibus
1604 3975 1669 4050 has
1695 3982 1816 4051 sordes
1845 3982 1916 4076 tegi
1938 3995 1972 4052 et
1995 3983 2205 4067 condonari,
2232 3987 2260 4047 et

1288 4081 1565 4153 misericordiam
1596 4081 1665 4153 Dei
1697 4083 1877 4173 ingentem
1909 4084 2143 4171 celebremus,
2179 4079 2259 4178 quod
2297 4099 2298 4172 t

1289 4184 1416 4276 recipit
1431 4206 1518 4276 nos,
1544 4208 1748 4278 quanquam
1771 4187 1859 4256 adeo
1884 4186 2044 4258 infirmos
2061 4187 2258 4276 etindignot
2297 4193 2298 4204 ¹

1289 4286 1510 4360 etsordtdos

1390 4384 1487 4458 Haec
1510 4389 1709 4459 communis
1733 4373 1894 4460 doctrina
1915 4391 1959 4461 de
1973 4387 2045 4461 fide
2060 4415 2161 4486 saepe
2175 4408 2256 4477 repe·

1289 4491 1396 4563 tenda
1412 4504 1491 4576 est,
1517 4505 1558 4562 ut
1580 4503 1722 4562 teneant
1743 4485 1906 4561 homines
1923 4517 2042 4563 veram
2064 4489 2256 4566 consolatio-
2297 4563 2298 4576 ,

1288 4615 1389 4676 nem,
1416 4607 1450 4664 et
1467 4607 1650 4664 exerceant
1665 4587 1758 4663 hanc
1781 4594 1907 4682 fidem,
1933 4595 1972 4665 in
1992 4595 2211 4694 invocatione
2229 4601 2255 4656 et
2297 4639 2298 4652 ι

1289 4695 1481 4784 gratiarum
1500 4695 1649 4766 actione.

1341 4840 1448 4918 Tunc
1471 4839 1621 4916 occessit
1652 4841 1709 4916 od
1726 4870 1807 4920 etam
1831 4855 1951 4918 mater
1971 4837 2138 4941 filiorum
2160 4841 2255 4916 Zebe-

1393 4941 1495 5030 daei,
1523 4955 1555 5017 et
1570 4955 1695 5046 petens
1709 4946 1863 5051 aliquid
1873 4948 1924 5021 ab
1938 4975 1994 5038 eo,
2018 4959 2083 5028 elo.

1389 5098 1495 5170 Nunc
1519 5099 1618 5186 vide,
1658 5104 1840 5194 quomodo
1869 5103 1914 5174 de
1946 5127 2058 5196 regno
2084 5105 2253 5193 disputent.

1288 5200 1392 5274 Alter
1404 5201 1481 5272 vult
1496 5202 1617 5272 sedere
1638 5225 1657 5272 a
1684 5204 1843 5290 destris,
1862 5207 1952 5277 alter
1973 5231 1993 5275 a
2015 5205 2171 5277 sinistris.
2216 5189 2253 5265 El

252 5299 444 5390 praedictio
471 5305 532 5374 illa
556 5307 645 5379 sacta
670 5307 716 5377 sit
724 5357 741 5390 „
772 5331 860 5400 quae
884 5307 1027 5400 quidem
1045 5319 1079 5376 et
1093 5329 1159 5375 nos
1171 5307 1239 5376 do·
1287 5305 1395 5376 stulta
1419 5317 1532 5374 mater
1557 5299 1673 5376 adhuc
1696 5307 1882 5378 confirmat
1910 5305 1973 5380 has
1995 5305 2250 5399 imaginationes.
