4714 5826
286 141 366 227 rss'

338 319 379 394 V
376 345 420 392 ae
434 330 552 392 terrae
568 317 671 390 cuius
686 311 776 400 Rex
790 339 881 416 puer
896 327 967 404 cst,
993 330 1025 393 et
1038 319 1141 394 cuius
1157 315 1271 394 Prin-

386 423 479 520 cipes
493 444 603 492 mane
619 415 819 492 comedunt.

320 603 323 608 ·
367 571 576 666 'Perspicua
591 574 767 645 sententia
784 587 852 660 est,
878 597 943 642 nec
958 587 1096 646 tantum
1113 575 1274 670 loquitur

213 699 218 706 ·
287 682 331 748 de
344 672 401 747 bis
417 678 479 771 qui
495 690 606 747 aetate
622 675 724 767 pueri
738 687 838 758 sunt,
864 677 924 744 sed
940 675 1044 746 etiam
1060 677 1103 745 de
1118 679 1274 761 senibus,

288 780 351 874 qui
373 801 513 869 semper
537 779 574 846 in
598 777 678 847 ocio
701 789 735 846 et
756 777 967 869 voluptatib.
992 778 1174 863 vixerunt,
1209 803 1273 847 nec

288 884 467 960 doctrina,
493 903 557 948 nec
581 901 648 948 usu
670 879 764 948 vitae
781 892 815 947 et
832 880 1079 948 communibus
1095 880 1274 949 aerumnis

287 983 369 1052 facti
392 995 474 1051 sunt
496 981 680 1050 cautiores.
731 977 778 1048 Et
791 980 854 1048 ubi
870 979 1121 1067 gubernatores
1138 981 1275 1071 pracci-

289 1107 357 1174 pue
385 1095 560 1176 quaerunt
582 1081 781 1169 voluptates
802 1083 979 1172 corporis,
1012 1083 1063 1151 ibi
1086 1084 1273 1186 negligun-

289 1201 347 1256 tur
372 1184 589 1266 iurisdictio,
622 1181 831 1271 gubernatio
861 1183 1086 1271 disciplinae,
1111 1183 1275 1254 exercitia

290 1284 469 1358 militaria.
529 1283 636 1354 Tales
670 1298 753 1353 sunt
786 1284 906 1373 spousi
938 1282 1131 1376 Penelopes
1158 1286 1276 1373 fruges

289 1409 497 1457 consumere
517 1387 604 1456 nati.
659 1384 869 1454 Contrarius
891 1398 941 1453 est
964 1409 1085 1455 versus
1107 1411 1210 1478 quem
1235 1410 1276 1454 ex

289 1488 447 1566 Hesiodo
473 1489 556 1558 citat
580 1486 769 1578 Polybius:
805 1481 971 1558 αἰακιὸαὶ
996 1483 1143 1582 πολέμῳ
1169 1512 1276 1580 κεχα-

293 1583 441 1684 ρηότες,
466 1585 549 1686 ἠέγε
564 1582 674 1660 δαιτὶ.

651 1833 790 1944 Caput
838 1835 915 1920 XI.

342 1995 455 2072 Mitte
468 2021 601 2098 punem
616 2005 718 2066 tuum
733 2019 843 2092 super
854 2019 975 2093 aquas
991 2005 1049 2069 etc.

394 2151 527 2222 Totum
566 2146 635 2220 hoc
671 2163 775 2238 caput
808 2148 927 2216 lumen
961 2162 1013 2217 est
1043 2143 1149 2218 huius
1182 2150 1277 2222 libri.

292 2252 460 2326 Ostendit
476 2253 591 2336 enim,
617 2252 656 2319 in
673 2245 730 2318 his
746 2247 977 2318 concionibus
992 2251 1189 2338 institutam
1206 2275 1278 2320 esse

291 2354 597 2432 confirmationem
623 2351 816 2419 sententiae
836 2351 880 2416 de
904 2349 1146 2438 providentia,
1172 2365 1205 2420 et
1222 2377 1278 2426 re-

290 2457 500 2527 futationem
531 2463 839 2542 argumentorum,
872 2451 1004 2543 quibus
1027 2446 1190 2521 homines
1214 2477 1278 2520 na-

292 2575 371 2629 tura
393 2569 602 2639 moventur,
627 2567 667 2623 ut
688 2554 732 2622 de
754 2551 977 2644 providentia
995 2552 1169 2624 dubitent.
1222 2553 1277 2624 Sit

293 2661 404 2746 igitur
424 2658 537 2746 prima
559 2654 752 2737 sententia,
776 2675 866 2744 quae
888 2648 946 2721 hic
969 2653 1006 2720 in
1027 2649 1099 2722 fine
1116 2656 1276 2745 ponitur:

157 2778 167 2788 '
292 2759 348 2832 De
378 2755 434 2830 his
462 2757 629 2829 omnibus
659 2757 810 2826 abducet
835 2766 869 2823 tc
897 2755 996 2823 Deus
1023 2755 1062 2821 in
1093 2755 1276 2829 iudicium.

216 2937 222 2946 ,
291 2860 465 2952 Expresse
488 2859 656 2941 affirmat,
682 2855 797 2926 Deum
820 2868 854 2924 et
875 2854 1032 2924 iudicare
1052 2870 1086 2926 et
1101 2859 1278 2927 iudicatu-

294 2987 374 3034 rum
398 2983 471 3032 esse
489 2956 677 3031 hominum
692 2959 803 3041 iacta,
829 2970 863 3025 ct
879 2950 972 3024 banc
987 2961 1277 3029 asseverationem

293 3066 332 3134 in
355 3065 426 3132 fine
449 3073 600 3153 repetet,
634 3081 715 3130 cum
739 3053 802 3127 hac
823 3056 1010 3128 concione:
1042 3056 1157 3130 Deum
1182 3061 1279 3147 time,

295 3180 329 3236 et
347 3168 511 3234 mandata
530 3161 604 3233 eius
621 3183 732 3233 serva.

395 3261 595 3335 Constituto
619 3258 685 3330 hac
709 3260 881 3330 sententia
891 3311 903 3344 ‚
930 3260 1026 3351 quod
1049 3273 1082 3329 et
1103 3262 1278 3332 iudicatu-

294 3391 355 3439 rns
375 3355 553 3449 sit‘Deus,
578 3379 611 3434 et
632 3365 727 3457 quod
752 3362 785 3432 ei
810 3362 905 3431 iuxta
924 3362 1090 3431 mandata
1107 3362 1279 3432 obedieu-

295 3475 380 3540 dum
402 3471 465 3551 sit,
490 3468 561 3537 iam
588 3467 757 3550 accedunt
778 3462 1050 3535 consolationes.
1103 3461 1194 3534 Cum
1211 3468 1277 3534 du-

292 3572 384 3642 bitat
407 3571 567 3651 animus,
600 3568 684 3660 quid
708 3564 857 3645 faciam?
898 3564 1001 3632 video
1026 3565 1159 3635 multos
1179 3567 1278 3636 labo·

294 3696 350 3751 res
379 3695 452 3744 esse
480 3671 618 3748 irritos,
654 3667 784 3735 multos
815 3665 989 3752 ingratos,
1024 3666 1127 3735 video
1152 3680 1280 3737 accersi

297 3774 378 3851 odia
406 3789 440 3844 et
470 3792 676 3851 aerumnas,
709 3768 914 3834 deseramne
946 3765 1039 3834 vitae
1066 3766 1278 3853 societatem,

296 3898 329 3954 et
362 3878 489 3948 abdam
518 3893 573 3940 me
602 3871 640 3938 iu
672 3868 809 3959 aliquas
828 3865 1057 3946 solitudines,
1091 3889 1131 3934 ac
1154 3891 1281 3961 sequar

296 3982 386 4054 illud
411 3991 511 4047 vetus
536 3973 687 4043 dictum:
712 3961 807 4039 λάθε
823 3959 988 4063 (sideest
1038 3964 1279 4063 Nequaquam.

297 4085 366 4158 Sed
382 4093 539 4168 utsupra
555 4074 659 4143 dixit:
687 4069 842 4142 Fortiter
856 4069 961 4138 lacia‘s
975 4068 1150 4153 laborem,
1173 4096 1277 4163 quem

296 4188 396 4258 Deus
423 4179 490 4249 tibi
521 4174 695 4249 attribuit.
764 4170 816 4240 lta
845 4164 905 4238 hic
933 4169 1068 4262 inquit:
1109 4169 1279 4244 Mandata

297 4287 371 4356 eius
394 4303 514 4360 serva,
548 4275 709 4348 Eventus
731 4296 815 4342 vero
841 4272 1064 4342 commendes
1087 4271 1182 4358 Deo,
1214 4299 1279 4344 nec

295 4383 469 4475 frangaris
491 4379 633 4460 dolore,
667 4378 697 4445 si
715 4373 875 4446 incidant
895 4376 1061 4457 adversa,
1091 4377 1151 4452 sed
1168 4377 1207 4444 in
1223 4371 1280 4444 his

296 4491 373 4562 Deo
396 4483 558 4560 obedias,
584 4493 619 4550 ct
639 4479 709 4548 fide
729 4475 881 4544 retineas
905 4474 1016 4544 animi
1039 4475 1279 4568 tranquillita-

297 4610 388 4672 tem,
413 4583 672 4654 invocationem
689 4592 724 4649 et
737 4600 845 4669 spem.
894 4575 992 4648 Scias
1008 4591 1040 4647 te
1053 4578 1190 4667 placere
1204 4579 1279 4648 Deo

298 4696 336 4762 in
365 4689 426 4758 illa
455 4683 677 4766 obedientia,
711 4681 850 4768 labores
880 4691 958 4748 tuos
980 4701 1054 4747 non
1078 4680 1153 4748 iore
1177 4704 1279 4772 pror-

299 4817 357 4866 sus
380 4791 522 4869 irritos,
556 4783 690 4854 etiarnsi
714 4781 893 4851 interdum
918 4803 1038 4848 saevae
1058 4792 1279 4872 tempestates

299 4896 469 4965 orientur.
538 4883 605 4968 Ut,
652 4882 763 4953 Moisi
800 4881 1093 4970 gubernationem
1132 4884 1279 4954 turbant

213 5060 218 5076 ,
298 4995 402 5065 multi
425 4994 584 5081 ingentes
606 4986 789 5056 tumultus.
841 4980 971 5052 Davidi
995 4996 1113 5053 movet
1133 4985 1278 5055 seditio-

847 239 851 244 ,
884 147 1010 222 euru.
1037 146 1154 222 Mur..
1183 121 1393 227 scotera
1419 151 1715 234 nascuntur.

2102 241 2105 248 .
2227 166 2287 240 140

1322 328 1529 419 cogitemus:
1556 327 1776 402 Commendo
1790 327 1867 402 Deo
1890 334 1983 405 viem
2006 349 2123 422 tuam,
2150 349 2184 408 et
2201 361 2287 429 spera

1225 483 1234 498 .
1322 429 1361 498 in
1378 454 1476 514 eum,
1498 443 1532 500 et
1551 432 1624 523 ipse
1639 434 1754 504 faciet.
1804 433 1851 504 Et
1865 435 1957 518 illud
1968 434 2087 508 Pauli:
2113 437 2226 508 Labor
2238 463 2288 512 ve-

1323 547 1394 602 ster
1422 555 1495 602 non
1525 534 1593 604 crit
1620 535 1739 606 inanis
1769 536 1809 604 in
1837 537 2009 610 Domino.
2069 537 2116 610 Et
2144 538 2288 613 Psal.1.:

1323 631 1464 702 Folium
1480 634 1555 704 eius
1570 659 1644 704 non
1661 638 1802 710 defluet.
1863 636 1967 708 Hanc
1984 653 2091 711 totam
2109 641 2289 712 doctrinam

1324 748 1359 804 et
1387 733 1666 807 consolationem
1694 739 1732 806 in
1759 739 1831 809 vita
1854 741 1958 810 valde
1981 741 2207 812 necessariam
2228 763 2290 810 csse

1324 859 1447 906 omnes
1478 837 1700 928 intelligunt,
1734 864 1823 932 quae
1855 842 1999 934 quidem
2028 844 2107 914 idco
2136 843 2291 912 divinitus

1325 938 1496 1018 traditur,
1530 941 1612 1031 quia
1643 941 1735 1011 ratio
1768 938 2075 1014 bac-confusione
2106 944 2292 1028 offenditur,

1326 1052 1360 1108 et
1374 1037 1511 1109 dubitat
1531 1041 1574 1108 de
1591 1043 1814 1134 providentia
1831 1047 1924 1113 etde
1939 1045 2071 1116 auxilio
2086 1043 2162 1117 Dei.
2211 1041 2294 1113 llaec

1326 1154 1378 1211 est
1391 1141 1568 1212 enarratio
1582 1139 1688 1214 buius
1702 1145 1811 1216 totius
1825 1146 1966 1238 capitis,
1993 1147 2066 1216 imo
2079 1147 2184 1217 totius
2195 1145 2279 1218 libri.

1428 1270 1477 1344 Et
1491 1270 1550 1344 hic
1565 1277 1786 1366 deoperibus
1796 1280 2065 1368 gubernationis
2074 1280 2173 1350 dicit:
2198 1272 2294 1347 Mra
2331 1327 2332 1338 ,

1326 1398 1459 1474 panem
1475 1385 1577 1446 tuum
1591 1401 1699 1474 super
1714 1402 1855 1476 aquas,
1884 1382 1919 1449 id
1941 1397 2009 1467 est,
2034 1385 2157 1452 doctor
2173 1389 2294 1471 spargat

1329 1479 1525 1556 doctrinam
1543 1479 1581 1546 in
1595 1481 1738 1570 populo,
1761 1494 1801 1551 ut
1811 1483 1840 1549 si
1851 1499 2026 1572 spargeret
2036 1483 2293 1576 escasinaquam

1328 1579 1484 1672 piscibus
1498 1581 1730 1672 excipiendas,
1758 1582 1815 1651 vel
1828 1584 1859 1653 si
1875 1586 2028 1657 mitteret
2042 1585 2250 1655 frumentum
2262 1580 2311 1646 in·

1328 1681 1397 1750 alia
1428 1681 1515 1750 loca.
1590 1678 1821 1754 Gubernator
1850 1684 1990 1756 labores
2021 1701 2159 1779 spargat
2187 1685 2293 1753 codem

1329 1784 1448 1855 modo.
1498 1779 1577 1852 Etsi
1598 1783 1693 1852 enim
1711 1779 1845 1878 aliquid
1864 1788 2012 1877 peribit,
2037 1801 2153 1858 tamen
2168 1783 2296 1878 aliquib.

1329 1885 1526 1974 proderunt
1557 1880 1595 1952 hi
1626 1887 1780 1976 labores,
1813 1902 1848 1958 et
1875 1889 2010 1960 utilitas
2038 1890 2132 1979 apud
2155 1899 2295 1979 posteros

1329 1985 1578 2077 conspicietur.
1637 1984 1720 2058 Fuit
1749 2011 1957 2059 aerumnosa
1988 1990 2195 2079 gubernatio
2217 1986 2296 2055 lere-

1331 2087 1432 2172 miae,
1457 2101 1493 2156 at
1507 2088 1643 2177 profuit
1656 2101 1775 2158 tamen
1790 2092 1976 2160 universae
1992 2091 2197 2183 posteritati.
2233 2084 2296 2156 Do

1323 2211 1394 2258 uec
1416 2190 1553 2258 occasio
1577 2204 1648 2274 cst,
1672 2191 1776 2261 facito
1801 2191 1916 2261 officia
1935 2193 2150 2276 vocationis,
2175 2191 2297 2259 sicutet

1329 2286 1463 2359 Paulus
1485 2291 1585 2362 iubet
1605 2304 1743 2382 tempus
1765 2293 1912 2383 redimi,
1940 2293 2022 2387 quia
2042 2295 2117 2363 dies
2132 2291 2213 2360 mali
2226 2289 2297 2368 sint,

1330 2390 1457 2474 idest,
1484 2392 1582 2461 iubet
1606 2392 1659 2462 uti
1683 2394 1884 2473 occasione,
1912 2395 1995 2486 quia
2019 2396 2058 2464 in
2080 2395 2185 2465 tantis
2207 2391 2297 2460 misc·

1329 2489 1394 2561 riis
1409 2514 1510 2582 saepe
1526 2494 1620 2562 bona
1637 2494 1782 2562 consilis
1800 2496 2057 2586 impediuntur.

1380 2707 1427 2782 Si
1441 2708 1707 2813 nubessuert'nt
1721 2711 1873 2811 plenae,
1899 2710 2088 2818 effundent
2105 2715 2257 2789 imbrem.
2331 2737 2332 2752 ¹

1432 2864 1558 2936 Postea
1588 2867 1782 2938 miscentur
1812 2869 1850 2938 in
1879 2883 1977 2942 textu
2000 2872 2251 2942 consolationes
2272 2877 2298 2932 et

1331 2967 1603 3041 admonitiones.
1672 2968 1712 3038 Si
1735 2970 1849 3039 nubes
1870 2973 2004 3045 fuerint
2025 2975 2166 3066 plenae,
2198 2969 2299 3039 effun-

1331 3071 1417 3138 dent
1431 3069 1594 3151 imbrem,
1622 3071 1645 3139 i.
1664 3093 1693 3137 e.
1712 3065 1784 3139 non
1799 3075 1935 3143 suntin
1951 3088 2010 3144 tua
2026 3089 2195 3166 potestate
2208 3091 2298 3139 even-

1331 3184 1405 3250 tus,
1429 3173 1489 3240 sed
1506 3170 1681 3260 sapienter
1696 3174 1786 3241 ieras
1802 3198 1841 3242 ea
1858 3199 1947 3266 quae
1961 3200 2026 3266 pro
2044 3191 2199 3267 ternpore
2213 3174 2302 3240 liunt.

1330 3269 1506 3341 Evenient
1529 3272 1616 3342 alias
1641 3273 1728 3355 alia,
1754 3274 1842 3341 alias
1865 3276 1975 3365 pluit,
2002 3278 2090 3347 alias
2113 3290 2164 3346 cst
2182 3271 2298 3343 sereni-

1331 3386 1394 3440 tas.
1444 3371 1564 3441 Nubes
1588 3375 1712 3462 plenae
1732 3389 1833 3444 erant
1857 3392 2014 3469 tempore
2039 3377 2166 3462 Moisi,
2191 3377 2225 3444 id
2247 3383 2300 3450 est,

1330 3487 1473 3543 venerat
1504 3488 1642 3565 tempus
1670 3477 1842 3544 educendi
1872 3481 2044 3570 populum
2076 3504 2118 3550 ex
2146 3480 2299 3569 Aegypto.

1329 3571 1469 3646 Rursus
1499 3575 1568 3642 alio
1599 3579 1705 3645 modo
1737 3581 1849 3647 nubes
1878 3579 2002 3671 plenae
2036 3597 2134 3652 erant
2160 3595 2300 3668 tempore

1333 3675 1517 3754 lercmiae,
1553 3677 1589 3745 id
1621 3693 1690 3755 est,
1726 3694 1866 3766 peccato
1899 3682 2077 3752 cumulata
2105 3694 2203 3751 erant
2224 3695 2301 3770 quae

1331 3778 1537 3847 adserebant
1560 3779 1716 3858 imbrem
1736 3793 1770 3848 et
1795 3782 1942 3853 exilium
1964 3778 2050 3854 huic
2072 3783 2215 3882 populo.
2261 3770 2301 3843 Εῑ

1331 3893 1516 3972 postquam
1547 3879 1674 3949 accidit
1699 3894 1862 3968 eventus,
1891 3884 2022 3954 factum
2048 3885 2212 3956 infectum
2237 3874 2301 3947 ficri
2331 3899 2332 3902 ¹

1331 4006 1406 4051 non
1420 3994 1545 4072 potest.

1399 4123 1405 4130 ·
1434 4096 1517 4187 Quo
1541 4099 1634 4167 cadit
1649 4099 1782 4188 sacher,
1805 4102 1856 4171 ibi
1873 4104 1989 4191 iacet,
2004 4106 2042 4175 id
2058 4102 2220 4198 congruit
2233 4119 2301 4168 cum

1332 4200 1442 4270 veteri
1460 4223 1579 4269 versu:

1365 4305 1402 4375 oi
1425 4310 1504 4376 πότε
1524 4309 1590 4400 γὰρ,
1608 4312 1738 4410 dv'varas
1761 4315 1797 4380 τὸ
1824 4313 2007 4400 τετυγμένον
2029 4311 2112 4383 εἶναι
2134 4317 2267 4382 ἄτακτον.

1433 4434 1615 4526 Significat
1629 4455 1774 4512 eventus
1790 4465 1862 4510 uon
1879 4466 1951 4512 esse
1967 4443 2136 4528 innostra
2149 4450 2303 4535 potestate

1332 4551 1365 4607 et
1388 4539 1563 4628 sapienter
1586 4541 1750 4610 serendos
1769 4565 1857 4610 esse:
1886 4546 1924 4611 in
1941 4540 2007 4612 hac
2024 4546 2194 4616 sententia
2211 4543 2302 4611 etiam

1332 4640 1496 4731 deinceps
1527 4657 1776 4714 commoratur.
1848 4641 1921 4733 Qui
1951 4645 2049 4736 prius
2079 4646 2156 4717 vult
2185 4643 2302 4714 habere

1331 4755 1445 4812 certos
1459 4756 1492 4811 et
1508 4743 1792 4834 circumscriptos
1807 4759 1971 4829 eventus,
1998 4743 2091 4816 nihil
2108 4762 2193 4836 aget.
2225 4745 2301 4813 Ideo

1331 4843 1432 4913 dicit:
1461 4841 1532 4932 Qui
1550 4847 1713 4946 observat
1729 4857 1892 4927 ventum,
1919 4872 1993 4918 nou
2011 4851 2162 4919 seminat
2177 4862 2236 4916 etc.

1438 4977 1550 5050 Addit
1579 4981 1708 5052 deinde
1731 4984 2030 5070 admonitionem,
2061 5009 2126 5055 nec
2149 4977 2304 5074 praesciri

299 5120 382 5167 nem
405 5096 511 5165 tilius.
562 5087 658 5158 Haec
680 5086 727 5154 ita
748 5083 825 5152 lieri
846 5081 1014 5162 sciamus,
1039 5097 1073 5152 et
1093 5083 1167 5154 rion
1192 5087 1283 5157 abii·
1336 5105 1436 5173 posse
1464 5105 1587 5152 omnes
1610 5098 1776 5167 eventus,
1810 5086 1901 5156 sicut
1922 5100 1955 5159 et
1976 5090 2069 5178 apud
2094 5085 2302 5158 Herodotum

299 5201 432 5270 ciamus
454 5217 570 5286 spem,
595 5211 714 5282 pacem
736 5183 918 5267 cordium,
943 5183 1224 5272 invocationem,
1251 5203 1285 5258 et
1335 5184 1467 5254 dicitur
1489 5185 1675 5278 antiquum
1699 5185 1832 5257 dictum
1855 5210 1942 5258 esse:
1968 5185 2021 5282 μὴ
2036 5185 2116 5281 ἅμα
2130 5187 2224 5284 ἀρχῇ
2236 5185 2304 5255 πᾶν

299 5299 413 5372 officia
437 5295 541 5366 nobis
563 5291 746 5372 mandata,
772 5299 806 5357 et
824 5286 958 5358 dictum
977 5309 1078 5379 saepe
1097 5290 1284 5380 repetitum
1335 5281 1435 5366 τέλος
1455 5282 1770 5384 καταφαίνεσθαι.
1839 5286 1887 5361 lit
1911 5290 2165 5402 sapientissime
2186 5308 2304 5380 propo·
