<?xml version="1.0" encoding="UTF-8"?>
<!DOCTYPE html PUBLIC "-//W3C//DTD XHTML 1.0 Transitional//EN"
    "http://www.w3.org/TR/xhtml1/DTD/xhtml1-transitional.dtd">
<html xmlns="http://www.w3.org/1999/xhtml" xml:lang="en" lang="en">
 <head>
  <title>
</title>
<meta http-equiv="Content-Type" content="text/html;charset=utf-8" />
  <meta name='ocr-system' content='tesseract 3.04.00' />
  <meta name='ocr-capabilities' content='ocr_page ocr_carea ocr_par ocr_line ocrx_word'/>
</head>
<body>
  <div class='ocr_page' id='page_1' title='image "./corpusreformato24melagoog/corpusreformato24melagoog_0540.png"; bbox 0 0 4674 5822; ppageno 0'>
   <div class='ocr_carea' id='block_1_1' title="bbox 83 176 173 253">
    <p class='ocr_par' dir='ltr' id='par_1_1' title="bbox 83 176 173 253">
     <span class='ocr_line' id='line_1_1' title="bbox 83 176 173 253; baseline -0.056 0"><span class='ocrx_word' id='word_1_1' title='bbox 83 176 173 253; x_wconf 80' lang='lat' dir='ltr'>tots</span> 
     </span>
    </p>
   </div>
   <div class='ocr_carea' id='block_1_2' title="bbox 35 343 1055 834">
    <p class='ocr_par' dir='ltr' id='par_1_2' title="bbox 35 343 1055 834">
     <span class='ocr_line' id='line_1_2' title="bbox 80 343 1053 441; baseline 0.009 -24"><span class='ocrx_word' id='word_1_2' title='bbox 80 349 142 418; x_wconf 90' lang='lat' dir='ltr'>dit:</span> <span class='ocrx_word' id='word_1_3' title='bbox 174 343 260 420; x_wconf 89' lang='lat' dir='ltr'>haee</span> <span class='ocrx_word' id='word_1_4' title='bbox 277 349 405 441; x_wconf 85' lang='lat' dir='ltr'>spiritu</span> <span class='ocrx_word' id='word_1_5' title='bbox 425 352 536 437; x_wconf 83' lang='lat' dir='ltr'>finnt,</span> <span class='ocrx_word' id='word_1_6' title='bbox 567 373 673 422; x_wconf 89' lang='lat' dir='ltr'>carne</span> <span class='ocrx_word' id='word_1_7' title='bbox 694 350 771 422; x_wconf 85' lang='lat' dir='ltr'>fieri</span> <span class='ocrx_word' id='word_1_8' title='bbox 795 375 870 421; x_wconf 94' lang='lat' dir='ltr'>non</span> <span class='ocrx_word' id='word_1_9' title='bbox 893 366 1053 440; x_wconf 75' lang='lat' dir='ltr'><strong>possunt.</strong></span> 
     </span>
     <span class='ocr_line' id='line_1_3' title="bbox 80 447 1055 544; baseline 0.006 -26"><span class='ocrx_word' id='word_1_10' title='bbox 80 447 157 521; x_wconf 91' lang='lat' dir='ltr'>ldeo</span> <span class='ocrx_word' id='word_1_11' title='bbox 177 451 279 532; x_wconf 88' lang='lat' dir='ltr'>dicit:</span> <span class='ocrx_word' id='word_1_12' title='bbox 314 451 399 521; x_wconf 91' lang='lat' dir='ltr'>Veri</span> <span class='ocrx_word' id='word_1_13' title='bbox 422 456 625 525; x_wconf 77' lang='lat' dir='ltr'>adoratores</span> <span class='ocrx_word' id='word_1_14' title='bbox 647 455 843 525; x_wconf 80' lang='lat' dir='ltr'><strong>adorabant</strong></span> <span class='ocrx_word' id='word_1_15' title='bbox 865 454 904 522; x_wconf 90' lang='lat' dir='ltr'>in</span> <span class='ocrx_word' id='word_1_16' title='bbox 925 454 1055 544; x_wconf 86' lang='lat' dir='ltr'>spiritu</span> 
     </span>
     <span class='ocr_line' id='line_1_4' title="bbox 79 547 1054 650; baseline 0.003 -30"><span class='ocrx_word' id='word_1_17' title='bbox 79 565 136 621; x_wconf 89' lang='lat' dir='ltr'>etc.</span> <span class='ocrx_word' id='word_1_18' title='bbox 169 547 234 648; x_wconf 88' lang='lat' dir='ltr'>[Et</span> <span class='ocrx_word' id='word_1_19' title='bbox 249 548 354 650; x_wconf 90' lang='lat' dir='ltr'>quia]</span> <span class='ocrx_word' id='word_1_20' title='bbox 370 553 402 647; x_wconf 82' lang='lat'>⁸)</span> <span class='ocrx_word' id='word_1_21' title='bbox 417 551 502 627; x_wconf 88' lang='lat' dir='ltr'>haec</span> <span class='ocrx_word' id='word_1_22' title='bbox 518 556 604 626; x_wconf 89' lang='lat' dir='ltr'>novi</span> <span class='ocrx_word' id='word_1_23' title='bbox 619 555 654 647; x_wconf 80' lang='lat'>⁴)</span> <span class='ocrx_word' id='word_1_24' title='bbox 667 557 784 625; x_wconf 89' lang='lat' dir='ltr'>cordis</span> <span class='ocrx_word' id='word_1_25' title='bbox 801 555 872 626; x_wconf 87' lang='lat' dir='ltr'>vita</span> <span class='ocrx_word' id='word_1_26' title='bbox 891 567 954 641; x_wconf 90' lang='lat' dir='ltr'>est,</span> <span class='ocrx_word' id='word_1_27' title='bbox 979 579 1054 624; x_wconf 90' lang='lat' dir='ltr'>non</span> 
     </span>
     <span class='ocr_line' id='line_1_5' title="bbox 35 651 1055 748; baseline 0.005 -26"><span class='ocrx_word' id='word_1_28' title='bbox 35 733 39 736; x_wconf 45' lang='grc'><strong>,</strong></span> <span class='ocrx_word' id='word_1_29' title='bbox 78 668 207 724; x_wconf 89' lang='lat' dir='ltr'>mortua</span> <span class='ocrx_word' id='word_1_30' title='bbox 221 654 343 742; x_wconf 90' lang='lat' dir='ltr'>litera,</span> <span class='ocrx_word' id='word_1_31' title='bbox 369 680 445 729; x_wconf 94' lang='lat' dir='ltr'>non</span> <span class='ocrx_word' id='word_1_32' title='bbox 465 659 615 748; x_wconf 84' lang='lat' dir='ltr'>frigidae</span> <span class='ocrx_word' id='word_1_33' title='bbox 628 658 851 728; x_wconf 73' lang='lat' dir='ltr'>inventiones</span> <span class='ocrx_word' id='word_1_34' title='bbox 866 651 1055 742; x_wconf 87' lang='lat' dir='ltr'>humanae,</span> 
     </span>
     <span class='ocr_line' id='line_1_6' title="bbox 77 757 437 834; baseline 0.019 -12"><span class='ocrx_word' id='word_1_35' title='bbox 77 757 227 828; x_wconf 88' lang='lat' dir='ltr'>sedvera</span> <span class='ocrx_word' id='word_1_36' title='bbox 245 771 339 834; x_wconf 91' lang='lat' dir='ltr'>sunt.</span> <span class='ocrx_word' id='word_1_37' title='bbox 433 760 437 768; x_wconf 84' lang='lat'>&#39;</span> 
     </span>
    </p>
   </div>
   <div class='ocr_carea' id='block_1_3' title="bbox 361 926 751 1028">
    <p class='ocr_par' dir='ltr' id='par_1_3' title="bbox 361 926 751 1028">
     <span class='ocr_line' id='line_1_7' title="bbox 361 926 751 1028; baseline 0.01 -27"><span class='ocrx_word' id='word_1_38' title='bbox 361 926 528 1028; x_wconf 78' lang='lat' dir='ltr'>Spiritus</span> <span class='ocrx_word' id='word_1_39' title='bbox 557 940 608 1003; x_wconf 90' lang='lat' dir='ltr'>est</span> <span class='ocrx_word' id='word_1_40' title='bbox 631 927 751 1005; x_wconf 83' lang='lat' dir='ltr'>Deus.</span> 
     </span>
    </p>
   </div>
   <div class='ocr_carea' id='block_1_4' title="bbox 75 1061 1055 1358">
    <p class='ocr_par' dir='ltr' id='par_1_4' title="bbox 75 1048 1055 1358">
     <span class='ocr_line' id='line_1_8' title="bbox 165 1061 1055 1161; baseline 0.001 -27"><span class='ocrx_word' id='word_1_41' title='bbox 165 1061 256 1135; x_wconf 86' lang='lat' dir='ltr'>Nam</span> <span class='ocrx_word' id='word_1_42' title='bbox 274 1068 438 1138; x_wconf 89' lang='lat' dir='ltr'>animalis</span> <span class='ocrx_word' id='word_1_43' title='bbox 460 1063 568 1140; x_wconf 91' lang='lat' dir='ltr'>homo</span> <span class='ocrx_word' id='word_1_44' title='bbox 593 1093 669 1140; x_wconf 92' lang='lat' dir='ltr'>nou</span> <span class='ocrx_word' id='word_1_45' title='bbox 693 1067 841 1161; x_wconf 77' lang='lat' dir='ltr'>percipit</span> <span class='ocrx_word' id='word_1_46' title='bbox 865 1091 924 1153; x_wconf 89' lang='lat' dir='ltr'>ea,</span> <span class='ocrx_word' id='word_1_47' title='bbox 963 1090 1055 1160; x_wconf 88' lang='lat' dir='ltr'>quae</span> 
     </span>
     <span class='ocr_line' id='line_1_9' title="bbox 76 1167 1054 1264; baseline 0.005 -33"><span class='ocrx_word' id='word_1_48' title='bbox 76 1177 150 1234; x_wconf 90' lang='lat' dir='ltr'>sunt</span> <span class='ocrx_word' id='word_1_49' title='bbox 178 1167 343 1262; x_wconf 87' lang='lat' dir='ltr'>spiritus,</span> <span class='ocrx_word' id='word_1_50' title='bbox 381 1171 406 1246; x_wconf 90' lang='lat' dir='ltr'>i.</span> <span class='ocrx_word' id='word_1_51' title='bbox 426 1195 457 1246; x_wconf 89' lang='lat' dir='ltr'>e.</span> <span class='ocrx_word' id='word_1_52' title='bbox 482 1172 648 1264; x_wconf 90' lang='lat' dir='ltr'>spiritum</span> <span class='ocrx_word' id='word_1_53' title='bbox 672 1194 747 1241; x_wconf 93' lang='lat' dir='ltr'>non</span> <span class='ocrx_word' id='word_1_54' title='bbox 776 1170 956 1261; x_wconf 80' lang='lat' dir='ltr'>cognoscit</span> <span class='ocrx_word' id='word_1_55' title='bbox 984 1169 1054 1238; x_wconf 88' lang='lat' dir='ltr'>nisi</span> 
     </span>
     <span class='ocr_line' id='line_1_10' title="bbox 75 1267 221 1358; baseline 0.055 -26"><span class='ocrx_word' id='word_1_56' title='bbox 75 1267 221 1358; x_wconf 87' lang='lat' dir='ltr'>spiritus.</span> 
     </span>
    </p>
   </div>
   <div class='ocr_carea' id='block_1_5' title="bbox 292 1416 822 1522">
    <p class='ocr_par' dir='ltr' id='par_1_5' title="bbox 292 1416 822 1522">
     <span class='ocr_line' id='line_1_11' title="bbox 292 1416 822 1522; baseline 0.006 -31"><span class='ocrx_word' id='word_1_57' title='bbox 292 1417 378 1494; x_wconf 86' lang='lat' dir='ltr'>Seio</span> <span class='ocrx_word' id='word_1_58' title='bbox 401 1418 503 1522; x_wconf 84' lang='lat' dir='ltr'>quod</span> <span class='ocrx_word' id='word_1_59' title='bbox 523 1416 689 1494; x_wconf 86' lang='lat' dir='ltr'>Messias</span> <span class='ocrx_word' id='word_1_60' title='bbox 717 1418 822 1495; x_wconf 74' lang='lat' dir='ltr'>venit.</span> 
     </span>
    </p>
   </div>
   <div class='ocr_carea' id='block_1_6' title="bbox 73 1550 1054 1955">
    <p class='ocr_par' dir='ltr' id='par_1_6' title="bbox 73 1550 1054 1955">
     <span class='ocr_line' id='line_1_12' title="bbox 172 1550 1052 1646; baseline -0.003 -18"><span class='ocrx_word' id='word_1_61' title='bbox 172 1553 279 1646; x_wconf 87' lang='lat' dir='ltr'>Quod</span> <span class='ocrx_word' id='word_1_62' title='bbox 315 1559 525 1630; x_wconf 82' lang='lat' dir='ltr'>muliercula</span> <span class='ocrx_word' id='word_1_63' title='bbox 555 1559 660 1645; x_wconf 88' lang='lat' dir='ltr'>dicit,</span> <span class='ocrx_word' id='word_1_64' title='bbox 707 1567 743 1629; x_wconf 89' lang='lat' dir='ltr'>se</span> <span class='ocrx_word' id='word_1_65' title='bbox 761 1557 851 1628; x_wconf 90' lang='lat' dir='ltr'>scire</span> <span class='ocrx_word' id='word_1_66' title='bbox 871 1550 1052 1628; x_wconf 89' lang='lat' dir='ltr'>Christum</span> 
     </span>
     <span class='ocr_line' id='line_1_13' title="bbox 74 1659 1054 1755; baseline 0.006 -33"><span class='ocrx_word' id='word_1_67' title='bbox 74 1670 275 1742; x_wconf 88' lang='lat' dir='ltr'>venturum,</span> <span class='ocrx_word' id='word_1_68' title='bbox 300 1684 341 1729; x_wconf 92' lang='lat' dir='ltr'>eo</span> <span class='ocrx_word' id='word_1_69' title='bbox 357 1661 532 1751; x_wconf 75' lang='lat' dir='ltr'>pertinet,</span> <span class='ocrx_word' id='word_1_70' title='bbox 556 1661 653 1755; x_wconf 92' lang='lat' dir='ltr'>quod</span> <span class='ocrx_word' id='word_1_71' title='bbox 670 1673 704 1731; x_wconf 90' lang='lat' dir='ltr'>et</span> <span class='ocrx_word' id='word_1_72' title='bbox 719 1660 883 1748; x_wconf 86' lang='lat' dir='ltr'>gentibus</span> <span class='ocrx_word' id='word_1_73' title='bbox 900 1659 1054 1750; x_wconf 89' lang='lat' dir='ltr'>promis·</span> 
     </span>
     <span class='ocr_line' id='line_1_14' title="bbox 73 1757 1052 1858; baseline 0.006 -32"><span class='ocrx_word' id='word_1_74' title='bbox 73 1779 126 1828; x_wconf 88' lang='lat' dir='ltr'>sus</span> <span class='ocrx_word' id='word_1_75' title='bbox 152 1773 201 1832; x_wconf 88' lang='lat' dir='ltr'>est</span> <span class='ocrx_word' id='word_1_76' title='bbox 229 1757 413 1848; x_wconf 88' lang='lat' dir='ltr'>Christus,</span> <span class='ocrx_word' id='word_1_77' title='bbox 466 1785 670 1858; x_wconf 89' lang='lat' dir='ltr'>quanquam</span> <span class='ocrx_word' id='word_1_78' title='bbox 706 1765 751 1832; x_wconf 90' lang='lat' dir='ltr'>ad</span> <span class='ocrx_word' id='word_1_79' title='bbox 782 1762 878 1832; x_wconf 92' lang='lat' dir='ltr'>solos</span> <span class='ocrx_word' id='word_1_80' title='bbox 904 1761 1052 1832; x_wconf 90' lang='lat' dir='ltr'>ludaeos</span> 
     </span>
     <span class='ocr_line' id='line_1_15' title="bbox 73 1860 550 1955; baseline 0.019 -28"><span class='ocrx_word' id='word_1_81' title='bbox 73 1860 173 1932; x_wconf 86' lang='lat' dir='ltr'>tactae</span> <span class='ocrx_word' id='word_1_82' title='bbox 187 1877 273 1936; x_wconf 88' lang='lat' dir='ltr'>sunt</span> <span class='ocrx_word' id='word_1_83' title='bbox 286 1863 550 1955; x_wconf 72' lang='lat' dir='ltr'>promissiones.</span> 
     </span>
    </p>
   </div>
   <div class='ocr_carea' id='block_1_7' title="bbox 203 2027 919 2131">
    <p class='ocr_par' dir='ltr' id='par_1_7' title="bbox 203 2027 919 2131">
     <span class='ocr_line' id='line_1_16' title="bbox 203 2027 919 2131; baseline 0.004 -26"><span class='ocrx_word' id='word_1_84' title='bbox 203 2029 392 2106; x_wconf 81' lang='lat' dir='ltr'>Venerunt</span> <span class='ocrx_word' id='word_1_85' title='bbox 415 2027 594 2131; x_wconf 84' lang='lat' dir='ltr'>discipuli</span> <span class='ocrx_word' id='word_1_86' title='bbox 615 2043 647 2105; x_wconf 94' lang='lat' dir='ltr'>et</span> <span class='ocrx_word' id='word_1_87' title='bbox 670 2032 919 2109; x_wconf 85' lang='lat' dir='ltr'>mirabantur.</span> 
     </span>
    </p>
   </div>
   <div class='ocr_carea' id='block_1_8' title="bbox 72 2166 1052 2772">
    <p class='ocr_par' dir='ltr' id='par_1_8' title="bbox 72 2166 1052 2772">
     <span class='ocr_line' id='line_1_17' title="bbox 166 2166 1052 2262; baseline -0.002 -22"><span class='ocrx_word' id='word_1_88' title='bbox 166 2166 275 2258; x_wconf 87' lang='lat' dir='ltr'>Quod</span> <span class='ocrx_word' id='word_1_89' title='bbox 292 2171 458 2262; x_wconf 91' lang='lat' dir='ltr'>discipuli</span> <span class='ocrx_word' id='word_1_90' title='bbox 474 2172 696 2243; x_wconf 81' lang='lat' dir='ltr'>mirabantur</span> <span class='ocrx_word' id='word_1_91' title='bbox 717 2197 797 2244; x_wconf 89' lang='lat' dir='ltr'>curn</span> <span class='ocrx_word' id='word_1_92' title='bbox 810 2171 960 2242; x_wconf 89' lang='lat' dir='ltr'>muliere</span> <span class='ocrx_word' id='word_1_93' title='bbox 976 2169 1052 2239; x_wconf 89' lang='lat' dir='ltr'>col-</span> 
     </span>
     <span class='ocr_line' id='line_1_18' title="bbox 72 2269 1051 2368; baseline 0.003 -32"><span class='ocrx_word' id='word_1_94' title='bbox 72 2269 289 2363; x_wconf 85' lang='lat' dir='ltr'>loquentem,</span> <span class='ocrx_word' id='word_1_95' title='bbox 321 2273 446 2363; x_wconf 86' lang='lat' dir='ltr'>figurat</span> <span class='ocrx_word' id='word_1_96' title='bbox 468 2276 526 2358; x_wconf 94' lang='lat' dir='ltr'>id,</span> <span class='ocrx_word' id='word_1_97' title='bbox 557 2274 654 2368; x_wconf 87' lang='lat' dir='ltr'>quod</span> <span class='ocrx_word' id='word_1_98' title='bbox 674 2287 708 2345; x_wconf 89' lang='lat' dir='ltr'>et</span> <span class='ocrx_word' id='word_1_99' title='bbox 725 2272 845 2344; x_wconf 90' lang='lat' dir='ltr'>ludaei</span> <span class='ocrx_word' id='word_1_100' title='bbox 870 2273 1051 2343; x_wconf 89' lang='lat' dir='ltr'>miraban-</span> 
     </span>
     <span class='ocr_line' id='line_1_19' title="bbox 73 2370 1052 2469; baseline 0.004 -29"><span class='ocrx_word' id='word_1_101' title='bbox 73 2383 141 2457; x_wconf 91' lang='lat' dir='ltr'>tur,</span> <span class='ocrx_word' id='word_1_102' title='bbox 166 2387 287 2464; x_wconf 77' lang='lat' dir='ltr'>gentes</span> <span class='ocrx_word' id='word_1_103' title='bbox 309 2375 450 2444; x_wconf 89' lang='lat' dir='ltr'>assumi.</span> <span class='ocrx_word' id='word_1_104' title='bbox 500 2371 549 2448; x_wconf 83' lang='lat' dir='ltr'>Et</span> <span class='ocrx_word' id='word_1_105' title='bbox 570 2377 667 2469; x_wconf 91' lang='lat' dir='ltr'>quod</span> <span class='ocrx_word' id='word_1_106' title='bbox 688 2399 761 2445; x_wconf 91' lang='lat' dir='ltr'>nou</span> <span class='ocrx_word' id='word_1_107' title='bbox 785 2370 1052 2468; x_wconf 88' lang='lat' dir='ltr'>reprehendunt</span> 
     </span>
     <span class='ocr_line' id='line_1_20' title="bbox 73 2473 1052 2569; baseline 0.007 -30"><span class='ocrx_word' id='word_1_108' title='bbox 73 2473 228 2567; x_wconf 91' lang='lat' dir='ltr'>discipuli</span> <span class='ocrx_word' id='word_1_109' title='bbox 258 2477 519 2569; x_wconf 87' lang='lat' dir='ltr'>colloquentem</span> <span class='ocrx_word' id='word_1_110' title='bbox 543 2502 624 2548; x_wconf 85' lang='lat' dir='ltr'>cunr</span> <span class='ocrx_word' id='word_1_111' title='bbox 653 2479 820 2565; x_wconf 90' lang='lat' dir='ltr'>muliere,</span> <span class='ocrx_word' id='word_1_112' title='bbox 869 2476 1052 2566; x_wconf 85' lang='lat' dir='ltr'>significat,</span> 
     </span>
     <span class='ocr_line' id='line_1_21' title="bbox 72 2569 1052 2671; baseline 0.006 -31"><span class='ocrx_word' id='word_1_113' title='bbox 72 2569 213 2650; x_wconf 91' lang='lat' dir='ltr'>ludaeos</span> <span class='ocrx_word' id='word_1_114' title='bbox 230 2593 369 2649; x_wconf 87' lang='lat' dir='ltr'>coactos</span> <span class='ocrx_word' id='word_1_115' title='bbox 381 2579 555 2671; x_wconf 87' lang='lat' dir='ltr'>scriptura</span> <span class='ocrx_word' id='word_1_116' title='bbox 570 2593 604 2651; x_wconf 92' lang='lat' dir='ltr'>et</span> <span class='ocrx_word' id='word_1_117' title='bbox 617 2578 727 2671; x_wconf 85' lang='lat' dir='ltr'>signis</span> <span class='ocrx_word' id='word_1_118' title='bbox 744 2581 832 2666; x_wconf 90' lang='lat' dir='ltr'>Dei,</span> <span class='ocrx_word' id='word_1_119' title='bbox 855 2595 894 2652; x_wconf 89' lang='lat' dir='ltr'>ut</span> <span class='ocrx_word' id='word_1_120' title='bbox 909 2579 1052 2670; x_wconf 88' lang='lat' dir='ltr'>praedi-</span> 
     </span>
     <span class='ocr_line' id='line_1_22' title="bbox 72 2678 620 2772; baseline 0.024 -30"><span class='ocrx_word' id='word_1_121' title='bbox 72 2678 428 2771; x_wconf 82' lang='lat' dir='ltr'>carentEvangelium</span> <span class='ocrx_word' id='word_1_122' title='bbox 446 2681 620 2772; x_wconf 80' lang='lat' dir='ltr'>gentibus.</span> 
     </span>
    </p>
   </div>
   <div class='ocr_carea' id='block_1_9' title="bbox 176 2843 952 2950">
    <p class='ocr_par' dir='ltr' id='par_1_9' title="bbox 176 2843 952 2950">
     <span class='ocr_line' id='line_1_23' title="bbox 176 2843 952 2950; baseline 0.005 -30"><span class='ocrx_word' id='word_1_123' title='bbox 176 2843 328 2921; x_wconf 77' lang='lat' dir='ltr'>Interea</span> <span class='ocrx_word' id='word_1_124' title='bbox 354 2845 540 2945; x_wconf 80' lang='lat' dir='ltr'>rogabant</span> <span class='ocrx_word' id='word_1_125' title='bbox 568 2873 648 2922; x_wconf 84' lang='lat' dir='ltr'>eum</span> <span class='ocrx_word' id='word_1_126' title='bbox 669 2847 849 2950; x_wconf 85' lang='lat' dir='ltr'>discipuli</span> <span class='ocrx_word' id='word_1_127' title='bbox 869 2858 952 2932; x_wconf 73' lang='lat' dir='ltr'>etet</span> 
     </span>
    </p>
   </div>
   <div class='ocr_carea' id='block_1_10' title="bbox 71 2981 1071 4704">
    <p class='ocr_par' dir='ltr' id='par_1_10' title="bbox 71 2981 1071 4704">
     <span class='ocr_line' id='line_1_24' title="bbox 166 2981 1053 3080; baseline 0.003 -24"><span class='ocrx_word' id='word_1_128' title='bbox 166 2981 262 3074; x_wconf 87' lang='lat' dir='ltr'>Quia</span> <span class='ocrx_word' id='word_1_129' title='bbox 276 2984 347 3056; x_wconf 91' lang='lat' dir='ltr'>iarn</span> <span class='ocrx_word' id='word_1_130' title='bbox 361 2983 605 3058; x_wconf 84' lang='lat' dir='ltr'>Samaritanae</span> <span class='ocrx_word' id='word_1_131' title='bbox 626 2986 856 3058; x_wconf 87' lang='lat' dir='ltr'>mulierculae</span> <span class='ocrx_word' id='word_1_132' title='bbox 868 2987 1053 3080; x_wconf 88' lang='lat' dir='ltr'>praedica-</span> 
     </span>
     <span class='ocr_line' id='line_1_25' title="bbox 73 3083 1052 3183; baseline 0.011 -33"><span class='ocrx_word' id='word_1_133' title='bbox 73 3099 162 3158; x_wconf 82' lang='lat' dir='ltr'>verat</span> <span class='ocrx_word' id='word_1_134' title='bbox 177 3083 360 3171; x_wconf 82' lang='lat' dir='ltr'>Christus,</span> <span class='ocrx_word' id='word_1_135' title='bbox 388 3100 422 3157; x_wconf 91' lang='lat' dir='ltr'>et</span> <span class='ocrx_word' id='word_1_136' title='bbox 445 3086 611 3177; x_wconf 89' lang='lat' dir='ltr'>discipuli</span> <span class='ocrx_word' id='word_1_137' title='bbox 634 3087 877 3180; x_wconf 87' lang='lat' dir='ltr'>mirabantur,</span> <span class='ocrx_word' id='word_1_138' title='bbox 904 3093 999 3183; x_wconf 93' lang='lat' dir='ltr'>quod</span> <span class='ocrx_word' id='word_1_139' title='bbox 1017 3105 1052 3162; x_wconf 87' lang='lat' dir='ltr'>et</span> 
     </span>
     <span class='ocr_line' id='line_1_26' title="bbox 73 3184 1053 3283; baseline 0.008 -29"><span class='ocrx_word' id='word_1_140' title='bbox 73 3189 228 3274; x_wconf 82' lang='lat' dir='ltr'>gentibus</span> <span class='ocrx_word' id='word_1_141' title='bbox 256 3188 489 3278; x_wconf 86' lang='lat' dir='ltr'>praedicaret,</span> <span class='ocrx_word' id='word_1_142' title='bbox 521 3184 582 3258; x_wconf 92' lang='lat' dir='ltr'>hic</span> <span class='ocrx_word' id='word_1_143' title='bbox 604 3191 726 3274; x_wconf 91' lang='lat' dir='ltr'>docet,</span> <span class='ocrx_word' id='word_1_144' title='bbox 757 3189 889 3260; x_wconf 88' lang='lat' dir='ltr'>instare</span> <span class='ocrx_word' id='word_1_145' title='bbox 913 3205 1053 3283; x_wconf 89' lang='lat' dir='ltr'>tempus</span> 
     </span>
     <span class='ocr_line' id='line_1_27' title="bbox 72 3287 1053 3384; baseline 0.007 -28"><span class='ocrx_word' id='word_1_146' title='bbox 72 3289 291 3377; x_wconf 88' lang='lat' dir='ltr'>praedicandi</span> <span class='ocrx_word' id='word_1_147' title='bbox 308 3287 543 3380; x_wconf 87' lang='lat' dir='ltr'>Evangelium</span> <span class='ocrx_word' id='word_1_148' title='bbox 561 3291 625 3362; x_wconf 92' lang='lat' dir='ltr'>toti</span> <span class='ocrx_word' id='word_1_149' title='bbox 649 3292 800 3361; x_wconf 86' lang='lat' dir='ltr'>mundo:</span> <span class='ocrx_word' id='word_1_150' title='bbox 832 3295 894 3363; x_wconf 88' lang='lat' dir='ltr'>sed</span> <span class='ocrx_word' id='word_1_151' title='bbox 916 3307 1053 3384; x_wconf 91' lang='lat' dir='ltr'>postea-</span> 
     </span>
     <span class='ocr_line' id='line_1_28' title="bbox 72 3391 1053 3488; baseline 0.005 -29"><span class='ocrx_word' id='word_1_152' title='bbox 72 3413 169 3480; x_wconf 88' lang='lat' dir='ltr'>quam</span> <span class='ocrx_word' id='word_1_153' title='bbox 194 3392 270 3483; x_wconf 89' lang='lat' dir='ltr'>ipse</span> <span class='ocrx_word' id='word_1_154' title='bbox 293 3414 414 3483; x_wconf 88' lang='lat' dir='ltr'>passus</span> <span class='ocrx_word' id='word_1_155' title='bbox 435 3392 498 3473; x_wconf 89' lang='lat' dir='ltr'>sit,</span> <span class='ocrx_word' id='word_1_156' title='bbox 536 3391 618 3462; x_wconf 92' lang='lat' dir='ltr'>ideo</span> <span class='ocrx_word' id='word_1_157' title='bbox 643 3394 687 3462; x_wconf 90' lang='lat' dir='ltr'>de</span> <span class='ocrx_word' id='word_1_158' title='bbox 709 3393 870 3486; x_wconf 86' lang='lat' dir='ltr'>passione</span> <span class='ocrx_word' id='word_1_159' title='bbox 892 3418 955 3465; x_wconf 94' lang='lat' dir='ltr'>sua</span> <span class='ocrx_word' id='word_1_160' title='bbox 978 3396 1053 3488; x_wconf 91' lang='lat' dir='ltr'>pri-</span> 
     </span>
     <span class='ocr_line' id='line_1_29' title="bbox 71 3489 1052 3586; baseline 0.01 -28"><span class='ocrx_word' id='word_1_161' title='bbox 71 3513 160 3561; x_wconf 88' lang='lat' dir='ltr'>mum</span> <span class='ocrx_word' id='word_1_162' title='bbox 190 3494 361 3586; x_wconf 89' lang='lat' dir='ltr'>loquitur.</span> <span class='ocrx_word' id='word_1_163' title='bbox 426 3489 503 3585; x_wconf 76' lang='lat' dir='ltr'>Ego</span> <span class='ocrx_word' id='word_1_164' title='bbox 538 3495 659 3565; x_wconf 89' lang='lat' dir='ltr'>cibum</span> <span class='ocrx_word' id='word_1_165' title='bbox 684 3497 896 3566; x_wconf 87' lang='lat' dir='ltr'>manducare</span> <span class='ocrx_word' id='word_1_166' title='bbox 925 3491 1052 3579; x_wconf 88' lang='lat' dir='ltr'>habeo,</span> 
     </span>
     <span class='ocr_line' id='line_1_30' title="bbox 73 3591 1053 3685; baseline 0.01 -26"><span class='ocrx_word' id='word_1_167' title='bbox 73 3615 168 3684; x_wconf 87' lang='lat' dir='ltr'>quern</span> <span class='ocrx_word' id='word_1_168' title='bbox 192 3619 257 3664; x_wconf 92' lang='lat' dir='ltr'>vos</span> <span class='ocrx_word' id='word_1_169' title='bbox 281 3594 436 3670; x_wconf 90' lang='lat' dir='ltr'>nescitis.</span> <span class='ocrx_word' id='word_1_170' title='bbox 485 3591 534 3666; x_wconf 86' lang='lat' dir='ltr'>Et</span> <span class='ocrx_word' id='word_1_171' title='bbox 555 3597 702 3667; x_wconf 91' lang='lat' dir='ltr'>deinde:</span> <span class='ocrx_word' id='word_1_172' title='bbox 740 3594 852 3668; x_wconf 90' lang='lat' dir='ltr'>Cibus</span> <span class='ocrx_word' id='word_1_173' title='bbox 872 3621 971 3668; x_wconf 90' lang='lat' dir='ltr'>meus</span> <span class='ocrx_word' id='word_1_174' title='bbox 991 3612 1053 3685; x_wconf 90' lang='lat' dir='ltr'>est,</span> 
     </span>
     <span class='ocr_line' id='line_1_31' title="bbox 72 3697 1050 3792; baseline 0.009 -30"><span class='ocrx_word' id='word_1_175' title='bbox 72 3707 107 3764; x_wconf 93' lang='lat' dir='ltr'>ut</span> <span class='ocrx_word' id='word_1_176' title='bbox 121 3697 246 3766; x_wconf 84' lang='lat' dir='ltr'>faciam</span> <span class='ocrx_word' id='word_1_177' title='bbox 261 3698 481 3770; x_wconf 87' lang='lat' dir='ltr'>voluntatem</span> <span class='ocrx_word' id='word_1_178' title='bbox 499 3698 592 3785; x_wconf 90' lang='lat' dir='ltr'>eius,</span> <span class='ocrx_word' id='word_1_179' title='bbox 617 3699 679 3792; x_wconf 91' lang='lat' dir='ltr'>qui</span> <span class='ocrx_word' id='word_1_180' title='bbox 696 3699 791 3769; x_wconf 86' lang='lat' dir='ltr'>misit</span> <span class='ocrx_word' id='word_1_181' title='bbox 814 3723 890 3786; x_wconf 89' lang='lat' dir='ltr'>me,</span> <span class='ocrx_word' id='word_1_182' title='bbox 913 3713 953 3771; x_wconf 94' lang='lat' dir='ltr'>ut</span> <span class='ocrx_word' id='word_1_183' title='bbox 968 3724 1050 3791; x_wconf 88' lang='lat' dir='ltr'>per-</span> 
     </span>
     <span class='ocr_line' id='line_1_32' title="bbox 71 3794 1050 3896; baseline 0.017 -35"><span class='ocrx_word' id='word_1_184' title='bbox 71 3794 177 3866; x_wconf 83' lang='lat' dir='ltr'>ficiam</span> <span class='ocrx_word' id='word_1_185' title='bbox 193 3823 284 3890; x_wconf 90' lang='lat' dir='ltr'>opus</span> <span class='ocrx_word' id='word_1_186' title='bbox 300 3799 389 3896; x_wconf 81' lang='lat' dir='ltr'>eius.</span> <span class='ocrx_word' id='word_1_187' title='bbox 440 3796 548 3888; x_wconf 88' lang='lat' dir='ltr'>Quod</span> <span class='ocrx_word' id='word_1_188' title='bbox 570 3822 633 3889; x_wconf 84' lang='lat' dir='ltr'>ego</span> <span class='ocrx_word' id='word_1_189' title='bbox 656 3801 705 3870; x_wconf 94' lang='lat' dir='ltr'>sic</span> <span class='ocrx_word' id='word_1_190' title='bbox 728 3801 880 3892; x_wconf 86' lang='lat' dir='ltr'>accipio,</span> <span class='ocrx_word' id='word_1_191' title='bbox 906 3817 946 3873; x_wconf 91' lang='lat' dir='ltr'>ut</span> <span class='ocrx_word' id='word_1_192' title='bbox 962 3801 1050 3878; x_wconf 82' lang='lat' dir='ltr'>Luc.</span> 
     </span>
     <span class='ocr_line' id='line_1_33' title="bbox 72 3893 1051 3999; baseline 0.009 -35"><span class='ocrx_word' id='word_1_193' title='bbox 72 3893 147 3972; x_wconf 82' lang='grc' dir='ltr'>ΧΠ.</span> <span class='ocrx_word' id='word_1_194' title='bbox 170 3901 318 3973; x_wconf 92' lang='lat' dir='ltr'>dicitur:</span> <span class='ocrx_word' id='word_1_195' title='bbox 349 3899 532 3992; x_wconf 89' lang='lat' dir='ltr'>Baptismo</span> <span class='ocrx_word' id='word_1_196' title='bbox 556 3896 670 3972; x_wconf 89' lang='lat' dir='ltr'>babeo</span> <span class='ocrx_word' id='word_1_197' title='bbox 691 3903 880 3993; x_wconf 86' lang='lat' dir='ltr'>baptizari,</span> <span class='ocrx_word' id='word_1_198' title='bbox 910 3918 945 3975; x_wconf 93' lang='lat' dir='ltr'>et</span> <span class='ocrx_word' id='word_1_199' title='bbox 961 3929 1051 3999; x_wconf 90' lang='lat' dir='ltr'>quo-</span> 
     </span>
     <span class='ocr_line' id='line_1_34' title="bbox 72 4001 1049 4095; baseline 0.01 -29"><span class='ocrx_word' id='word_1_200' title='bbox 72 4003 170 4072; x_wconf 89' lang='lat' dir='ltr'>modo</span> <span class='ocrx_word' id='word_1_201' title='bbox 188 4016 348 4073; x_wconf 87' lang='lat' dir='ltr'>coarctor</span> <span class='ocrx_word' id='word_1_202' title='bbox 369 4025 481 4095; x_wconf 91' lang='lat' dir='ltr'>usque</span> <span class='ocrx_word' id='word_1_203' title='bbox 506 4005 591 4074; x_wconf 90' lang='lat' dir='ltr'>dum</span> <span class='ocrx_word' id='word_1_204' title='bbox 614 4001 841 4095; x_wconf 64' lang='lat' dir='ltr'>perficiatur?</span> <span class='ocrx_word' id='word_1_205' title='bbox 884 4004 1049 4078; x_wconf 88' lang='lat' dir='ltr'>Secundo</span> 
     </span>
     <span class='ocr_line' id='line_1_35' title="bbox 71 4095 1049 4198; baseline 0.008 -30"><span class='ocrx_word' id='word_1_206' title='bbox 71 4095 224 4186; x_wconf 78' lang='lat' dir='ltr'>subiicit,</span> <span class='ocrx_word' id='word_1_207' title='bbox 250 4106 381 4176; x_wconf 88' lang='lat' dir='ltr'>instare</span> <span class='ocrx_word' id='word_1_208' title='bbox 402 4119 541 4197; x_wconf 89' lang='lat' dir='ltr'>tempus</span> <span class='ocrx_word' id='word_1_209' title='bbox 563 4106 792 4195; x_wconf 89' lang='lat' dir='ltr'>praedicandi</span> <span class='ocrx_word' id='word_1_210' title='bbox 805 4103 993 4198; x_wconf 83' lang='lat' dir='ltr'>Evangelii</span> <span class='ocrx_word' id='word_1_211' title='bbox 1011 4108 1049 4176; x_wconf 92' lang='lat' dir='ltr'>in</span> 
     </span>
     <span class='ocr_line' id='line_1_36' title="bbox 71 4207 1050 4299; baseline 0.008 -29"><span class='ocrx_word' id='word_1_212' title='bbox 71 4213 139 4272; x_wconf 89' lang='lat' dir='ltr'>toto</span> <span class='ocrx_word' id='word_1_213' title='bbox 160 4209 317 4291; x_wconf 91' lang='lat' dir='ltr'>mundo,</span> <span class='ocrx_word' id='word_1_214' title='bbox 346 4208 440 4299; x_wconf 89' lang='lat' dir='ltr'>quod</span> <span class='ocrx_word' id='word_1_215' title='bbox 465 4229 563 4294; x_wconf 82' lang='lat' dir='ltr'>seges</span> <span class='ocrx_word' id='word_1_216' title='bbox 586 4207 656 4277; x_wconf 88' lang='lat' dir='ltr'>iam</span> <span class='ocrx_word' id='word_1_217' title='bbox 675 4209 828 4279; x_wconf 86' lang='lat' dir='ltr'>albescat</span> <span class='ocrx_word' id='word_1_218' title='bbox 843 4223 878 4280; x_wconf 89' lang='lat' dir='ltr'>et</span> <span class='ocrx_word' id='word_1_219' title='bbox 891 4226 1050 4281; x_wconf 89' lang='lat' dir='ltr'>matura-</span> 
     </span>
     <span class='ocr_line' id='line_1_37' title="bbox 72 4305 1071 4401; baseline 0.014 -34"><span class='ocrx_word' id='word_1_220' title='bbox 72 4305 173 4391; x_wconf 84' lang='lat' dir='ltr'>verit,</span> <span class='ocrx_word' id='word_1_221' title='bbox 198 4309 222 4382; x_wconf 84' lang='lat' dir='ltr'>i.</span> <span class='ocrx_word' id='word_1_222' title='bbox 239 4333 269 4382; x_wconf 87' lang='lat' dir='ltr'>e.</span> <span class='ocrx_word' id='word_1_223' title='bbox 283 4321 352 4389; x_wconf 84' lang='lat' dir='ltr'>tem</span> <span class='ocrx_word' id='word_1_224' title='bbox 357 4331 423 4400; x_wconf 90' lang='lat' dir='ltr'>pus</span> <span class='ocrx_word' id='word_1_225' title='bbox 438 4308 664 4400; x_wconf 81' lang='lat' dir='ltr'>praefinitum</span> <span class='ocrx_word' id='word_1_226' title='bbox 680 4309 718 4378; x_wconf 92' lang='lat' dir='ltr'>iu</span> <span class='ocrx_word' id='word_1_227' title='bbox 734 4310 918 4401; x_wconf 89' lang='lat' dir='ltr'>scripturis</span> <span class='ocrx_word' id='word_1_228' title='bbox 932 4313 1050 4398; x_wconf 86' lang='lat' dir='ltr'>instet,</span> <span class='ocrx_word' id='word_1_229' title='bbox 1070 4387 1071 4392; x_wconf 13' lang='lat' dir='ltr'>g</span> 
     </span>
     <span class='ocr_line' id='line_1_38' title="bbox 72 4410 1047 4502; baseline 0.016 -32"><span class='ocrx_word' id='word_1_230' title='bbox 72 4425 144 4474; x_wconf 88' lang='lat' dir='ltr'>curn</span> <span class='ocrx_word' id='word_1_231' title='bbox 165 4410 235 4479; x_wconf 90' lang='lat' dir='ltr'>iarn</span> <span class='ocrx_word' id='word_1_232' title='bbox 252 4412 356 4479; x_wconf 89' lang='lat' dir='ltr'>etiam</span> <span class='ocrx_word' id='word_1_233' title='bbox 379 4423 499 4499; x_wconf 79' lang='lat' dir='ltr'>gentes</span> <span class='ocrx_word' id='word_1_234' title='bbox 522 4411 720 4502; x_wconf 86' lang='lat' dir='ltr'>inciperent</span> <span class='ocrx_word' id='word_1_235' title='bbox 743 4413 896 4487; x_wconf 90' lang='lat' dir='ltr'>credere.</span> <span class='ocrx_word' id='word_1_236' title='bbox 947 4412 1047 4486; x_wconf 88' lang='lat' dir='ltr'>Sicut</span> 
     </span>
     <span class='ocr_line' id='line_1_39' title="bbox 72 4505 1047 4609; baseline 0.016 -38"><span class='ocrx_word' id='word_1_237' title='bbox 72 4505 268 4583; x_wconf 79' lang='lat' dir='ltr'>aliusdicit:</span> <span class='ocrx_word' id='word_1_238' title='bbox 295 4512 329 4581; x_wconf 89' lang='lat' dir='ltr'>A</span> <span class='ocrx_word' id='word_1_239' title='bbox 344 4509 471 4582; x_wconf 87' lang='lat' dir='ltr'>diebus</span> <span class='ocrx_word' id='word_1_240' title='bbox 487 4515 631 4582; x_wconf 87' lang='lat' dir='ltr'>Ioannis</span> <span class='ocrx_word' id='word_1_241' title='bbox 653 4537 766 4609; x_wconf 87' lang='lat' dir='ltr'>usque</span> <span class='ocrx_word' id='word_1_242' title='bbox 778 4537 876 4586; x_wconf 92' lang='lat' dir='ltr'>nunc</span> <span class='ocrx_word' id='word_1_243' title='bbox 899 4536 1047 4606; x_wconf 88' lang='lat' dir='ltr'>regnum</span> 
     </span>
     <span class='ocr_line' id='line_1_40' title="bbox 71 4611 493 4704; baseline 0.024 -32"><span class='ocrx_word' id='word_1_244' title='bbox 71 4611 242 4683; x_wconf 86' lang='lat' dir='ltr'>coelorum</span> <span class='ocrx_word' id='word_1_245' title='bbox 259 4615 333 4683; x_wconf 90' lang='lat' dir='ltr'>vim</span> <span class='ocrx_word' id='word_1_246' title='bbox 351 4613 493 4704; x_wconf 89' lang='lat' dir='ltr'>patitur.</span> 
     </span>
    </p>
   </div>
   <div class='ocr_carea' id='block_1_11' title="bbox 413 4777 686 4884">
    <p class='ocr_par' dir='ltr' id='par_1_11' title="bbox 413 4777 686 4884">
     <span class='ocr_line' id='line_1_41' title="bbox 413 4777 686 4884; baseline 0.033 -32"><span class='ocrx_word' id='word_1_247' title='bbox 413 4777 469 4854; x_wconf 89' lang='lat' dir='ltr'>Et</span> <span class='ocrx_word' id='word_1_248' title='bbox 493 4782 560 4884; x_wconf 83' lang='lat' dir='ltr'>qui</span> <span class='ocrx_word' id='word_1_249' title='bbox 580 4784 686 4860; x_wconf 85' lang='lat' dir='ltr'>venit.</span> 
     </span>
    </p>
   </div>
   <div class='ocr_carea' id='block_1_12' title="bbox 72 4913 1048 5122">
    <p class='ocr_par' dir='ltr' id='par_1_12' title="bbox 72 4913 1048 5122">
     <span class='ocr_line' id='line_1_42' title="bbox 159 4913 1047 5018; baseline 0.019 -33"><span class='ocrx_word' id='word_1_250' title='bbox 159 4913 213 4986; x_wconf 91' lang='lat' dir='ltr'>De</span> <span class='ocrx_word' id='word_1_251' title='bbox 235 4919 351 4990; x_wconf 83' lang='lat' dir='ltr'>officio</span> <span class='ocrx_word' id='word_1_252' title='bbox 373 4933 409 4992; x_wconf 88' lang='lat' dir='ltr'>et</span> <span class='ocrx_word' id='word_1_253' title='bbox 423 4923 584 4992; x_wconf 89' lang='lat' dir='ltr'>mercede</span> <span class='ocrx_word' id='word_1_254' title='bbox 600 4922 853 5015; x_wconf 86' lang='lat' dir='ltr'>Apostolorum</span> <span class='ocrx_word' id='word_1_255' title='bbox 876 4925 1047 5018; x_wconf 89' lang='lat' dir='ltr'>loquitur.</span> 
     </span>
     <span class='ocr_line' id='line_1_43' title="bbox 72 5005 1048 5122; baseline 0.015 -37"><span class='ocrx_word' id='word_1_256' title='bbox 72 5005 252 5122; x_wconf 77' lang='lat' dir='ltr'>Apostolos</span> <span class='ocrx_word' id='word_1_257' title='bbox 280 5043 450 5095; x_wconf 83' lang='lat' dir='ltr'>messores</span> <span class='ocrx_word' id='word_1_258' title='bbox 469 5037 607 5097; x_wconf 90' lang='lat' dir='ltr'>tanturn</span> <span class='ocrx_word' id='word_1_259' title='bbox 631 5048 722 5114; x_wconf 90' lang='lat' dir='ltr'>esse,</span> <span class='ocrx_word' id='word_1_260' title='bbox 752 5027 871 5112; x_wconf 86' lang='lat' dir='ltr'>cibum</span> <span class='ocrx_word' id='word_1_261' title='bbox 894 5029 1048 5100; x_wconf 88' lang='lat' dir='ltr'>maudu-</span> 
     </span>
    </p>
   </div>
   <div class='ocr_carea' id='block_1_13' title="bbox 74 5185 270 5213">
    <p class='ocr_par' dir='ltr' id='par_1_13' title="bbox 74 5185 270 5213">
     <span class='ocr_line' id='line_1_44' title="bbox 74 5185 270 5213; baseline 0 0"><span class='ocrx_word' id='word_1_262' title='bbox 74 5185 270 5213; x_wconf 69' lang='grc' dir='ltr'><strong>““““·--·-η</strong></span> 
     </span>
    </p>
   </div>
   <div class='ocr_carea' id='block_1_14' title="bbox 100 5285 988 5434">
    <p class='ocr_par' dir='ltr' id='par_1_14' title="bbox 100 5285 988 5434">
     <span class='ocr_line' id='line_1_45' title="bbox 102 5285 988 5370; baseline 0.005 -24"><span class='ocrx_word' id='word_1_263' title='bbox 102 5285 132 5346; x_wconf 74' lang='lat'>⁸)</span> <span class='ocrx_word' id='word_1_264' title='bbox 150 5289 190 5342; x_wconf 83' lang='lat' dir='ltr'>tet</span> <span class='ocrx_word' id='word_1_265' title='bbox 205 5295 275 5370; x_wconf 74' lang='lat' dir='ltr'>quta</span> <span class='ocrx_word' id='word_1_266' title='bbox 292 5303 348 5344; x_wconf 92' lang='lat' dir='ltr'>non</span> <span class='ocrx_word' id='word_1_267' title='bbox 364 5292 495 5360; x_wconf 76' lang='lat' dir='ltr'>teguntur</span> <span class='ocrx_word' id='word_1_268' title='bbox 512 5294 540 5345; x_wconf 88' lang='lat' dir='ltr'>tn</span> <span class='ocrx_word' id='word_1_269' title='bbox 558 5294 644 5361; x_wconf 55' lang='grc' dir='ltr'>ται,</span> <span class='ocrx_word' id='word_1_270' title='bbox 663 5299 692 5348; x_wconf 85' lang='lat' dir='ltr'>et</span> <span class='ocrx_word' id='word_1_271' title='bbox 709 5300 804 5363; x_wconf 84' lang='lat' dir='ltr'>recte,</span> <span class='ocrx_word' id='word_1_272' title='bbox 822 5299 853 5348; x_wconf 86' lang='lat' dir='ltr'>nt</span> <span class='ocrx_word' id='word_1_273' title='bbox 869 5296 988 5350; x_wconf 82' lang='lat' dir='ltr'>rtdetnr.</span> 
     </span>
     <span class='ocr_line' id='line_1_46' title="bbox 100 5375 313 5434; baseline 0.009 -2"><span class='ocrx_word' id='word_1_274' title='bbox 100 5375 129 5432; x_wconf 82' lang='lat'>⁴)</span> <span class='ocrx_word' id='word_1_275' title='bbox 148 5375 210 5433; x_wconf 71' lang='lat' dir='ltr'>tab.</span> <span class='ocrx_word' id='word_1_276' title='bbox 227 5395 313 5434; x_wconf 80' lang='lat' dir='ltr'>nova.</span> 
     </span>
    </p>
   </div>
   <div class='ocr_carea' id='block_1_15' title="bbox 72 5440 594 5530">
    <p class='ocr_par' dir='ltr' id='par_1_15' title="bbox 72 5440 594 5530">
     <span class='ocr_line' id='line_1_47' title="bbox 72 5440 594 5530; baseline 0.036 -24"><span class='ocrx_word' id='word_1_277' title='bbox 72 5440 237 5530; x_wconf 68' lang='lat' dir='ltr'>hneivan,</span> <span class='ocrx_word' id='word_1_278' title='bbox 266 5457 369 5522; x_wconf 70' lang='lat' dir='ltr'>orn.</span> <span class='ocrx_word' id='word_1_279' title='bbox 399 5455 479 5520; x_wconf 82' lang='lat' dir='ltr'>Vos..</span> <span class='ocrx_word' id='word_1_280' title='bbox 498 5449 594 5525; x_wconf 67' lang='lat' dir='ltr'>XIV.</span> 
     </span>
    </p>
   </div>
   <div class='ocr_carea' id='block_1_16' title="bbox 356 171 1823 260">
    <p class='ocr_par' dir='ltr' id='par_1_16' title="bbox 356 171 1823 260">
     <span class='ocr_line' id='line_1_48' title="bbox 356 171 1823 260; baseline 0.006 -9"><span class='ocrx_word' id='word_1_281' title='bbox 356 175 440 252; x_wconf 81' lang='lat' dir='ltr'>Xll.</span> <span class='ocrx_word' id='word_1_282' title='bbox 497 171 894 254; x_wconf 78' lang='lat' dir='ltr'>ANNOTATIONES</span> <span class='ocrx_word' id='word_1_283' title='bbox 918 171 986 251; x_wconf 84' lang='grc' dir='ltr'>ΕΤ</span> <span class='ocrx_word' id='word_1_284' title='bbox 1011 171 1291 255; x_wconf 77' lang='grc' dir='ltr'><strong>ΟΟΝΟΙΟΝΕὸ</strong></span> <span class='ocrx_word' id='word_1_285' title='bbox 1318 175 1370 254; x_wconf 84' lang='lat' dir='ltr'>IN</span> <span class='ocrx_word' id='word_1_286' title='bbox 1393 175 1575 255; x_wconf 83' lang='lat' dir='ltr'>EVANG.</span> <span class='ocrx_word' id='word_1_287' title='bbox 1602 175 1823 260; x_wconf 80' lang='lat' dir='ltr'>IOANNIS·</span> 
     </span>
    </p>
   </div>
   <div class='ocr_carea' id='block_1_17' title="bbox 2001 191 2100 265">
    <p class='ocr_par' dir='ltr' id='par_1_17' title="bbox 2001 191 2100 265">
     <span class='ocr_line' id='line_1_49' title="bbox 2001 191 2100 265; baseline 0 0"><span class='ocrx_word' id='word_1_288' title='bbox 2001 191 2100 265; x_wconf 74' lang='grc'>1090</span> 
     </span>
    </p>
   </div>
   <div class='ocr_carea' id='block_1_18' title="bbox 1107 353 2096 548">
    <p class='ocr_par' dir='ltr' id='par_1_18' title="bbox 1107 353 2096 548">
     <span class='ocr_line' id='line_1_50' title="bbox 1108 353 2096 453; baseline 0.017 -31"><span class='ocrx_word' id='word_1_289' title='bbox 1108 375 1188 422; x_wconf 86' lang='lat' dir='ltr'>cere</span> <span class='ocrx_word' id='word_1_290' title='bbox 1214 353 1364 444; x_wconf 89' lang='lat' dir='ltr'>gratiae,</span> <span class='ocrx_word' id='word_1_291' title='bbox 1403 353 1587 449; x_wconf 89' lang='lat' dir='ltr'>quianon</span> <span class='ocrx_word' id='word_1_292' title='bbox 1618 353 1884 453; x_wconf 80' lang='lat' dir='ltr'>intelligebant,</span> <span class='ocrx_word' id='word_1_293' title='bbox 1916 357 2096 438; x_wconf 87' lang='lat' dir='ltr'>Christum</span> 
     </span>
     <span class='ocr_line' id='line_1_51' title="bbox 1107 456 1483 548; baseline 0.008 -24"><span class='ocrx_word' id='word_1_294' title='bbox 1107 470 1271 546; x_wconf 87' lang='lat' dir='ltr'>oportere</span> <span class='ocrx_word' id='word_1_295' title='bbox 1289 456 1373 548; x_wconf 90' lang='lat' dir='ltr'>pati.</span> <span class='ocrx_word' id='word_1_296' title='bbox 1476 504 1483 514; x_wconf 89' lang='lat'>-</span> 
     </span>
    </p>
   </div>
   <div class='ocr_carea' id='block_1_19' title="bbox 1358 621 1844 726">
    <p class='ocr_par' dir='ltr' id='par_1_19' title="bbox 1358 621 1844 726">
     <span class='ocr_line' id='line_1_52' title="bbox 1358 621 1844 726; baseline 0.002 -29"><span class='ocrx_word' id='word_1_297' title='bbox 1358 621 1412 698; x_wconf 89' lang='lat' dir='ltr'>Ut</span> <span class='ocrx_word' id='word_1_298' title='bbox 1432 623 1584 726; x_wconf 83' lang='lat' dir='ltr'>sariam</span> <span class='ocrx_word' id='word_1_299' title='bbox 1609 621 1844 705; x_wconf 78' lang='lat' dir='ltr'>voluntatem.</span> 
     </span>
    </p>
   </div>
   <div class='ocr_carea' id='block_1_20' title="bbox 1105 757 2097 2076">
    <p class='ocr_par' dir='ltr' id='par_1_20' title="bbox 1105 757 2097 2076">
     <span class='ocr_line' id='line_1_53' title="bbox 1207 757 2094 863; baseline 0.014 -35"><span class='ocrx_word' id='word_1_300' title='bbox 1207 757 1261 828; x_wconf 90' lang='lat' dir='ltr'>De</span> <span class='ocrx_word' id='word_1_301' title='bbox 1276 759 1438 850; x_wconf 90' lang='lat' dir='ltr'>passione</span> <span class='ocrx_word' id='word_1_302' title='bbox 1451 757 1518 831; x_wconf 92' lang='lat' dir='ltr'>hoc</span> <span class='ocrx_word' id='word_1_303' title='bbox 1528 761 1751 853; x_wconf 88' lang='lat' dir='ltr'>potissimum</span> <span class='ocrx_word' id='word_1_304' title='bbox 1764 765 1977 852; x_wconf 86' lang='lat' dir='ltr'>observabis,</span> <span class='ocrx_word' id='word_1_305' title='bbox 1999 771 2094 863; x_wconf 87' lang='lat' dir='ltr'>qnod</span> 
     </span>
     <span class='ocr_line' id='line_1_54' title="bbox 1107 856 2096 956; baseline 0.01 -24"><span class='ocrx_word' id='word_1_306' title='bbox 1107 862 1196 935; x_wconf 87' lang='lat' dir='ltr'>sicut</span> <span class='ocrx_word' id='word_1_307' title='bbox 1213 856 1346 934; x_wconf 86' lang='lat' dir='ltr'>Christi</span> <span class='ocrx_word' id='word_1_308' title='bbox 1361 863 1477 954; x_wconf 89' lang='lat' dir='ltr'>passio</span> <span class='ocrx_word' id='word_1_309' title='bbox 1493 864 1656 933; x_wconf 87' lang='lat' dir='ltr'>voluutas</span> <span class='ocrx_word' id='word_1_310' title='bbox 1671 877 1704 934; x_wconf 93' lang='lat' dir='ltr'>et</span> <span class='ocrx_word' id='word_1_311' title='bbox 1719 889 1808 956; x_wconf 92' lang='lat' dir='ltr'>opus</span> <span class='ocrx_word' id='word_1_312' title='bbox 1821 869 1929 956; x_wconf 91' lang='lat' dir='ltr'>patris</span> <span class='ocrx_word' id='word_1_313' title='bbox 1951 883 2021 956; x_wconf 91' lang='lat' dir='ltr'>est,</span> <span class='ocrx_word' id='word_1_314' title='bbox 2046 871 2096 943; x_wconf 89' lang='lat' dir='ltr'>ita</span> 
     </span>
     <span class='ocr_line' id='line_1_55' title="bbox 1107 961 2097 1058; baseline 0.01 -22"><span class='ocrx_word' id='word_1_315' title='bbox 1107 965 1290 1050; x_wconf 90' lang='lat' dir='ltr'>omnium,</span> <span class='ocrx_word' id='word_1_316' title='bbox 1329 964 1501 1058; x_wconf 91' lang='lat' dir='ltr'>quisunt</span> <span class='ocrx_word' id='word_1_317' title='bbox 1529 961 1682 1050; x_wconf 87' lang='lat' dir='ltr'>Christi,</span> <span class='ocrx_word' id='word_1_318' title='bbox 1725 969 1841 1057; x_wconf 88' lang='lat' dir='ltr'>passio</span> <span class='ocrx_word' id='word_1_319' title='bbox 1870 971 2035 1044; x_wconf 90' lang='lat' dir='ltr'>voluutas</span> <span class='ocrx_word' id='word_1_320' title='bbox 2062 985 2097 1046; x_wconf 86' lang='lat' dir='ltr'>et</span> 
     </span>
     <span class='ocr_line' id='line_1_56' title="bbox 1106 1064 2096 1163; baseline 0.007 -25"><span class='ocrx_word' id='word_1_321' title='bbox 1106 1091 1195 1158; x_wconf 90' lang='lat' dir='ltr'>opus</span> <span class='ocrx_word' id='word_1_322' title='bbox 1210 1066 1320 1163; x_wconf 82' lang='lat' dir='ltr'>patris</span> <span class='ocrx_word' id='word_1_323' title='bbox 1335 1069 1399 1137; x_wconf 81' lang='lat' dir='ltr'>est.</span> <span class='ocrx_word' id='word_1_324' title='bbox 1450 1065 1511 1138; x_wconf 90' lang='lat' dir='ltr'>Sic</span> <span class='ocrx_word' id='word_1_325' title='bbox 1535 1064 1667 1138; x_wconf 86' lang='lat' dir='ltr'>Paulus</span> <span class='ocrx_word' id='word_1_326' title='bbox 1689 1068 1793 1153; x_wconf 90' lang='lat' dir='ltr'>dicit,</span> <span class='ocrx_word' id='word_1_327' title='bbox 1824 1094 1862 1141; x_wconf 89' lang='lat' dir='ltr'>se</span> <span class='ocrx_word' id='word_1_328' title='bbox 1885 1072 2033 1163; x_wconf 90' lang='lat' dir='ltr'>implere</span> <span class='ocrx_word' id='word_1_329' title='bbox 2046 1074 2096 1162; x_wconf 92' lang='lat' dir='ltr'>id,</span> 
     </span>
     <span class='ocr_line' id='line_1_57' title="bbox 1107 1165 2096 1264; baseline 0.01 -27"><span class='ocrx_word' id='word_1_330' title='bbox 1107 1170 1204 1262; x_wconf 92' lang='lat' dir='ltr'>quod</span> <span class='ocrx_word' id='word_1_331' title='bbox 1227 1171 1347 1239; x_wconf 90' lang='lat' dir='ltr'>deerat</span> <span class='ocrx_word' id='word_1_332' title='bbox 1373 1167 1626 1240; x_wconf 85' lang='lat' dir='ltr'>afflictionibus</span> <span class='ocrx_word' id='word_1_333' title='bbox 1656 1165 1803 1245; x_wconf 86' lang='lat' dir='ltr'>Christi.</span> <span class='ocrx_word' id='word_1_334' title='bbox 1874 1171 1969 1264; x_wconf 91' lang='lat' dir='ltr'>Ergo</span> <span class='ocrx_word' id='word_1_335' title='bbox 2004 1176 2096 1247; x_wconf 89' lang='lat' dir='ltr'>sicut</span> 
     </span>
     <span class='ocr_line' id='line_1_58' title="bbox 1107 1266 2095 1364; baseline 0.007 -23"><span class='ocrx_word' id='word_1_336' title='bbox 1107 1266 1269 1342; x_wconf 87' lang='lat' dir='ltr'>Christus</span> <span class='ocrx_word' id='word_1_337' title='bbox 1284 1292 1347 1360; x_wconf 89' lang='lat' dir='ltr'>per</span> <span class='ocrx_word' id='word_1_338' title='bbox 1362 1292 1500 1340; x_wconf 90' lang='lat' dir='ltr'>crucem</span> <span class='ocrx_word' id='word_1_339' title='bbox 1516 1270 1730 1359; x_wconf 86' lang='lat' dir='ltr'>glorificatus</span> <span class='ocrx_word' id='word_1_340' title='bbox 1747 1284 1816 1358; x_wconf 87' lang='lat' dir='ltr'>est,</span> <span class='ocrx_word' id='word_1_341' title='bbox 1848 1271 1897 1344; x_wconf 90' lang='lat' dir='ltr'>ita</span> <span class='ocrx_word' id='word_1_342' title='bbox 1919 1277 2095 1364; x_wconf 83' lang='lat' dir='ltr'>glorifica-</span> 
     </span>
     <span class='ocr_line' id='line_1_59' title="bbox 1107 1368 2096 1472; baseline 0.006 -29"><span class='ocrx_word' id='word_1_343' title='bbox 1107 1374 1243 1444; x_wconf 92' lang='lat' dir='ltr'>buntur</span> <span class='ocrx_word' id='word_1_344' title='bbox 1259 1385 1293 1442; x_wconf 92' lang='lat' dir='ltr'>et</span> <span class='ocrx_word' id='word_1_345' title='bbox 1309 1372 1355 1452; x_wconf 93' lang='lat' dir='ltr'>ii,</span> <span class='ocrx_word' id='word_1_346' title='bbox 1381 1372 1444 1464; x_wconf 92' lang='lat' dir='ltr'>qui</span> <span class='ocrx_word' id='word_1_347' title='bbox 1459 1372 1497 1440; x_wconf 90' lang='lat' dir='ltr'>in</span> <span class='ocrx_word' id='word_1_348' title='bbox 1512 1368 1655 1443; x_wconf 91' lang='lat' dir='ltr'>Christo</span> <span class='ocrx_word' id='word_1_349' title='bbox 1672 1390 1769 1445; x_wconf 78' lang='lat' dir='ltr'>stant.</span> <span class='ocrx_word' id='word_1_350' title='bbox 1785 1410 1835 1428; x_wconf 87' lang='lat'>-·-</span> <span class='ocrx_word' id='word_1_351' title='bbox 1861 1370 1992 1448; x_wconf 90' lang='lat' dir='ltr'>Adhuc</span> <span class='ocrx_word' id='word_1_352' title='bbox 2007 1400 2096 1472; x_wconf 90' lang='lat' dir='ltr'>qua-</span> 
     </span>
     <span class='ocr_line' id='line_1_60' title="bbox 1107 1475 2096 1566; baseline 0.006 -21"><span class='ocrx_word' id='word_1_353' title='bbox 1107 1488 1189 1545; x_wconf 89' lang='lat' dir='ltr'>tuor</span> <span class='ocrx_word' id='word_1_354' title='bbox 1203 1495 1341 1542; x_wconf 88' lang='lat' dir='ltr'>menses</span> <span class='ocrx_word' id='word_1_355' title='bbox 1356 1486 1439 1544; x_wconf 91' lang='lat' dir='ltr'>sunt</span> <span class='ocrx_word' id='word_1_356' title='bbox 1453 1497 1472 1542; x_wconf 92' lang='lat' dir='ltr'>a</span> <span class='ocrx_word' id='word_1_357' title='bbox 1488 1497 1588 1560; x_wconf 89' lang='lat' dir='ltr'>vere,</span> <span class='ocrx_word' id='word_1_358' title='bbox 1611 1475 1635 1544; x_wconf 89' lang='lat' dir='ltr'>i.</span> <span class='ocrx_word' id='word_1_359' title='bbox 1652 1498 1682 1548; x_wconf 90' lang='lat' dir='ltr'>e.</span> <span class='ocrx_word' id='word_1_360' title='bbox 1706 1477 1831 1566; x_wconf 87' lang='lat' dir='ltr'>procul</span> <span class='ocrx_word' id='word_1_361' title='bbox 1851 1479 1949 1548; x_wconf 90' lang='lat' dir='ltr'>abest</span> <span class='ocrx_word' id='word_1_362' title='bbox 1971 1479 2096 1551; x_wconf 89' lang='lat' dir='ltr'>messis</span> 
     </span>
     <span class='ocr_line' id='line_1_61' title="bbox 1106 1575 2094 1669; baseline 0.007 -24"><span class='ocrx_word' id='word_1_363' title='bbox 1106 1577 1298 1668; x_wconf 88' lang='lat' dir='ltr'>corporalis</span> <span class='ocrx_word' id='word_1_364' title='bbox 1306 1625 1318 1660; x_wconf 92' lang='lat'>,</span> <span class='ocrx_word' id='word_1_365' title='bbox 1352 1575 1412 1644; x_wconf 90' lang='lat' dir='ltr'>sed</span> <span class='ocrx_word' id='word_1_366' title='bbox 1438 1575 1558 1645; x_wconf 87' lang='lat' dir='ltr'>messis</span> <span class='ocrx_word' id='word_1_367' title='bbox 1582 1576 1776 1667; x_wconf 88' lang='lat' dir='ltr'>spiritualis</span> <span class='ocrx_word' id='word_1_368' title='bbox 1795 1603 1906 1669; x_wconf 86' lang='lat' dir='ltr'>prope</span> <span class='ocrx_word' id='word_1_369' title='bbox 1921 1593 1992 1666; x_wconf 90' lang='lat' dir='ltr'>est,</span> <span class='ocrx_word' id='word_1_370' title='bbox 2025 1576 2094 1652; x_wconf 92' lang='lat' dir='ltr'>hoc</span> 
     </span>
     <span class='ocr_line' id='line_1_62' title="bbox 1106 1677 2094 1773; baseline 0.005 -26"><span class='ocrx_word' id='word_1_371' title='bbox 1106 1693 1167 1762; x_wconf 90' lang='lat' dir='ltr'>est,</span> <span class='ocrx_word' id='word_1_372' title='bbox 1190 1680 1260 1747; x_wconf 88' lang='lat' dir='ltr'>iarn</span> <span class='ocrx_word' id='word_1_373' title='bbox 1278 1677 1369 1746; x_wconf 91' lang='lat' dir='ltr'>illud</span> <span class='ocrx_word' id='word_1_374' title='bbox 1384 1677 1500 1769; x_wconf 90' lang='lat' dir='ltr'>ipsum</span> <span class='ocrx_word' id='word_1_375' title='bbox 1517 1690 1655 1769; x_wconf 87' lang='lat' dir='ltr'>tempus</span> <span class='ocrx_word' id='word_1_376' title='bbox 1671 1677 2094 1773; x_wconf 79' lang='lat' dir='ltr'>praedicandillvaugelii</span> 
     </span>
     <span class='ocr_line' id='line_1_63' title="bbox 1106 1775 2092 1873; baseline 0.006 -24"><span class='ocrx_word' id='word_1_377' title='bbox 1106 1793 1175 1863; x_wconf 89' lang='lat' dir='ltr'>est,</span> <span class='ocrx_word' id='word_1_378' title='bbox 1201 1780 1317 1873; x_wconf 81' lang='lat' dir='ltr'>quiaa</span> <span class='ocrx_word' id='word_1_379' title='bbox 1335 1779 1459 1848; x_wconf 91' lang='lat' dir='ltr'>diebus</span> <span class='ocrx_word' id='word_1_380' title='bbox 1478 1775 1625 1848; x_wconf 91' lang='lat' dir='ltr'>loannis</span> <span class='ocrx_word' id='word_1_381' title='bbox 1644 1801 1793 1868; x_wconf 83' lang='lat' dir='ltr'>regnum</span> <span class='ocrx_word' id='word_1_382' title='bbox 1816 1783 1996 1854; x_wconf 89' lang='lat' dir='ltr'>coelorum</span> <span class='ocrx_word' id='word_1_383' title='bbox 2019 1785 2092 1854; x_wconf 90' lang='lat' dir='ltr'>vim</span> 
     </span>
     <span class='ocr_line' id='line_1_64' title="bbox 1106 1876 2094 1978; baseline 0.007 -29"><span class='ocrx_word' id='word_1_384' title='bbox 1106 1881 1248 1972; x_wconf 90' lang='lat' dir='ltr'>patitur.</span> <span class='ocrx_word' id='word_1_385' title='bbox 1263 1919 1315 1934; x_wconf 90' lang='lat'>--</span> <span class='ocrx_word' id='word_1_386' title='bbox 1339 1876 1538 1968; x_wconf 84' lang='lat' dir='ltr'>Regiones,</span> <span class='ocrx_word' id='word_1_387' title='bbox 1562 1881 1586 1954; x_wconf 91' lang='lat' dir='ltr'>i.</span> <span class='ocrx_word' id='word_1_388' title='bbox 1604 1905 1633 1950; x_wconf 89' lang='lat' dir='ltr'>e.</span> <span class='ocrx_word' id='word_1_389' title='bbox 1649 1883 1811 1978; x_wconf 90' lang='lat' dir='ltr'>populos.</span> <span class='ocrx_word' id='word_1_390' title='bbox 1844 1880 1992 1968; x_wconf 90' lang='lat' dir='ltr'>Oculos,</span> <span class='ocrx_word' id='word_1_391' title='bbox 2018 1887 2094 1964; x_wconf 84' lang='lat' dir='ltr'>scil.</span> 
     </span>
     <span class='ocr_line' id='line_1_65' title="bbox 1105 1978 1565 2076; baseline 0 -24"><span class='ocrx_word' id='word_1_392' title='bbox 1105 1983 1307 2076; x_wconf 90' lang='lat' dir='ltr'>spirituales</span> <span class='ocrx_word' id='word_1_393' title='bbox 1324 1982 1441 2051; x_wconf 90' lang='lat' dir='ltr'>levare</span> <span class='ocrx_word' id='word_1_394' title='bbox 1454 1978 1565 2052; x_wconf 86' lang='lat' dir='ltr'>iubet.</span> 
     </span>
    </p>
   </div>
   <div class='ocr_carea' id='block_1_21' title="bbox 1175 2147 2103 2380">
    <p class='ocr_par' dir='ltr' id='par_1_21' title="bbox 1175 2147 2103 2380">
     <span class='ocr_line' id='line_1_66' title="bbox 1175 2147 2031 2250; baseline 0.013 -30"><span class='ocrx_word' id='word_1_395' title='bbox 1175 2148 1262 2246; x_wconf 78' lang='lat' dir='ltr'>Ego</span> <span class='ocrx_word' id='word_1_396' title='bbox 1286 2149 1375 2222; x_wconf 87' lang='lat' dir='ltr'>misi</span> <span class='ocrx_word' id='word_1_397' title='bbox 1395 2173 1456 2222; x_wconf 82' lang='lat' dir='ltr'>vos</span> <span class='ocrx_word' id='word_1_398' title='bbox 1476 2157 1621 2238; x_wconf 88' lang='lat' dir='ltr'>metere,</span> <span class='ocrx_word' id='word_1_399' title='bbox 1655 2147 1758 2250; x_wconf 85' lang='lat' dir='ltr'>quod</span> <span class='ocrx_word' id='word_1_400' title='bbox 1778 2175 1847 2228; x_wconf 85' lang='lat' dir='ltr'>nos</span> <span class='ocrx_word' id='word_1_401' title='bbox 1867 2178 1942 2226; x_wconf 88' lang='lat' dir='ltr'>non</span> <span class='ocrx_word' id='word_1_402' title='bbox 1965 2165 2031 2231; x_wconf 66' lang='lat' dir='ltr'>etet</span> 
     </span>
     <span class='ocr_line' id='line_1_67' title="bbox 1206 2280 2103 2380; baseline 0.009 -23"><span class='ocrx_word' id='word_1_403' title='bbox 1206 2285 1403 2376; x_wconf 85' lang='lat' dir='ltr'>Distinguit</span> <span class='ocrx_word' id='word_1_404' title='bbox 1416 2280 1608 2378; x_wconf 86' lang='lat' dir='ltr'>Apostolos</span> <span class='ocrx_word' id='word_1_405' title='bbox 1630 2311 1649 2357; x_wconf 93' lang='lat' dir='ltr'>a</span> <span class='ocrx_word' id='word_1_406' title='bbox 1667 2283 1872 2380; x_wconf 89' lang='lat' dir='ltr'>Prophetis,</span> <span class='ocrx_word' id='word_1_407' title='bbox 1905 2315 1985 2362; x_wconf 88' lang='lat' dir='ltr'>cum</span> <span class='ocrx_word' id='word_1_408' title='bbox 2001 2292 2103 2366; x_wconf 51' lang='lat' dir='ltr'>Pro?</span> 
     </span>
    </p>
   </div>
   <div class='ocr_carea' id='block_1_22' title="bbox 1102 2385 2234 2483">
    <p class='ocr_par' dir='ltr' id='par_1_22' title="bbox 1102 2385 2234 2483">
     <span class='ocr_line' id='line_1_68' title="bbox 1102 2385 2234 2483; baseline 0.008 -24"><span class='ocrx_word' id='word_1_409' title='bbox 1102 2385 1227 2482; x_wconf 91' lang='lat' dir='ltr'>phetas</span> <span class='ocrx_word' id='word_1_410' title='bbox 1260 2391 1491 2460; x_wconf 88' lang='lat' dir='ltr'>seminatores</span> <span class='ocrx_word' id='word_1_411' title='bbox 1521 2403 1624 2460; x_wconf 88' lang='lat' dir='ltr'>vocat</span> <span class='ocrx_word' id='word_1_412' title='bbox 1646 2390 1886 2481; x_wconf 88' lang='lat' dir='ltr'>etApostolos</span> <span class='ocrx_word' id='word_1_413' title='bbox 1910 2418 2093 2483; x_wconf 87' lang='lat' dir='ltr'>messores,</span> <span class='ocrx_word' id='word_1_414' title='bbox 2226 2413 2234 2424; x_wconf 87' lang='grc'><strong>’</strong></span> 
     </span>
    </p>
   </div>
   <div class='ocr_carea' id='block_1_23' title="bbox 1102 2484 2103 4313">
    <p class='ocr_par' dir='ltr' id='par_1_23' title="bbox 1102 2484 2103 4313">
     <span class='ocr_line' id='line_1_69' title="bbox 1104 2484 2094 2590; baseline 0.006 -29"><span class='ocrx_word' id='word_1_415' title='bbox 1104 2493 1186 2586; x_wconf 87' lang='lat' dir='ltr'>quia</span> <span class='ocrx_word' id='word_1_416' title='bbox 1204 2515 1266 2583; x_wconf 91' lang='lat' dir='ltr'>per</span> <span class='ocrx_word' id='word_1_417' title='bbox 1282 2484 1478 2582; x_wconf 89' lang='lat' dir='ltr'>Prophetas</span> <span class='ocrx_word' id='word_1_418' title='bbox 1494 2490 1649 2582; x_wconf 88' lang='lat' dir='ltr'>primum</span> <span class='ocrx_word' id='word_1_419' title='bbox 1671 2495 1819 2563; x_wconf 88' lang='lat' dir='ltr'>verbum</span> <span class='ocrx_word' id='word_1_420' title='bbox 1833 2508 1884 2566; x_wconf 90' lang='lat' dir='ltr'>est</span> <span class='ocrx_word' id='word_1_421' title='bbox 1900 2511 2094 2590; x_wconf 89' lang='lat' dir='ltr'>acceptum,</span> 
     </span>
     <span class='ocr_line' id='line_1_70' title="bbox 1105 2593 2095 2688; baseline 0.006 -24"><span class='ocrx_word' id='word_1_422' title='bbox 1105 2595 1267 2684; x_wconf 88' lang='lat' dir='ltr'>Apostoli</span> <span class='ocrx_word' id='word_1_423' title='bbox 1284 2608 1421 2664; x_wconf 88' lang='lat' dir='ltr'>tantum</span> <span class='ocrx_word' id='word_1_424' title='bbox 1436 2607 1669 2686; x_wconf 86' lang='lat' dir='ltr'>exequuntur.</span> <span class='ocrx_word' id='word_1_425' title='bbox 1695 2593 1814 2688; x_wconf 91' lang='lat' dir='ltr'>Atque</span> <span class='ocrx_word' id='word_1_426' title='bbox 1828 2595 1875 2666; x_wconf 89' lang='lat' dir='ltr'>ita</span> <span class='ocrx_word' id='word_1_427' title='bbox 1892 2620 2026 2668; x_wconf 88' lang='lat' dir='ltr'>novum</span> <span class='ocrx_word' id='word_1_428' title='bbox 2041 2615 2095 2670; x_wconf 91' lang='lat' dir='ltr'>te-</span> 
     </span>
     <span class='ocr_line' id='line_1_71' title="bbox 1105 2695 2095 2789; baseline 0.008 -24"><span class='ocrx_word' id='word_1_429' title='bbox 1105 2709 1318 2766; x_wconf 89' lang='lat' dir='ltr'>stamentum</span> <span class='ocrx_word' id='word_1_430' title='bbox 1348 2695 1516 2764; x_wconf 91' lang='lat' dir='ltr'>disceruit</span> <span class='ocrx_word' id='word_1_431' title='bbox 1543 2695 1713 2780; x_wconf 86' lang='lat' dir='ltr'>aveteri,</span> <span class='ocrx_word' id='word_1_432' title='bbox 1757 2700 1852 2789; x_wconf 94' lang='lat' dir='ltr'>quod</span> <span class='ocrx_word' id='word_1_433' title='bbox 1882 2723 2015 2770; x_wconf 89' lang='lat' dir='ltr'>novum</span> <span class='ocrx_word' id='word_1_434' title='bbox 2049 2703 2095 2774; x_wconf 89' lang='lat' dir='ltr'>sit</span> 
     </span>
     <span class='ocr_line' id='line_1_72' title="bbox 1105 2797 2094 2891; baseline 0.006 -23"><span class='ocrx_word' id='word_1_435' title='bbox 1105 2798 1263 2868; x_wconf 83' lang='lat' dir='ltr'>executio</span> <span class='ocrx_word' id='word_1_436' title='bbox 1289 2797 1568 2891; x_wconf 88' lang='lat' dir='ltr'>promissionum</span> <span class='ocrx_word' id='word_1_437' title='bbox 1598 2798 1768 2866; x_wconf 87' lang='lat' dir='ltr'>factarum</span> <span class='ocrx_word' id='word_1_438' title='bbox 1793 2798 1831 2867; x_wconf 90' lang='lat' dir='ltr'>in</span> <span class='ocrx_word' id='word_1_439' title='bbox 1854 2801 1964 2871; x_wconf 87' lang='lat' dir='ltr'>veteri</span> <span class='ocrx_word' id='word_1_440' title='bbox 1987 2815 2094 2878; x_wconf 85' lang='lat' dir='ltr'>testa-</span> 
     </span>
     <span class='ocr_line' id='line_1_73' title="bbox 1104 2895 2093 2996; baseline 0.008 -28"><span class='ocrx_word' id='word_1_441' title='bbox 1104 2907 1235 2969; x_wconf 81' lang='lat' dir='ltr'>rnebto.</span> <span class='ocrx_word' id='word_1_442' title='bbox 1286 2898 1393 2987; x_wconf 88' lang='lat' dir='ltr'>Quod</span> <span class='ocrx_word' id='word_1_443' title='bbox 1408 2912 1525 2970; x_wconf 90' lang='lat' dir='ltr'>autem</span> <span class='ocrx_word' id='word_1_444' title='bbox 1539 2899 1811 2984; x_wconf 88' lang='lat' dir='ltr'>laboraverunt,</span> <span class='ocrx_word' id='word_1_445' title='bbox 1836 2895 1907 2971; x_wconf 90' lang='lat' dir='ltr'>hoc</span> <span class='ocrx_word' id='word_1_446' title='bbox 1928 2906 2093 2996; x_wconf 85' lang='lat' dir='ltr'>estquod</span> 
     </span>
     <span class='ocr_line' id='line_1_74' title="bbox 1105 2998 2094 3076; baseline 0.004 -4"><span class='ocrx_word' id='word_1_447' title='bbox 1105 3005 1149 3072; x_wconf 91' lang='lat' dir='ltr'>ad</span> <span class='ocrx_word' id='word_1_448' title='bbox 1165 2999 1276 3075; x_wconf 87' lang='lat' dir='ltr'>Hebr.</span> <span class='ocrx_word' id='word_1_449' title='bbox 1291 2999 1355 3074; x_wconf 88' lang='lat' dir='ltr'>Xl.</span> <span class='ocrx_word' id='word_1_450' title='bbox 1380 3000 1528 3072; x_wconf 88' lang='lat' dir='ltr'>dicitur:</span> <span class='ocrx_word' id='word_1_451' title='bbox 1563 2998 1614 3071; x_wconf 89' lang='lat' dir='ltr'>Hi</span> <span class='ocrx_word' id='word_1_452' title='bbox 1638 3023 1759 3070; x_wconf 88' lang='lat' dir='ltr'>omnes</span> <span class='ocrx_word' id='word_1_453' title='bbox 1782 3003 1986 3075; x_wconf 89' lang='lat' dir='ltr'>testimonio</span> <span class='ocrx_word' id='word_1_454' title='bbox 2010 3005 2094 3076; x_wconf 86' lang='lat' dir='ltr'>fidei</span> 
     </span>
     <span class='ocr_line' id='line_1_75' title="bbox 1105 3103 2094 3197; baseline 0.007 -25"><span class='ocrx_word' id='word_1_455' title='bbox 1105 3103 1267 3197; x_wconf 82' lang='lat' dir='ltr'>probati,</span> <span class='ocrx_word' id='word_1_456' title='bbox 1300 3127 1375 3172; x_wconf 93' lang='lat' dir='ltr'>non</span> <span class='ocrx_word' id='word_1_457' title='bbox 1397 3117 1606 3194; x_wconf 89' lang='lat' dir='ltr'>acceperuut</span> <span class='ocrx_word' id='word_1_458' title='bbox 1629 3103 1959 3193; x_wconf 88' lang='lat' dir='ltr'>repromissionem,</span> <span class='ocrx_word' id='word_1_459' title='bbox 1989 3106 2094 3179; x_wconf 89' lang='lat' dir='ltr'>idest</span> 
     </span>
     <span class='ocr_line' id='line_1_76' title="bbox 1105 3205 2091 3304; baseline 0.004 -28"><span class='ocrx_word' id='word_1_460' title='bbox 1105 3206 1379 3298; x_wconf 88' lang='lat' dir='ltr'>promissionum</span> <span class='ocrx_word' id='word_1_461' title='bbox 1395 3205 1695 3304; x_wconf 88' lang='lat' dir='ltr'>novitestamenti</span> <span class='ocrx_word' id='word_1_462' title='bbox 1722 3207 1879 3278; x_wconf 83' lang='lat' dir='ltr'>executio</span> <span class='ocrx_word' id='word_1_463' title='bbox 1905 3207 2013 3278; x_wconf 90' lang='lat' dir='ltr'>dilata</span> <span class='ocrx_word' id='word_1_464' title='bbox 2031 3223 2091 3286; x_wconf 86' lang='lat' dir='ltr'>est.</span> 
     </span>
     <span class='ocr_line' id='line_1_77' title="bbox 1106 3307 2093 3402; baseline 0.007 -28"><span class='ocrx_word' id='word_1_465' title='bbox 1106 3308 1225 3378; x_wconf 86' lang='lat' dir='ltr'>Veteri</span> <span class='ocrx_word' id='word_1_466' title='bbox 1247 3319 1452 3377; x_wconf 89' lang='lat' dir='ltr'>testamento</span> <span class='ocrx_word' id='word_1_467' title='bbox 1477 3329 1553 3373; x_wconf 90' lang='lat' dir='ltr'>non</span> <span class='ocrx_word' id='word_1_468' title='bbox 1578 3307 1647 3377; x_wconf 84' lang='lat' dir='ltr'>luit</span> <span class='ocrx_word' id='word_1_469' title='bbox 1665 3307 1807 3398; x_wconf 86' lang='lat' dir='ltr'>publica</span> <span class='ocrx_word' id='word_1_470' title='bbox 1833 3309 1993 3380; x_wconf 89' lang='lat' dir='ltr'>remissio</span> <span class='ocrx_word' id='word_1_471' title='bbox 2011 3333 2093 3402; x_wconf 88' lang='lat' dir='ltr'>pec·</span> 
     </span>
     <span class='ocr_line' id='line_1_78' title="bbox 1105 3405 2093 3505; baseline 0.002 -25"><span class='ocrx_word' id='word_1_472' title='bbox 1105 3423 1274 3481; x_wconf 87' lang='lat' dir='ltr'>catorum.</span> <span class='ocrx_word' id='word_1_473' title='bbox 1337 3405 1421 3477; x_wconf 89' lang='lat' dir='ltr'>Non</span> <span class='ocrx_word' id='word_1_474' title='bbox 1449 3407 1546 3476; x_wconf 90' lang='lat' dir='ltr'>enim</span> <span class='ocrx_word' id='word_1_475' title='bbox 1577 3407 1861 3478; x_wconf 78' lang='lat' dir='ltr'>annuntiabatur</span> <span class='ocrx_word' id='word_1_476' title='bbox 1883 3431 1970 3501; x_wconf 87' lang='lat' dir='ltr'>pax,</span> <span class='ocrx_word' id='word_1_477' title='bbox 2003 3435 2093 3505; x_wconf 86' lang='lat' dir='ltr'>quae</span> 
     </span>
     <span class='ocr_line' id='line_1_79' title="bbox 1105 3509 2094 3584; baseline 0.004 -4"><span class='ocrx_word' id='word_1_478' title='bbox 1105 3535 1198 3581; x_wconf 91' lang='lat' dir='ltr'>novo</span> <span class='ocrx_word' id='word_1_479' title='bbox 1215 3521 1423 3582; x_wconf 88' lang='lat' dir='ltr'>testamento</span> <span class='ocrx_word' id='word_1_480' title='bbox 1442 3509 1697 3579; x_wconf 87' lang='lat' dir='ltr'>annunciatur:</span> <span class='ocrx_word' id='word_1_481' title='bbox 1729 3509 1809 3578; x_wconf 91' lang='lat' dir='ltr'>ideo</span> <span class='ocrx_word' id='word_1_482' title='bbox 1830 3511 1884 3578; x_wconf 93' lang='lat' dir='ltr'>illi</span> <span class='ocrx_word' id='word_1_483' title='bbox 1908 3510 2094 3584; x_wconf 87' lang='lat' dir='ltr'>laborave-</span> 
     </span>
     <span class='ocr_line' id='line_1_80' title="bbox 1104 3611 2094 3706; baseline 0.001 -22"><span class='ocrx_word' id='word_1_484' title='bbox 1104 3625 1193 3684; x_wconf 88' lang='lat' dir='ltr'>rant.</span> <span class='ocrx_word' id='word_1_485' title='bbox 1252 3611 1354 3682; x_wconf 88' lang='lat' dir='ltr'>Novo</span> <span class='ocrx_word' id='word_1_486' title='bbox 1377 3624 1585 3684; x_wconf 89' lang='lat' dir='ltr'>testamento</span> <span class='ocrx_word' id='word_1_487' title='bbox 1608 3611 1678 3682; x_wconf 88' lang='lat' dir='ltr'>iarn</span> <span class='ocrx_word' id='word_1_488' title='bbox 1703 3611 1916 3683; x_wconf 86' lang='lat' dir='ltr'>annunciata</span> <span class='ocrx_word' id='word_1_489' title='bbox 1940 3638 2008 3706; x_wconf 84' lang='lat' dir='ltr'>pax</span> <span class='ocrx_word' id='word_1_490' title='bbox 2031 3629 2094 3702; x_wconf 87' lang='lat' dir='ltr'>est,</span> 
     </span>
     <span class='ocr_line' id='line_1_81' title="bbox 1104 3711 2090 3806; baseline 0.004 -21"><span class='ocrx_word' id='word_1_491' title='bbox 1104 3730 1139 3787; x_wconf 91' lang='lat' dir='ltr'>et</span> <span class='ocrx_word' id='word_1_492' title='bbox 1158 3715 1240 3783; x_wconf 86' lang='lat' dir='ltr'>linis</span> <span class='ocrx_word' id='word_1_493' title='bbox 1264 3713 1446 3796; x_wconf 90' lang='lat' dir='ltr'>laborum,</span> <span class='ocrx_word' id='word_1_494' title='bbox 1486 3727 1527 3784; x_wconf 94' lang='lat' dir='ltr'>ut</span> <span class='ocrx_word' id='word_1_495' title='bbox 1548 3711 1683 3806; x_wconf 64' lang='lat' dir='ltr'><strong>XXXI.</strong></span> <span class='ocrx_word' id='word_1_496' title='bbox 1706 3711 1909 3784; x_wconf 88' lang='lat' dir='ltr'>Hieremiae</span> <span class='ocrx_word' id='word_1_497' title='bbox 1941 3715 2090 3790; x_wconf 91' lang='lat' dir='ltr'>dicitur:</span> 
     </span>
     <span class='ocr_line' id='line_1_82' title="bbox 1103 3809 2092 3905; baseline -0.001 -16"><span class='ocrx_word' id='word_1_498' title='bbox 1103 3815 1185 3889; x_wconf 86' lang='lat' dir='ltr'>Erit</span> <span class='ocrx_word' id='word_1_499' title='bbox 1200 3816 1316 3886; x_wconf 88' lang='lat' dir='ltr'>anima</span> <span class='ocrx_word' id='word_1_500' title='bbox 1333 3839 1455 3886; x_wconf 90' lang='lat' dir='ltr'>eorum</span> <span class='ocrx_word' id='word_1_501' title='bbox 1479 3815 1582 3905; x_wconf 92' lang='lat' dir='ltr'>quasi</span> <span class='ocrx_word' id='word_1_502' title='bbox 1604 3809 1729 3885; x_wconf 89' lang='lat' dir='ltr'>hortus</span> <span class='ocrx_word' id='word_1_503' title='bbox 1750 3815 1921 3903; x_wconf 84' lang='lat' dir='ltr'>irriguus,</span> <span class='ocrx_word' id='word_1_504' title='bbox 1946 3829 1980 3887; x_wconf 91' lang='lat' dir='ltr'>et</span> <span class='ocrx_word' id='word_1_505' title='bbox 1999 3819 2092 3888; x_wconf 88' lang='lat' dir='ltr'>ultra</span> 
     </span>
     <span class='ocr_line' id='line_1_83' title="bbox 1104 3913 2091 4012; baseline 0.001 -22"><span class='ocrx_word' id='word_1_506' title='bbox 1104 3943 1178 3990; x_wconf 91' lang='lat' dir='ltr'>non</span> <span class='ocrx_word' id='word_1_507' title='bbox 1195 3917 1351 3989; x_wconf 90' lang='lat' dir='ltr'>esurient</span> <span class='ocrx_word' id='word_1_508' title='bbox 1373 3932 1438 3990; x_wconf 87' lang='lat' dir='ltr'>etc.</span> <span class='ocrx_word' id='word_1_509' title='bbox 1488 3913 1563 3986; x_wconf 88' lang='lat' dir='ltr'>Nos</span> <span class='ocrx_word' id='word_1_510' title='bbox 1582 3928 1720 3987; x_wconf 89' lang='lat' dir='ltr'>tautum</span> <span class='ocrx_word' id='word_1_511' title='bbox 1738 3917 1966 4008; x_wconf 87' lang='lat' dir='ltr'>dernetlmus,</span> <span class='ocrx_word' id='word_1_512' title='bbox 1993 3920 2091 4012; x_wconf 90' lang='lat' dir='ltr'>quod</span> 
     </span>
     <span class='ocr_line' id='line_1_84' title="bbox 1102 4016 2103 4109; baseline 0 -18"><span class='ocrx_word' id='word_1_513' title='bbox 1102 4023 1164 4092; x_wconf 91' lang='lat' dir='ltr'>alii</span> <span class='ocrx_word' id='word_1_514' title='bbox 1193 4021 1467 4091; x_wconf 82' lang='lat' dir='ltr'>seminaverunt.</span> <span class='ocrx_word' id='word_1_515' title='bbox 1525 4016 1613 4089; x_wconf 90' lang='lat' dir='ltr'>Item</span> <span class='ocrx_word' id='word_1_516' title='bbox 1636 4018 1703 4109; x_wconf 92' lang='lat' dir='ltr'>ipsi</span> <span class='ocrx_word' id='word_1_517' title='bbox 1728 4017 1980 4109; x_wconf 86' lang='lat' dir='ltr'>promissiones</span> <span class='ocrx_word' id='word_1_518' title='bbox 2008 4036 2103 4093; x_wconf 88' lang='lat' dir='ltr'>ante</span> 
     </span>
     <span class='ocr_line' id='line_1_85' title="bbox 1102 4118 2092 4212; baseline -0.001 -16"><span class='ocrx_word' id='word_1_519' title='bbox 1102 4119 1298 4196; x_wconf 86' lang='lat' dir='ltr'>exhibitum</span> <span class='ocrx_word' id='word_1_520' title='bbox 1318 4118 1501 4194; x_wconf 89' lang='lat' dir='ltr'>Christum</span> <span class='ocrx_word' id='word_1_521' title='bbox 1524 4131 1838 4206; x_wconf 89' lang='lat' dir='ltr'>conservaverunt,</span> <span class='ocrx_word' id='word_1_522' title='bbox 1873 4142 1937 4212; x_wconf 92' lang='lat' dir='ltr'>per</span> <span class='ocrx_word' id='word_1_523' title='bbox 1961 4121 2092 4194; x_wconf 89' lang='lat' dir='ltr'>multas</span> 
     </span>
     <span class='ocr_line' id='line_1_86' title="bbox 1102 4221 2090 4313; baseline -0.003 -15"><span class='ocrx_word' id='word_1_524' title='bbox 1102 4225 1310 4298; x_wconf 83' lang='lat' dir='ltr'>afflictiones</span> <span class='ocrx_word' id='word_1_525' title='bbox 1347 4221 1482 4294; x_wconf 93' lang='lat' dir='ltr'>mortui</span> <span class='ocrx_word' id='word_1_526' title='bbox 1520 4234 1602 4292; x_wconf 90' lang='lat' dir='ltr'>sunt</span> <span class='ocrx_word' id='word_1_527' title='bbox 1644 4233 1790 4312; x_wconf 89' lang='lat' dir='ltr'>propter</span> <span class='ocrx_word' id='word_1_528' title='bbox 1826 4222 2090 4313; x_wconf 89' lang='lat' dir='ltr'>promissiones,</span> 
     </span>
    </p>
   </div>
   <div class='ocr_carea' id='block_1_24' title="bbox 1102 4315 2233 4414">
    <p class='ocr_par' dir='ltr' id='par_1_24' title="bbox 1102 4315 2233 4414">
     <span class='ocr_line' id='line_1_87' title="bbox 1102 4315 2233 4414; baseline -0.001 -16"><span class='ocrx_word' id='word_1_529' title='bbox 1102 4351 1181 4399; x_wconf 89' lang='lat' dir='ltr'>cum</span> <span class='ocrx_word' id='word_1_530' title='bbox 1225 4327 1386 4396; x_wconf 91' lang='lat' dir='ltr'>noudum</span> <span class='ocrx_word' id='word_1_531' title='bbox 1424 4323 1596 4393; x_wconf 89' lang='lat' dir='ltr'>vidissent</span> <span class='ocrx_word' id='word_1_532' title='bbox 1626 4318 1810 4393; x_wconf 87' lang='lat' dir='ltr'>Christum</span> <span class='ocrx_word' id='word_1_533' title='bbox 1843 4323 2090 4414; x_wconf 78' lang='lat' dir='ltr'>glorificatum.</span> <span class='ocrx_word' id='word_1_534' title='bbox 2221 4315 2233 4330; x_wconf 67' lang='grc'><em>’</em></span> 
     </span>
    </p>
   </div>
   <div class='ocr_carea' id='block_1_25' title="bbox 1100 4419 2091 4824">
    <p class='ocr_par' dir='ltr' id='par_1_25' title="bbox 1100 4419 2091 4824">
     <span class='ocr_line' id='line_1_88' title="bbox 1100 4419 2091 4515; baseline -0.003 -15"><span class='ocrx_word' id='word_1_535' title='bbox 1100 4428 1174 4500; x_wconf 92' lang='lat' dir='ltr'>Nos</span> <span class='ocrx_word' id='word_1_536' title='bbox 1191 4428 1260 4498; x_wconf 88' lang='lat' dir='ltr'>iam</span> <span class='ocrx_word' id='word_1_537' title='bbox 1277 4428 1439 4498; x_wconf 89' lang='lat' dir='ltr'>videmus</span> <span class='ocrx_word' id='word_1_538' title='bbox 1461 4419 1659 4496; x_wconf 82' lang='lat' dir='ltr'>exhibitum</span> <span class='ocrx_word' id='word_1_539' title='bbox 1682 4439 1715 4496; x_wconf 89' lang='lat' dir='ltr'>et</span> <span class='ocrx_word' id='word_1_540' title='bbox 1730 4425 1963 4515; x_wconf 85' lang='lat' dir='ltr'>glorificatum</span> <span class='ocrx_word' id='word_1_541' title='bbox 1980 4423 2091 4499; x_wconf 86' lang='lat' dir='ltr'>Chri-</span> 
     </span>
     <span class='ocr_line' id='line_1_89' title="bbox 1100 4526 2089 4620; baseline -0.003 -17"><span class='ocrx_word' id='word_1_542' title='bbox 1100 4547 1216 4620; x_wconf 89' lang='lat' dir='ltr'>stum,</span> <span class='ocrx_word' id='word_1_543' title='bbox 1242 4544 1282 4602; x_wconf 95' lang='lat' dir='ltr'>ut</span> <span class='ocrx_word' id='word_1_544' title='bbox 1299 4526 1393 4599; x_wconf 89' lang='lat' dir='ltr'>nihil</span> <span class='ocrx_word' id='word_1_545' title='bbox 1409 4527 1630 4612; x_wconf 91' lang='lat' dir='ltr'>dubitemus,</span> <span class='ocrx_word' id='word_1_546' title='bbox 1656 4529 1744 4617; x_wconf 90' lang='lat' dir='ltr'>quin</span> <span class='ocrx_word' id='word_1_547' title='bbox 1762 4528 1852 4598; x_wconf 88' lang='lat' dir='ltr'>sicut</span> <span class='ocrx_word' id='word_1_548' title='bbox 1874 4529 1950 4618; x_wconf 91' lang='lat' dir='ltr'>ipse</span> <span class='ocrx_word' id='word_1_549' title='bbox 1971 4553 2089 4601; x_wconf 87' lang='lat' dir='ltr'>vesus·</span> 
     </span>
     <span class='ocr_line' id='line_1_90' title="bbox 1101 4628 2088 4724; baseline -0.003 -19"><span class='ocrx_word' id='word_1_550' title='bbox 1101 4635 1227 4706; x_wconf 89' lang='lat' dir='ltr'>citatus</span> <span class='ocrx_word' id='word_1_551' title='bbox 1244 4645 1296 4702; x_wconf 89' lang='lat' dir='ltr'>est</span> <span class='ocrx_word' id='word_1_552' title='bbox 1310 4656 1330 4701; x_wconf 89' lang='lat' dir='ltr'>a</span> <span class='ocrx_word' id='word_1_553' title='bbox 1345 4630 1494 4724; x_wconf 83' lang='lat' dir='ltr'>mortuis</span> <span class='ocrx_word' id='word_1_554' title='bbox 1519 4642 1554 4700; x_wconf 90' lang='lat' dir='ltr'>et</span> <span class='ocrx_word' id='word_1_555' title='bbox 1573 4628 1803 4719; x_wconf 85' lang='lat' dir='ltr'>glorificatus,</span> <span class='ocrx_word' id='word_1_556' title='bbox 1828 4630 1876 4700; x_wconf 89' lang='lat' dir='ltr'>ita</span> <span class='ocrx_word' id='word_1_557' title='bbox 1900 4645 1935 4702; x_wconf 86' lang='lat' dir='ltr'>et</span> <span class='ocrx_word' id='word_1_558' title='bbox 1952 4655 2017 4701; x_wconf 87' lang='lat' dir='ltr'>uos</span> <span class='ocrx_word' id='word_1_559' title='bbox 2031 4655 2088 4702; x_wconf 88' lang='lat' dir='ltr'>re-</span> 
     </span>
     <span class='ocr_line' id='line_1_91' title="bbox 1101 4729 1622 4824; baseline -0.017 -17"><span class='ocrx_word' id='word_1_560' title='bbox 1101 4736 1309 4809; x_wconf 79' lang='lat' dir='ltr'>suscitemus</span> <span class='ocrx_word' id='word_1_561' title='bbox 1326 4747 1359 4804; x_wconf 91' lang='lat' dir='ltr'>et</span> <span class='ocrx_word' id='word_1_562' title='bbox 1373 4729 1622 4824; x_wconf 80' lang='lat' dir='ltr'>glorificemur.</span> 
     </span>
    </p>
   </div>
   <div class='ocr_carea' id='block_1_26' title="bbox 1362 4894 1824 4994">
    <p class='ocr_par' dir='ltr' id='par_1_26' title="bbox 1362 4894 1824 4994">
     <span class='ocr_line' id='line_1_92' title="bbox 1362 4894 1824 4994; baseline 0 -18"><span class='ocrx_word' id='word_1_563' title='bbox 1362 4894 1457 4976; x_wconf 86' lang='lat' dir='ltr'>Cum</span> <span class='ocrx_word' id='word_1_564' title='bbox 1483 4898 1635 4972; x_wconf 69' lang='lat' dir='ltr'>veniisset</span> <span class='ocrx_word' id='word_1_565' title='bbox 1657 4922 1743 4994; x_wconf 79' lang='lat' dir='ltr'>ergo</span> <span class='ocrx_word' id='word_1_566' title='bbox 1763 4909 1824 4976; x_wconf 85' lang='lat' dir='ltr'>etc.</span> 
     </span>
    </p>
   </div>
   <div class='ocr_carea' id='block_1_27' title="bbox 1097 5027 2088 5329">
    <p class='ocr_par' dir='ltr' id='par_1_27' title="bbox 1097 5027 2104 5329">
     <span class='ocr_line' id='line_1_93' title="bbox 1158 5027 2088 5131; baseline -0.004 -18"><span class='ocrx_word' id='word_1_567' title='bbox 1158 5027 1164 5037; x_wconf 49' lang='lat'>¹</span> <span class='ocrx_word' id='word_1_568' title='bbox 1201 5047 1243 5112; x_wconf 92' lang='lat' dir='ltr'>In</span> <span class='ocrx_word' id='word_1_569' title='bbox 1260 5039 1507 5111; x_wconf 88' lang='lat' dir='ltr'>iustificatione</span> <span class='ocrx_word' id='word_1_570' title='bbox 1532 5059 1673 5106; x_wconf 87' lang='lat' dir='ltr'>neeesse</span> <span class='ocrx_word' id='word_1_571' title='bbox 1696 5049 1748 5106; x_wconf 92' lang='lat' dir='ltr'>est</span> <span class='ocrx_word' id='word_1_572' title='bbox 1769 5037 1924 5128; x_wconf 88' lang='lat' dir='ltr'>primurn</span> <span class='ocrx_word' id='word_1_573' title='bbox 1946 5041 2088 5131; x_wconf 87' lang='lat' dir='ltr'>praedi-</span> 
     </span>
     <span class='ocr_line' id='line_1_94' title="bbox 1098 5135 2086 5226; baseline -0.003 -10"><span class='ocrx_word' id='word_1_574' title='bbox 1098 5146 1171 5216; x_wconf 89' lang='lat' dir='ltr'>cari</span> <span class='ocrx_word' id='word_1_575' title='bbox 1187 5145 1359 5226; x_wconf 80' lang='lat' dir='ltr'>verbum,</span> <span class='ocrx_word' id='word_1_576' title='bbox 1393 5142 1489 5211; x_wconf 78' lang='lat' dir='ltr'>iuxta</span> <span class='ocrx_word' id='word_1_577' title='bbox 1511 5139 1602 5209; x_wconf 93' lang='lat' dir='ltr'>illud</span> <span class='ocrx_word' id='word_1_578' title='bbox 1621 5135 1728 5212; x_wconf 85' lang='lat' dir='ltr'>Rom.</span> <span class='ocrx_word' id='word_1_579' title='bbox 1743 5136 1806 5210; x_wconf 84' lang='lat' dir='ltr'>X.:</span> <span class='ocrx_word' id='word_1_580' title='bbox 1839 5136 1942 5210; x_wconf 86' lang='lat' dir='ltr'>Fides</span> <span class='ocrx_word' id='word_1_581' title='bbox 1964 5166 2006 5212; x_wconf 83' lang='lat' dir='ltr'>ex</span> <span class='ocrx_word' id='word_1_582' title='bbox 2022 5167 2086 5213; x_wconf 88' lang='lat' dir='ltr'>eu-</span> 
     </span>
     <span class='ocr_line' id='line_1_95' title="bbox 1097 5239 2085 5329; baseline -0.01 -10"><span class='ocrx_word' id='word_1_583' title='bbox 1097 5249 1175 5319; x_wconf 91' lang='lat' dir='ltr'>ditu</span> <span class='ocrx_word' id='word_1_584' title='bbox 1198 5259 1260 5317; x_wconf 86' lang='lat' dir='ltr'>est.</span> <span class='ocrx_word' id='word_1_585' title='bbox 1311 5241 1489 5322; x_wconf 88' lang='lat' dir='ltr'>Miracula</span> <span class='ocrx_word' id='word_1_586' title='bbox 1509 5253 1592 5311; x_wconf 90' lang='lat' dir='ltr'>sunt</span> <span class='ocrx_word' id='word_1_587' title='bbox 1617 5240 1713 5309; x_wconf 90' lang='lat' dir='ltr'>illius</span> <span class='ocrx_word' id='word_1_588' title='bbox 1737 5239 1837 5310; x_wconf 91' lang='lat' dir='ltr'>verbi</span> <span class='ocrx_word' id='word_1_589' title='bbox 1860 5252 1984 5329; x_wconf 84' lang='lat' dir='ltr'>testes,</span> <span class='ocrx_word' id='word_1_590' title='bbox 2017 5239 2085 5315; x_wconf 89' lang='lat' dir='ltr'>hoc</span> 
     </span>
    </p>
   </div>
   <div class='ocr_carea' id='block_1_28' title="bbox 1038 5337 2086 5450">
    <p class='ocr_par' dir='ltr' id='par_1_28' title="bbox 1038 5337 2086 5450">
     <span class='ocr_line' id='line_1_96' title="bbox 1038 5337 2086 5450; baseline -0.024 -26"><span class='ocrx_word' id='word_1_591' title='bbox 1038 5355 1042 5370; x_wconf 90' lang='lat'>&#39;</span> <span class='ocrx_word' id='word_1_592' title='bbox 1096 5351 1260 5446; x_wconf 91' lang='lat' dir='ltr'>estquod</span> <span class='ocrx_word' id='word_1_593' title='bbox 1278 5337 1663 5419; x_wconf 84' lang='lat' dir='ltr'>mulierculahocloco</span> <span class='ocrx_word' id='word_1_594' title='bbox 1687 5339 1825 5414; x_wconf 88' lang='lat' dir='ltr'>civibus</span> <span class='ocrx_word' id='word_1_595' title='bbox 1846 5343 1921 5418; x_wconf 83' lang='lat' dir='ltr'>suis</span> <span class='ocrx_word' id='word_1_596' title='bbox 1942 5347 2086 5450; x_wconf 58' lang='lat' dir='ltr'>praedi.</span> 
     </span>
    </p>
   </div>
   <div class='ocr_carea' id='block_1_29' title="bbox 1341 5447 1392 5519">
    <p class='ocr_par' dir='ltr' id='par_1_29' title="bbox 1341 5447 1392 5519">
     <span class='ocr_line' id='line_1_97' title="bbox 1341 5447 1392 5519; baseline 0 0"><span class='ocrx_word' id='word_1_597' title='bbox 1341 5447 1392 5519; x_wconf 81' lang='grc'>69</span> 
     </span>
    </p>
   </div>
   <div class='ocr_carea' id='block_1_30' title="bbox 0 0 2342 5816">
    <p class='ocr_par' dir='ltr' id='par_1_30' title="bbox 0 0 2342 5816">
     <span class='ocr_line' id='line_1_98' title="bbox 0 0 2342 5816; baseline 0 0"><span class='ocrx_word' id='word_1_598' title='bbox 0 0 2342 5816; x_wconf 95' lang='lat' dir='ltr'> </span> 
     </span>
    </p>
   </div>
  </div>
 </body>
</html>
