4590 5808
241 155 315 232 708

241 346 451 425 quaeramus
480 321 703 412 voluptatem
729 329 789 386 eut
808 316 1065 387 'relaxationem
1089 313 1228 386 auimo·

233 457 321 505 rum
344 428 402 499 vel
423 424 582 496 serendis
603 417 867 490 contumeliosis
882 419 1020 489 fabellis
1038 429 1142 511 atque
1159 417 1229 486 cri-

240 529 519 610 minationibus,
546 524 602 593 vel
618 524 771 592 libenter
786 533 820 590 et
835 519 937 590 avide
952 521 1139 592 audiendis
1155 543 1230 590 ser-

241 635 424 718 monibus,
456 629 587 724 quibus
610 625 762 695 aliorum
785 623 879 693 fama
899 623 1053 694 laeditur
1078 635 1112 692 ct
1135 636 1229 692 exte-

240 753 384 815 nuatur.
443 732 533 802 Nam
558 727 593 800 S.
618 723 752 796 Paulus
776 728 946 817 expressis
971 727 1089 796 verbis
1111 723 1229 818 inquit

244 847 276 916 l.
291 832 455 912 Corinth.
471 834 524 905 6.:
551 829 674 923 Neque
688 828 859 914 adulteri,
888 853 1003 923 neque
1018 823 1229 912 homicidae,

239 967 356 1039 neque
374 935 629 1010 conviciatores
647 953 795 1021 regnum
809 926 876 1000 Dei
892 932 1134 1022 possidebunt.
1182 925 1229 999 Et

240 1027 476 1119 Ecclesiastici
492 1037 551 1109 21.
574 1034 721 1106 dicitur:
749 1027 978 1104 Obtrectator
1001 1033 1137 1125 polluet
1150 1031 1229 1102 aui-

240 1171 335 1219 marn
359 1165 459 1213 suem
483 1155 517 1211 et
537 1137 693 1207 vicissim
718 1135 890 1206 afficietur
912 1134 1121 1227 ignominia.
1181 1129 1230 1204 Et

239 1249 309 1322 hec
330 1248 406 1338 ipso
431 1245 511 1313 loco
523 1239 703 1314 Dominus
727 1239 827 1308 addit
846 1236 1158 1309 comminationem
1174 1235 1229 1306 lo·

241 1374 354 1449 quens
375 1351 419 1416 de
439 1343 563 1439 poenis
586 1341 831 1433 praesentibus
854 1355 888 1411 ct
910 1341 1060 1424 futuris,
1093 1340 1169 1411 fore
1190 1352 1230 1410 ut

47 1481 53 1494 ¹
145 1457 147 1460 ’
240 1453 418 1527 cumulate
447 1447 633 1530 reddatur,
664 1458 704 1515 ut
728 1443 881 1512 vicissim
904 1443 1071 1512 venenati
1091 1442 1146 1510 illi
1172 1465 1229 1511 ca-

240 1555 472 1630 lumniatores
497 1550 699 1619 iudicentur
723 1558 757 1615 et
780 1545 987 1637 puniantur.
1055 1541 1123 1614 Cui
1148 1543 1230 1636 qui·

241 1664 321 1733 dem
339 1655 522 1740 evidenter
538 1648 697 1740 exempla
714 1649 943 1742 quotidianae
958 1647 1051 1718 vitae
1067 1661 1102 1718 et
1116 1641 1231 1716 histo-

240 1763 378 1835 riarum
404 1754 630 1828 consentiunt
654 1762 759 1845 atque
782 1753 1016 1842 respondent,
1050 1761 1091 1819 ut
1114 1771 1230 1820 exem-

241 1865 341 1958 plum
365 1857 529 1930 maledici
545 1854 664 1927 Semci
686 1865 835 1924 testatur
850 1855 886 1925 2.
905 1851 996 1942 Reg.
1017 1851 1076 1924 16.
1104 1848 1231 1938 Quan-

242 1971 290 2038 do
319 1976 417 2034 mota
444 1959 618 2031 seditione
641 1972 712 2047 'per
744 1952 986 2044 Absolouem,
1029 1977 1090 2023 rex
1113 1950 1203 2022 Davi

242 2071 313 2139 iam
337 2087 442 2136 senex
465 2053 503 2132 in
521 2061 602 2150 fuga
615 2059 834 2158 trepidabat,
858 2057 1066 2127 occurrebat
1081 2053 1231 2144 fugienti

241 2171 388 2265 quidam
411 2189 452 2236 cx
468 2161 692 2257 proceribus,
715 2160 778 2254 qui
794 2171 897 2240 autea
913 2160 1080 2229 floruerat
1097 2157 1135 2226 in
1151 2157 1231 2226 aula

241 2273 335 2364 regis
362 2268 501 2356 Saulis,
545 2261 605 2332 hic
636 2263 852 2331 clamoribus
881 2255 1166 2331 debacchabatur
1194 2259 1232 2326 iu

242 2376 379 2448 exulem
395 2367 596 2450 Davidem,
625 2377 659 2434 et
680 2364 876 2432 laetabatur
890 2361 1032 2432 miseria
1049 2385 1110 2430 sen
1128 2359 1231 2430 exilio

242 2475 354 2566 regis,
381 2469 558 2554 insultans
579 2467 612 2537 ei
628 2460 695 2534 hoc
713 2477 886 2534 venenato
903 2485 1093 2534 sarcasmo:
1121 2457 1242 2552 Egra,

243 2580 328 2648 dere
350 2573 406 2644 vir
428 2569 661 2661 sanguinum,
690 2565 846 2637 reddidit
869 2565 936 2638 tibi
952 2564 1128 2637 Dominus
1151 2563 1233 2633 uni-

243 2701 382 2761 versum
403 2672 612 2765 sanguinem
631 2673 758 2740 domus
777 2667 882 2754 Saul,
911 2667 1080 2761 quoniam
1099 2665 1232 2735 iuvasi-

243 2783 290 2854 sti
312 2800 458 2870 regnum
485 2777 562 2867 ipso
584 2795 746 2852 excusso,
774 2784 838 2846 etc.
892 2769 966 2839 lam
990 2769 1140 2859 singulis
1161 2767 1233 2837 eri-

243 2883 461 2956 stimandum
483 2903 523 2948 ac
548 2875 837 2974 perpendendum
863 2873 1046 2966 relinquo,
1079 2883 1234 2966 quanto-

244 3011 327 3079 pere
356 2975 416 3054 isti
437 2979 603 3050 sarcasmi
627 2991 661 3046 et
685 2989 879 3046 venenatae
903 2975 1037 3044 ironiae
1060 2986 1234 3044 auxerunt

243 3084 393 3160 Davidis
416 3083 595 3170 ingentem
611 3079 791 3168 dolorem,
818 3101 921 3170 quem
939 3077 977 3144 iu
993 3077 1072 3170 fuga
1091 3090 1234 3168 propter

245 3173 440 3260 Absolonis
463 3183 526 3254 lilii
550 3182 662 3252 scelus
679 3182 797 3249 auimo
813 3179 1042 3251 circumtulit.
1097 3175 1233 3247 ldcirco

245 3273 314 3360 viri
329 3291 451 3371 fortes,
478 3285 539 3379 qui
556 3296 660 3355 antea
677 3285 851 3354 duxerant
866 3281 1037 3351 exercitus
1052 3282 1143 3372 apud
1159 3276 1234 3350 Da-

245 3393 383 3474 videm,
417 3403 450 3458 et
472 3401 558 3458 tuuc
580 3388 683 3476 fugae
706 3385 872 3470 comites,
903 3396 1008 3476 atque
1030 3383 1116 3452 socii
1140 3382 1235 3475 peri-

246 3495 407 3566 culorum
438 3490 529 3581 regis
560 3502 677 3574 eraut,
718 3489 807 3557 adeo
841 3487 1155 3566 incandescebant‚
1195 3489 1235 3554 u't

246 3596 435 3667 confodere
457 3592 668 3660 maledicum
690 3591 981 3659 subsannatorem
1004 3600 1175 3679 cuperent
1201 3597 1234 3656 et

247 3709 480 3777 conarentur,
520 3695 581 3762 sed
617 3685 899 3783 prohibebantur
927 3715 946 3758 a
978 3686 1132 3774 Davide‚
1172 3689 1234 3783 qui

246 3800 365 3872 noluit
381 3793 449 3869 hoc
461 3817 527 3866 suo
542 3801 701 3885 tempere
714 3815 874 3862 exercere
889 3791 1081 3860 vindictam
1099 3814 1159 3859 seu
1176 3792 1234 3860 iu-

246 3904 357 3976 iurias
375 3923 454 3971 suas
470 3896 613 3980 ulcisci,
640 3895 712 3964 imo
730 3919 775 3964 ne
793 3893 937 3987 quidem
956 3905 1074 3984 postea
1092 3894 1232 3964 restitu-

247 4022 304 4079 tus
327 4007 366 4073 iu
389 4025 536 4091 regnum
552 3999 667 4070 voluit
684 3992 780 4068 hunc
795 3995 1069 4066 conviciatorem
1086 3992 1235 4066 maledi-

248 4133 327 4178 cum
356 4103 520 4176 interfici.
569 4099 639 4171 Sed
664 4113 742 4192 post
762 4111 912 4168 mortem
927 4095 1076 4166 Davidis
1092 4121 1152 4166 rex
1169 4096 1234 4168 Sa·

248 4212 370 4279 lomou
389 4203 572 4276 mandavit
589 4197 672 4273 huic
687 4200 823 4285 Semei,
850 4214 889 4270 ut
907 4198 1104 4269 contineret
1119 4223 1154 4268 se
1169 4201 1233 4269 clo-

249 4309 318 4394 mi,
346 4332 409 4377 nec
425 4329 603 4401 quoquam
624 4305 748 4397 pedem
766 4316 862 4372 extra
880 4315 998 4392 portas
1016 4302 1114 4372 urbis
1131 4303 1233 4371 elfer-

248 4425 320 4491 ret,
348 4411 442 4504 quod
466 4432 547 4479 cum
573 4407 602 4475 is
623 4407 734 4475 facere
751 4403 978 4495 neglexisset,
1003 4404 1139 4476 curavit
1156 4429 1233 4476 eum

248 4513 419 4586 Salomon
446 4511 573 4580 ultimo
596 4507 771 4599 supplicio
794 4508 897 4582 affici.
949 4505 1000 4578 lta
1024 4507 1234 4602 nequidem

249 4637 380 4710 poenas
397 4610 559 4704 politicas
576 4612 613 4680 in
631 4604 697 4678 hac
713 4609 888 4702 corporali
905 4610 974 4679 vita
991 4609 1109 4680 Semei
1126 4607 1235 4679 male·

249 4721 350 4791 dicus
371 4713 506 4804 effugit.
557 4711 631 4788 Nec
655 4714 818 4807 estquod
835 4711 1021 4805 quisquam
1039 4711 1179 4781 sibivel
1198 4711 1236 4780 iu

249 4819 424 4914 praesenti
442 4815 512 4885 rita
530 4810 734 4886 huiusmodi
749 4827 970 4907 peccatorum
988 4813 1233 4906 impunitatem

250 4925 451 5014 promittat,
483 4915 710 5012 quantumvis
737 4917 893 4988 executio
922 4917 1081 4987 civilium
1106 4939 1236 5008 poena-

250 5047 348 5109 rum,
381 5047 469 5117 qnas
498 5018 720 5108 magistratus
751 5033 903 5104 exercet,
936 5018 1153 5111 impediatur
1178 5041 1236 5086 so-

249 5119 402 5218 phistica
429 5119 720 5216 praestigiatrice,
754 5144 823 5214 qua
854 5122 1016 5192 maledici
1040 5121 1237 5192 calumnia-

251 5242 346 5300 tores
368 5227 424 5293 illi
447 5236 619 5296 venenata
641 5244 703 5291 sua
725 5237 759 5294 et
774 5225 939 5296 ementita
957 5223 1116 5297 convicia
1132 5223 1237 5292 novis

253 5325 433 5400 coloribus
447 5341 553 5421 atque
569 5325 805 5419 praetextibus
814 5326 953 5412 fucata,
981 5327 1068 5396 adeo
1083 5325 1237 5414 graviter

836 141 959 218 PHIL
985 137 1102 220 Mat..
1128 140 1342 219 scalpra
1367 141 1670 220 Exueartca.

2179 147 2244 222 tot

1280 318 1489 404 involvunt,
1515 333 1701 400 excusant,
1726 311 1841 406 et,'nt
1858 321 1908 391 ita
1923 321 2057 406 dicam,
2081 321 2248 410 mangoni-

1280 434 1372 506 zant,
1395 433 1437 492 ut
1451 420 1492 489 iu
1507 420 1710 493 forensibus
1722 423 1989 512 cognitionibus
2005 438 2108 518 atque
2124 422 2249 494 iudiciis

1280 522 1446 594 convinci
1469 523 1514 594 de
1536 523 1716 595 calumnia
1737 525 1796 595 vix
1818 551 1977 620 unquam
1998 549 2096 620 posse
2117 526 2250 595 videan-

1280 639 1353 698 tur.
1403 623 1650 696 Veruntamen
1663 628 1738 725 ipse
1747 625 1844 699 Deus
1857 623 1944 700 haec
1959 629 2149 723 perniciosa
2162 651 2250 696 men·

1280 729 1397 814 dacia,
1439 723 1649 826 sophisticas
1688 730 1884 813 elusiones‚
1926 745 1961 802 et
1993 742 2175 802 venenatas
2204 753 2251 798 ca-

1279 830 1436 903 lumnias
1452 831 1594 919 retegit,
1620 833 1761 917 refutat,
1787 846 1821 905 et
1833 835 2013 906 atrocibus
2026 831 2146 926 poenis
2160 831 2251 902 etiam

1281 935 1319 1004 in
1337 929 1403 1004 hac
1420 933 1600 1032 corporali
1614 933 1685 1004 vita
1702 937 1939 1030 persequitur.

1605 1127 1715 1224 'artur
1738 1171 1948 1237 exemptum.

1386 1285 1429 1358 ln
1459 1283 1610 1361 historia
1641 1284 1773 1361 Esther
1803 1293 1975 1383 scriptum
2006 1305 2059 1364 est
2084 1293 2128 1362 de
2152 1291 2255 1360 Amen

1282 1386 1385 1462 hoste
1416 1390 1648 1474 ludaeorum,
1684 1392 1749 1486 qui
1781 1407 1966 1487 propterea
1995 1395 2091 1487 quod
2124 1391 2253 1462 Marde-

1283 1489 1411 1564 chaeus
1434 1518 1508 1563 uon
1522 1495 1621 1565 flexis
1638 1495 1789 1586 genibus
1804 1498 1969 1567 adoraret
1984 1495 2101 1588 ipsum
2117 1489 2253 1566 Ethuice

1284 1620 1401 1678 more,
1434 1620 1498 1687 per
1531 1597 1748 1669 calumniam
1778 1597 2028 1689 impetraverat
2054 1598 2199 1668 edictum
2219 1599 2254 1664 de

1283 1698 1449 1769 universa
1471 1711 1572 1788 gente
1592 1697 1736 1770 ludaica
1754 1699 1925 1784 delenda,
1950 1700 2040 1771 falso
2058 1699 2254 1778 criminatus,

1285 1824 1366 1872 eum
1390 1798 1556 1872 mandata
1574 1801 1666 1891 regis
1680 1795 1827 1872 Assueri
1843 1803 2099 1874 contumaciter
2113 1801 2253 1871 violasse.

1284 1902 1476 1997 Postquam
1494 1926 1577 1974 vcro
1589 1926 1706 1993 regem
1715 1900 1864 1975 Darium
1874 1903 2071 1974 Assucrnm
2082 1903 2173 1973 flexit
2184 1926 2253 1972 cou-

1285 2006 1372 2075 iuux
1409 1998 1539 2076 Esther
1573 2005 1754 2097 patefactis
1776 2005 1977 2092 „calumniis
2015 2021 2050 2078 et
2086 2005 2254 2076 sceleribus

1286 2104 1421 2186 Amau,
1450 2107 1586 2179 curavit
1599 2133 1659 2178 rex
1675 2108 1967 2180 calumniatorem
1976 2105 2113 2188 Aman,
2141 2105 2253 2176 ludaici

1285 2208 1423 2280 cruoris
1445 2209 1622 2280 sitientem
1646 2211 1876 2300 strangulari,
1911 2231 2121 2302 suspensum
2145 2211 2184 2278 de
2203 2231 2253 2276 eo-

1286 2315 1365 2381 dem
1396 2311 1576 2403 patibulo,
1608 2315 1705 2405 quod
1731 2313 1791 2381 ille
1814 2307 2056 2383 Mardochaeo
2081 2324 2254 2404 paraverat,

1286 2439 1325 2484 ac
1347 2413 1483 2483 emissis
1506 2415 1695 2484 contrariis
1718 2415 1841 2486 edictis
1861 2438 1924 2506 per
1942 2415 2177 2506 provinciam,
2200 2415 2254 2482 do·

1287 2539 1385 2584 mum
1403 2526 1437 2585 et
1454 2517 1691 2605 possessiones
1710 2512 1826 2586 Aman
1842 2517 2005 2589 attribuit
2024 2512 2253 2588 Mardochaco.

1286 2615 1356 2688 Sed
1380 2616 1542 2699 omnium
1563 2631 1764 2709 temporum
1787 2633 1821 2690 et
1838 2633 1989 2692 aetatum
2008 2613 2173 2690 historiae
2187 2616 2254 2686 satis

1286 2718 1514 2810 suppeditant
1534 2721 1794 2812 exemplorum,
1828 2722 1881 2808 ei,
1907 2721 1970 2814 qui
1994 2722 2101 2814 paulo
2122 2721 2253 2807 diligen-

1285 2822 1356 2892 tius
1371 2822 1552 2891 attendere
1569 2823 1734 2894 voluerit.
1789 2819 1948 2896 Ut'cnim
1962 2820 2058 2915 proh
2073 2825 2186 2906 dolor,
2210 2821 2253 2887 vix

1285 2924 1399 2994 ullum
1430 2934 1612 3015 peccatum
1641 2925 1866 2998 communius
1888 2940 1921 2997 et
1943 2927 2123 3019 vulgarius
2145 2938 2191 2995 est
2209 2945 2254 3014 sy·

1286 3020 1532 3117 cophantica,¹
1560 3051 1622 3096 seu
1662 3029 1881 3098 calumniosa
1923 3028 2181 3100 maledicentia:
2217 3025 2253 3092 ita

1285 3128 1382 3199 Deus
1407 3127 1618 3219 imposturas
1633 3125 1843 3224 sophisticas
1859 3145 1890 3201 et
1908 3125 2171 3224 sycophanticas
2186 3149 2252 3218 poe-

1286 3231 1342 3299 uis
1356 3230 1496 3299 assidue
1514 3255 1575 3321 per
1593 3255 1702 3321 genus
1717 3226 1912 3304 humanum
1936 3236 2143 3323 vagantibus
2159 3227 2252 3320 repri-

1286 3333 1350 3403 mit
1384 3356 1423 3401 ac
1453 3334 1632 3418 retundit,
1665 3336 1963 3427 quemadmodum
1987 3348 2178 3426 grassantes
2199 3323 2252 3398 ho·

1287 3433 1457 3518 micidiis3
1482 3435 1605 3520 furtis,
1632 3451 1692 3507 aut
1713 3436 1791 3505 aliis
1808 3438 2000 3508 sceleribus
2019 3438 2169 3530 pollutos
2184 3431 2252 3502 sub

1285 3537 1370 3605 iude
1386 3531 1535 3607 retrahit
1552 3540 1595 3606 ad
1616 3561 1755 3628 poenas.

1611 3771 1719 3824 Aliud
1748 3774 1951 3839 exempturo.
2004 3834 2008 3842 Ι

1389 3892 1467 3965 Rex
1491 3891 1725 3966 Macedoniae
1748 3893 1936 3988 Philippus
1959 3911 2063 3997 pater
2082 3891 2251 3970 Alexandri
2277 3885 2278 3909 *

1287 3995 1433 4087 Magni,
1466 3995 1614 4070 iusserat
1645 4000 1794 4070 militem
1825 4001 2004 4093 quendam
2036 4002 2194 4088 navigare
2217 3995 2277 4113 ld,

1287 4113 1381 4170 certa
1400 4099 1498 4183 loca,
1524 4100 1730 4189 speculandi
1750 4123 1813 4172 seu
1828 4103 2036 4193 explorandi
2051 4126 2161 4173 causa.
2205 4095 2252 4166 lu·
2275 4183 2276 4194 ἶ

1289 4202 1390 4273 terim
1423 4214 1544 4270 coorta
1574 4215 1778 4294 tempestate
1805 4206 1906 4274 navis
1937 4206 2027 4275 victa
2056 4203 2207 4297 procellis
2227 4211 2276 4317 etp

1288 4305 1459 4375 fluctuum
1486 4303 1621 4396 impetu
1643 4305 1836 4396 frangitur,
1868 4309 1929 4377 sed
1950 4306 2026 4379 Deo
2052 4304 2275 4396 naufragium

1289 4407 1512 4499 respiciente,
1555 4409 1705 4479 accurrit
1744 4408 1915 4498 agricola,
1957 4409 2058 4478 cuius
2093 4407 2250 4501 praedium

1288 4532 1350 4579 seu
1373 4508 1458 4577 villa
1481 4531 1555 4578 nou
1571 4510 1695 4600 procul
1711 4511 1863 4581 aberata
1882 4510 1981 4580 mari.
2019 4509 2053 4581 ls
2066 4511 2183 4581 audito
2196 4504 2251 4573 cla·
2273 4561 2274 4574 .

1288 4633 1387 4681 more
1410 4610 1533 4680 militis
1558 4612 1772 4702 periclitanti
1795 4613 2008 4702 opitulatur,
2043 4628 2077 4683 et
2098 4581 2274 4725 receptnml

1289 4737 1330 4782 ex
1348 4713 1448 4806 aquis
1464 4713 1503 4782 in
1520 4737 1617 4783 suam
1635 4716 1808 4810 cymbam,
1831 4714 2058 4805 defatigatum
2075 4715 2189 4784 labore
2203 4727 2253 4777 ua·
2271 4737 2273 4812 q

1289 4817 1408 4906 tandi,
1442 4816 1641 4887 confectum
1663 4816 1773 4901 fame,
1806 4817 2001 4902 insomnia,
2028 4830 2063 4887 et
2084 4813 2188 4886 animi
2208 4831 2252 4877 so·

1289 4917 1386 4987 licito
1401 4941 1581 5002 moerore,
1609 4918 1778 5008 rigentem
1796 4919 1946 5010 frigore,
1974 4944 2013 4990 ac
2030 4941 2137 5010 paene
2152 4907 2252 4985 exani·
2271 4975 2272 4988 .

1290 5043 1381 5088 mem
1405 5020 1502 5088 ducit
1528 5019 1565 5087 in
1592 5021 1732 5106 villam,
1758 5037 1892 5093 recreat
1914 5024 1958 5093 ad
1981 5023 2117 5098 focum,
2143 5009 2251 5085 lectulo

1290 5121 1494 5213 impositum
1511 5143 1550 5192 ec
1569 5122 1649 5192 cibo
1668 5137 1824 5218 potuque
1840 5125 2026 5209 refectum,
2047 5123 2137 5193 fovet
2154 5109 2252 5187 omnl-
2270 5195 2271 5204 χ

1289 5224 1356 5292 bus
1370 5223 1513 5305 officiis,
1539 5225 1652 5294 donec
1665 5225 1824 5312 animum
1839 5225 2001 5322 viresque
2016 5221 2169 5315 recipiat:
2191 5222 2254 5307 pott

1290 5323 1448 5395 triduum
1479 5325 1578 5396 abire
1606 5328 1805 5419 cupientem
1839 5328 1943 5399 etiam
1970 5325 2095 5398 viatico
2120 5315 2252 5392 iustruit.

2269 5449 2270 5508 l

2269 5511 2270 5538 l
