4590 5808
283 191 367 270 xlt.
417 187 810 266 ANNOTA'PIONES
834 186 902 266 ΕΤ
928 183 1211 264 couctottus
1238 185 1288 260 IN
1314 182 1499 262 EVANG.
1525 187 1804 264 MATTHAttt
1985 193 2060 270 698

142 367 196 436 Ad
219 360 311 436 hanc
334 364 445 458 igitur
466 387 604 436 erucem
628 377 833 456 praeparate
857 386 920 436 vos
940 364 1022 448 tide,
1073 363 1120 432 tis
1140 360 1284 456 propria
1305 374 1341 433 et
1363 359 1568 454 quiescatis,
1595 365 1661 433 'nec
1676 376 1771 434 extra
1788 375 1897 435 metas
1912 367 2062 437 curratis

57 496 90 542 ac
106 470 204 562 petite
223 493 242 539 a
257 471 335 540 lleo
357 467 617 560 mitigationem
639 477 901 541 aerumnarum.
953 463 1021 538 Ca·
1074 465 1243 535 irruendo
1260 463 1299 532 in
1313 463 1444 533 alienas
1458 463 1670 536 vocationes.

57 587 121 642 vete
141 585 252 642 autem
274 594 319 640 ne
341 569 543 642 curiositate
566 592 628 640 seu
641 559 968 664 'polypragmosyne
989 582 1023 638 et
1177 562 1231 636 Ac
1251 564 1291 634 in
1315 589 1473 646 summa,
1499 566 1819 662 polypragmosyne
1840 590 1901 640 seu
1918 570 2063 640 temeri-

57 674 284 768 inquietodine
305 672 436 758 animi,
463 671 640 766 quaeratis
656 673 798 762 negotia
814 696 888 745 non
904 694 1023 742 neces-
1074 683 1127 740 tas
1145 667 1369 739 molientium
1387 691 1461 738 non
1477 670 1669 740 necessaria
1686 670 1742 739 vel
1758 669 1980 758 curiositate,
2005 673 2062 743 vel

56 779 150 863 saria,
174 788 208 845 et
228 773 345 846 aliena
370 799 390 844 a
415 775 618 860 vocatione,
644 797 709 845 nec
731 775 812 866 plus
833 774 1023 845 difficulta-
1075 786 1172 843 metu
1202 771 1314 842 futuri
1344 769 1514 862 periculi,
1548 773 1606 842 vel
1633 772 1740 844 stulta
1770 796 1831 865 spe
1854 773 2065 866 perniciosa,

56 893 135 963 tum,
159 877 399 948 molestiarum
421 889 457 948 et
476 876 700 948 miseriarum
723 877 826 946 vobis
848 875 1024 960 accersite,
1076 897 1214 964 semper
1238 886 1273 944 et
1295 873 1536 943 infelicissima
1559 886 1627 958 est,
1660 875 1735 944 sive
1758 874 1796 944 in
1819 877 1968 948 summis
1992 877 2065 948 sive

59 195 121 270 nst

55 1005 145 1074 quam
168 994 304 1072 tempus
325 992 359 1052 ct
375 1000 540 1071 praesens
557 979 693 1050 occasio
709 979 949 1065 vobiscum,
984 991 1025 1048 ut
1077 976 1116 1044 in
1138 975 1271 1044 infimis
1293 975 1480 1046 ordinibus
1498 975 1622 1047 existat
1636 968 1722 1046 haec
1736 978 1962 1048 vocationum
1979 1001 2065 1050 con·
2182 989 2194 998 “

55 1080 147 1152 losias
165 1083 245 1173 pius
267 1095 302 1154 et
324 1093 466 1152 sanctus
486 1105 564 1167 rex,
590 1083 677 1153 dum
690 1083 911 1156 securitatem
927 1082 1025 1152 alens
1076 1077 1169 1150 fusio
1186 1092 1221 1150 et
1234 1077 1432 1148 officiorum
1451 1077 1686 1151 conturbatio.

55 1185 187 1253 somniat
208 1206 246 1252 se
268 1197 340 1254 tam
362 1183 462 1275 pium
484 1205 524 1252 ac
540 1183 632 1254 bene
648 1185 815 1255 meritum
830 1184 1024 1276 principem
1175 1176 1277 1260 ¹Haec
1290 1180 1411 1275 itaque
1426 1179 1614 1270 singularis
1630 1180 1799 1272 sapientia
1812 1179 1929 1253 vitans
1944 1183 2064 1255 curio-

54 1287 154 1356 nullas
169 1285 399 1369 offensiones,
426 1286 485 1354 sed
503 1307 681 1357 successus
695 1299 928 1378 perpetuoset
947 1285 1025 1378 pla·
1077 1283 1235 1367 sitatem,
1260 1283 1606 1380 polypragmosynen
1632 1295 1666 1352 et
1689 1283 1941 1370 ambitionem,
1968 1309 2066 1355 com-

55 1387 136 1457 cidos
162 1387 274 1458 exitus
302 1381 509 1456 habiturum
537 1411 627 1474 esse,
660 1412 892 1482 quaecunque
917 1399 1026 1459 tentet
1078 1387 1267 1455 mendatur
1297 1380 1364 1454 hoc
1388 1382 1521 1457 Christi
1547 1385 1658 1456 dicto:
1694 1382 1879 1458 Crastinus
1899 1387 1976 1458 dies
1999 1411 2066 1480 pro

54 1512 84 1559 ac
103 1489 285 1574 moliatur,
317 1489 429 1558 movit
450 1489 584 1560 bellurn
606 1514 682 1561 nnn
703 1492 938 1562 necessarium
961 1491 1026 1560 ad·
1078 1509 1153 1557 sese
1175 1487 1335 1559 solicitus
1355 1487 1441 1572 erit,
1466 1488 1595 1559 sufficit
1610 1487 1682 1557 diei
1698 1487 1844 1558 afflictio
1858 1511 1941 1575 aua,
1965 1489 2066 1584 quasi

56 1614 160 1662 versus
177 1614 296 1682 regem
311 1588 548 1685 Aegyptium,
573 1593 613 1663 in
634 1616 705 1687 quo
724 1617 804 1662 cum
822 1594 952 1665 vulnus
968 1615 1026 1662 ac·
1078 1589 1187 1660 dicat:
1220 1587 1342 1660 Facito
1367 1589 1557 1660 necessaria
1580 1589 1856 1683 inpraesentia,
1892 1615 1981 1686 quae
2001 1616 2066 1684 per

56 1694 200 1784 cepisset,
242 1692 425 1785 aliquanto
458 1707 536 1784 post
566 1707 729 1766 mortuus
761 1711 823 1769 est.
888 1693 1027 1786 Cogitet

57 1795 285 1888 unusquisque
315 1807 492 1880 vestrum,
523 1796 766 1890 memoriaque
790 1811 924 1892 repetat
945 1821 1026 1867 suae

56 1897 129 1966 vitae
150 1895 388 1982 curriculum,
415 1910 501 1968 tunc
525 1894 765 1991 deprehendet
786 1895 883 1972 haud
905 1899 1025 1990 dubie,

57 2019 85 2066 se
100 1999 206 2090 ipsum
232 1998 448 2092 quibusdam
472 2023 547 2070 non
561 2001 768 2073 necessariis
782 2002 1025 2095 occupationi-

57 2100 109 2169 bus
122 2101 316 2192 plurimum
333 2100 401 2170 sibi
418 2125 632 2191 poenarum,
657 2103 898 2196 periculorum
914 2117 948 2174 et
961 2103 1025 2174 tri-

57 2203 272 2273 stissimorum
289 2226 434 2273 casuum
451 2205 634 2275 attraxisse
647 2220 682 2276 et
696 2207 936 2290 arcessivisse,
961 2206 1026 2276 ubi

57 2304 80 2372 si
99 2305 285 2398 quievisset
307 2301 372 2400 (nt
397 2304 559 2398 loquitur
580 2308 619 2378 in
643 2309 823 2379 comoedia
847 2303 1026 2403 servulus)

57 2400 132 2477 nihil
146 2407 318 2478 evenisset
333 2406 429 2480 mali.

8 2535 9 2590 ἐ
139 2523 384 2614 Quamobrem
413 2538 577 2596 teneatur
603 2517 691 2594 haec
720 2549 862 2620 quoque
886 2527 1025 2618 regula:

8 2631 9 2660 ¹
57 2622 228 2718 lnmagnis
244 2627 352 2697 rebus
365 2626 524 2697 facienda
540 2639 624 2698 sunt
637 2627 711 2700 sola
726 2628 938 2714 necessaria,
963 2653 1027 2698 nec

8 2739 9 2752 ¹
57 2751 193 2822 unquam
209 2729 342 2799 tentari
355 2728 412 2798 vel
427 2729 559 2822 suscipi
574 2731 678 2801 dehet
695 2729 903 2824 quicquam,
930 2732 1027 2824 quod

57 2852 114 2899 non
131 2843 178 2902 est
196 2831 448 2903 necessarium.

142 2947 212 3021 Sed
226 2943 289 3019 hie
303 2949 503 3019 occurritur
516 2948 618 3019 vohis
632 2949 894 3042 quaerentibus,
920 2975 1028 3046 quae-

58 3071 124 3118 nam
138 3052 209 3124 sint
222 3049 442 3136 necessaria,
467 3073 601 3145 quaeve
617 3073 692 3120 non
709 3053 916 3122 necessaria.

139 3181 356 3277 Respondeo
387 3195 504 3254 autem
529 3183 643 3268 clare,
677 3183 889 3283 simpliciter
912 3199 947 3257 et
970 3209 1029 3254 ex-

9 3311 10 3314 *
58 3284 176 3370 plicate.
228 3279 352 3377 Opera
377 3298 413 3356 et
432 3285 574 3374 negotia
597 3298 682 3357 sunt
702 3288 913 3369 necessaria,
939 3311 1029 3380 quae

9 3397 10 3464 ξ
57 3380 137 3458 Dens
157 3389 224 3460 tibi
245 3387 448 3488 praecepit,
473 3411 634 3481 quaeque
656 3387 711 3458 tui
736 3387 844 3459 officii
858 3390 949 3461 ratio
964 3412 1031 3481 po-

9 3483 10 3562 l
59 3489 159 3572 stulat,
183 3514 244 3562 scu
263 3489 378 3560 officia
393 3489 537 3581 propria
547 3503 628 3560 tuae
638 3491 846 3572 vocationis,
873 3492 1029 3586 inquam

9 3585 10 3590 ’
59 3589 154 3662 aDco
177 3593 371 3664 collocatus
388 3614 434 3661 es.
487 3586 697 3682 Eragione,
725 3617 798 3663 non
814 3594 1030 3664 necessariae

9 3713 10 3716 ¹
61 3694 195 3764 actiones
219 3707 256 3764 et
273 3693 521 3785 occupationes
535 3708 637 3779 sunt,
660 3697 813 3787 quadam
828 3696 1031 3767 curiositate

9 3873 10 3882 ἵ
60 3793 104 3860 vel
128 3793 323 3868 ambitione
345 3807 448 3886 ,extra
471 3808 568 3867 tuam
589 3797 810 3868 vocationem
832 3821 1031 3890 erumpere,

60 3905 86 3962 ct
106 3897 280 3990 suscipere
309 3895 425 3968 aliena
455 3909 579 3972 contra
608 3900 816 3971 mandatum
837 3897 924 3982 Dei,
960 3923 1032 3987 seu,

61 3992 199 4086 ingerere
213 4015 250 4071 te
265 3998 391 4070 alienis
405 4000 670 4076 vocationibus.
717 3998 883 4095 Exempli
900 4027 1013 4076 causa.

145 4115 244 4207 Quid
266 4139 394 4212 quaeso
413 4118 567 4211 pertinet
583 4122 627 4190 ad
645 4121 868 4192 vocationem
886 4145 948 4193 seu
962 4123 1031 4192 mi-

61 4216 230 4293 nisterium
254 4215 415 4292 Thomas
429 4219 624 4291 Monetarii
647 4223 761 4294 forma
784 4225 1032 4314 gubernatoris

60 4313 91 4385 in
108 4321 276 4412 regimine
296 4321 468 4412 politico?
518 4320 592 4395 Cur
608 4323 670 4394 ille
684 4325 849 4416 ingerens
862 4351 898 4396 se
914 4329 1032 4398 adrni-

61 4418 248 4496 nistrationi
279 4423 436 4510 alienae,
470 4439 566 4496 extra
598 4440 708 4498 metas
728 4449 812 4498 snae
837 4429 1033 4502 functionis

62 4525 222 4617 erumpit?
275 4527 352 4598 Cur
368 4526 519 4596 alterum
536 4529 661 4618 pedem
681 4529 854 4612 incuria,
882 4531 1033 4604 alterum

63 4620 229 4720 intemplo
243 4619 376 4699 habet?
401 4627 644 4718 Quamobrem
662 4631 740 4700 vult
756 4651 876 4722 regere
892 4633 1033 4725 negotia

65 4721 186 4816 civilia,
217 4730 431 4802 constituere
457 4755 586 4802 novam
610 4734 761 4802 formam
788 4735 947 4826 imperii,
973 4759 1033 4806 or-

65 4823 170 4901 dinare
184 4855 300 4903 novos
320 4832 539 4925 principatus
553 4834 591 4903 in
609 4831 829 4906 Germania?
854 4849 921 4908 etc.

149 4947 298 5021 Sanctus
319 4963 356 5022 et
368 4951 510 5042 sapiens
525 4946 721 5046 Apostolus
737 4951 869 5025 Paulus
885 4958 1034 5026 eandem

67 5045 324 5124 admonitionem
347 5051 466 5124 verbis
487 5053 687 5144 insignibus
702 5067 737 5125 et
754 5055 1034 5147 significantibus

68 5153 193 5238 repetit,
220 5177 259 5224 ac
274 5153 444 5246 praecipit
461 5156 716 5244 eruditissime,
744 5161 779 5233 1.
795 5156 956 5234 Thessal.
974 5157 1031 5232 4.:

69 5241 291 5327 adhortamur
309 5269 349 5327 ut
372 5257 411 5326 in
431 5253 496 5328 hac
517 5283 556 5328 re
578 5259 746 5331 excellere
764 5261 935 5353 singulari
949 5263 1034 5333 dili-

69 5354 165 5434 gentia
185 5359 380 5451 conemini,
405 5383 444 5432 ac
465 5360 504 5430 in
520 5384 561 5431 eo
578 5361 654 5432 sitis
670 5364 869 5451 ambitiosi,
894 5380 935 5438 ut
951 5387 1032 5457 aga·

1078 1715 1152 1762 sese
1183 1691 1265 1761 satis
1298 1686 1482 1762 habebunt
1515 1692 1783 1778 difficultatum,
1823 1717 1888 1764 nec
1920 1695 2066 1786 propria

1078 1793 1281 1866 curiositate
1304 1794 1467 1884 ingerens
1489 1809 1523 1864 te
1540 1795 1665 1865 alienis
1681 1794 1927 1867 vocationibus
1942 1820 2067 1867 cumu-

1078 1896 1150 1966 lato
1164 1895 1231 1966 tibi
1247 1897 1445 1981 molestias,
1471 1919 1619 1986 angores
1635 1910 1669 1968 et
1682 1921 1879 1968 aerumnas.

1181 1995 1259 2069 Rex
1273 2000 1389 2068 honus
1404 2010 1438 2068 et
1452 1999 1618 2089 inprimis
1631 1998 1797 2071 laudatus
1806 1995 1932 2082 Osias,
1954 1998 2067 2070 &Pa-

1078 2098 1180 2190 ralip·
1193 2098 1256 2172 26.
1282 2099 1425 2170 volebat
1445 2098 1561 2170 officio
1584 2101 1685 2188 iungi
1704 2099 1924 2187 Sacerdotis,
1951 2116 1984 2173 et
2004 2125 2068 2192 per

1078 2225 1151 2270 sese
1177 2201 1372 2272 sacrificare
1394 2201 1585 2293 intemplo
1607 2215 1728 2272 contra
1744 2201 1902 2271 divinam
1920 2204 2068 2274 ordina-

1078 2302 1232 2388 tionem,
1266 2305 1325 2373 sed
1356 2306 1509 2374 eundem
1530 2302 1644 2388 Deus,
1676 2326 1790 2394 poena
1811 2303 1927 2376 subita
1950 2305 2069 2375 decla-

1079 2427 1162 2476 rans
1194 2406 1284 2474 iram
1314 2429 1432 2485 suam,
1469 2405 1641 2496 percussit
1668 2405 1784 2497 lepra,
1819 2407 1867 2478 ita
1898 2419 2069 2500 perpetuo

1079 2505 1290 2597 multiplicia
1331 2507 1558 2576 incommoda
1597 2522 1630 2580 et
1663 2509 1820 2579 exitiales
1850 2533 1985 2602 poenae
2013 2530 2069 2578 se·

1080 2623 1240 2704 quuntur
1263 2609 1622 2704 polypragmosynen,
1648 2633 1709 2680 seu
1732 2611 1880 2681 consilia
1904 2626 1938 2683 et
1961 2633 2069 2682 cona·

1080 2724 1304 2792 tuscorum,
1337 2713 1400 2804 qui
1425 2711 1482 2780 vel
1507 2725 1644 2782 tentant
1662 2712 1819 2784 actiones
1843 2728 1941 2785 extra
1964 2735 2069 2784 voca-

1080 2813 1233 2898 tionem,
1259 2813 1317 2882 vel
1337 2813 1542 2906 irrumpunt
1557 2813 1595 2882 in
1614 2814 1747 2885 alienas
1762 2815 1982 2903 functiones,
2007 2828 2069 2886 aut
2095 2835 2099 2844 ’

1081 2915 1303 3000 curiositate,
1330 2929 1391 2988 aut
1406 2915 1601 2988 ambitione
1617 2917 1772 3009 propria.

1184 3014 1224 3086 st
1249 3017 1330 3109 quis
1354 3016 1464 3107 igitur
1486 3033 1578 3092 recte
1601 3019 1681 3090 vult
1695 3018 1832 3104 vivere,
1855 3033 1898 3092 ut
1910 3019 2072 3090 retinens
2191 3047 2194 3057 ε

1080 3120 1213 3189 bonam
1223 3119 1472 3191 conscientiam
1481 3120 1641 3213 possitin
1650 3121 1724 3194 suis
1732 3121 1938 3208 laboribus,
1960 3121 2070 3192 actio·

1081 3221 1188 3292 nibus
1201 3235 1236 3292 et
1251 3221 1401 3313 negotiis
1412 3235 1530 3312 petere
1539 3237 1573 3295 et
1584 3237 1783 3315 exspectare
1793 3214 1958 3294 divinum'
1968 3223 2070 3294 auxi·

1082 3325 1191 3409 lium,
1224 3323 1254 3392 is
1285 3339 1399 3396 servet
1421 3339 1455 3395 et
1479 3339 1648 3419 sequatur
1670 3321 1764 3397 hanc
1787 3327 1879 3398 sitae
1900 3327 2072 3418 regulam,

1082 3448 1189 3519 quarn
1225 3426 1333 3496 tradit
1362 3451 1402 3496 ac
1433 3427 1642 3518 praescribit
1671 3422 1741 3500 hoc
1771 3429 1852 3499 loco
1879 3425 2068 3501 Dominus.

1084 3525 1192 3596 Initio
1215 3551 1344 3620 quaere
1369 3549 1519 3618 regnum
1536 3526 1623 3614 Dei,
1649 3524 1718 3600 hoc
1739 3546 1809 3612 est,
1835 3531 1931 3602 disce
1950 3554 2069 3602 veram

1081 3626 1150 3701 Dei
1173 3629 1408 3719 agnitionem,
1443 3644 1478 3703 ct
1500 3631 1692 3704 conversus
1714 3635 1758 3704 ad
1774 3630 1899 3705 Deum
1921 3633 1990 3703 lide
2010 3656 2069 3705 ac-

1083 3731 1242 3826 quiescas
1260 3731 1299 3800 in
1315 3728 1392 3803 Deo
1407 3747 1553 3826 propter
1570 3734 1812 3808 mediatorem.
1863 3729 2002 3807 Deinde
2015 3738 2071 3806 fac

1082 3858 1188 3926 opera
1211 3848 1291 3906 tuae
1310 3837 1526 3919 vocationis,
1551 3850 1586 3908 et
1601 3839 1640 3907 in
1655 3838 1837 3911 laboribus
1854 3837 1920 3909 tihi
1937 3836 2069 3907 divini-

1083 3950 1139 4008 tus
1153 3937 1329 4008 mandatis
1345 3961 1463 4009 exerce
1479 3939 1740 4010 invocationem
1753 3937 1843 4025 Dei,
1868 3953 1973 4034 atque
1987 3959 2070 4032 per-

1082 4040 1137 4109 fer
1163 4039 1285 4110 animo
1315 4041 1513 4135 tranquillo
1541 4041 1783 4128 difficultates,
1810 4041 1850 4110 in
1878 4041 2009 4134 quibus
2035 4053 2071 4112 et

1083 4153 1197 4212 statue
1215 4141 1331 4212 iuvari
1345 4156 1379 4214 te
1393 4141 1578 4228 divinitus,
1603 4157 1640 4216 et
1655 4143 1769 4214 laetus
1783 4157 1940 4234 exspecta
1955 4146 2072 4215 bonos

1085 4256 1249 4324 eventus,
1272 4267 1339 4314 nec
1354 4244 1522 4316 exstincta
1535 4245 1615 4316 luce
1628 4245 1714 4316 fidei
1728 4246 1785 4315 vel
1801 4244 1896 4316 curis
1910 4270 1951 4317 ac
1967 4246 2071 4317 dolo-

1084 4346 1185 4416 ribus
1214 4346 1428 4433 conficiaris,
1466 4348 1523 4419 vel
1553 4348 1727 4439 frangaris
1758 4349 2004 4441 desperatione
2036 4361 2071 4418 et

1085 4447 1317 4539 impatientia.

1190 4545 1293 4620 Hanc
1316 4563 1426 4622 actem
1449 4551 1544 4622 ritae
1564 4552 1594 4622 si
1615 4551 1781 4622 didiceris
1803 4575 1844 4624 ac
1866 4551 2074 4637 exercueris,

1086 4650 1274 4744 experieris
1297 4675 1335 4721 re
1356 4651 1431 4746 ipsa
1457 4649 1574 4724 Detsm
1595 4655 1661 4725 tibi
1682 4654 1876 4727 affuturum
1898 4669 1933 4728 et
1952 4654 2071 4746 opitu·
2092 4645 2095 4652 ’

1086 4757 1241 4824 laturum
1274 4777 1366 4840 csse,
1401 4771 1618 4849 eventusque
1642 4757 1867 4847 negotiorum
1892 4781 1932 4828 ac
1953 4755 2072 4826 cousi·
2125 4779 2128 4785 ·

1085 4855 1216 4926 liorurn
1237 4855 1315 4926 fore
1338 4857 1516 4948 placidos,
1547 4859 1688 4929 faustos
1701 4871 1736 4930 et
1759 4860 1948 4944 salutares,
1974 4858 2071 4929 iuxta

1086 4954 1220 5029 Psalmi
1248 4957 1403 5031 dictum:
1435 4958 1607 5032 Subditus
1629 4974 1702 5033 esto
1723 4959 1820 5047 Deo,
1852 4974 1887 5032 et
1908 4983 2008 5060 spera
2031 4959 2091 5032 in-

1086 5083 1179 5132 enm.
1230 5060 1392 5131 Eandem
1410 5062 1607 5132 doctrinam
1624 5063 1924 5155 repetiteiusdem
1939 5061 2072 5134 Psalmi

1085 5162 1289 5233 dulcissima
1317 5187 1462 5254 gnome:
1497 5161 1714 5235 Commenda
1734 5163 1812 5235 Deo
1840 5167 1935 5236 viam
1964 5181 2072 5251 tuam,

1085 5278 1122 5334 et
1143 5286 1243 5355 spera
1268 5265 1308 5333 in
1330 5289 1429 5350 eum,
1462 5267 1593 5356 etipse
1614 5269 1729 5338 faciet.
1779 5265 1885 5338 Viam
1909 5267 2072 5340 nominat

1084 5365 1366 5462 uniuscuiusque
1390 5368 1585 5458 legitimam
1608 5393 1671 5441 seu
1694 5369 1822 5442 iustam
1839 5371 2072 5448 vocationem.
