4616 5818
244 145 320 226 sos
809 123 1111 203 sumum.
1137 121 1677 209 sosrrrnnxsonrrcs
2188 134 2256 210 000

244 342 320 393 non
347 312 495 395 timent,
527 327 602 377 non
631 299 785 394 diligunt
809 295 947 382 Deum,
980 309 1022 372 nt
1045 299 1236 386 debebant,
1284 305 1398 376 facere
1417 301 1488 394 legi
1501 299 1592 387 Dei,
1617 313 1652 374 et
1672 313 1791 374 tamen
1804 299 2043 376 obedientiam
2057 302 2256 380 inuoaudam

245 432 391 494 monent
414 426 449 484 et
468 409 532 482 alii
551 405 657 479 multi
681 415 839 476 errantes
861 415 992 474 motus.
1044 399 1130 473 ldeo
1143 423 1235 471 sem-
1286 429 1379 492 me,
1405 417 1441 476 et
1456 404 1595 498 placere
1611 414 1755 496 propter
1769 396 1964 476 Christum.

247 547 310 617 per
330 515 557 593 statuendum
579 522 632 578 est
653 509 698 578 de
718 497 869 589 renatis,
892 525 1079 594 personam
1097 503 1236 597 placere
1386 504 1458 578 Hic
1480 504 1688 596 magnitudo
1712 502 1975 578 misericordiae
1994 500 2074 577 Dei
2091 508 2257 600 praedicn-

245 623 323 698 Deo
339 622 409 692 fide
427 625 571 711 propter
583 605 782 694 Christum,
808 629 882 675 non
897 618 1041 698 propter
1055 604 1236 697 propriam
1287 619 1366 696 tur,
1390 610 1487 704 qnod
1509 605 1636 701 recipit
1656 619 1693 678 et
1713 608 1887 700 approbat
1909 601 2001 680 hanc
2017 609 2174 702 quamvis
2188 634 2257 684 mu·

248 725 477 816 dignitatem,
500 737 562 784 seu
581 709 745 810 proprias
768 708 935 792 virtutes,
960 707 1053 777 sicut
1074 706 1167 777 clare
1184 719 1236 775 te·
1288 711 1408 797 tilam,
1439 723 1475 781 et
1505 709 1627 780 multis
1657 709 1774 780 modis
1802 708 2076 782 contaminatam
2100 711 2257 782 obedieu-

248 816 606 900 stanturhaccdicta.
656 807 758 882 Nihil
774 804 1149 892 mihiconsciussum‚
1175 805 1237 876 sed
1288 811 1389 884 tiam.
1446 808 1544 882 Haec
1571 810 1648 902 ipsa
1678 809 1887 901 magnitudo
1916 810 2175 884 misericordiae
2200 835 2258 886 nos

249 930 289 1000 in
303 923 371 1000 hoc
389 945 463 991 non
480 914 687 990 iustificam
700 935 792 982 wm-
844 905 950 981 Item:
977 907 1183 979 Nonintres
1198 907 1238 977 in
1288 908 1453 986 hortetur
1466 912 1511 984 ad
1526 911 1619 983 bene
1633 914 1867 1005 operandum.
1917 911 2061 1002 Quanta
2074 913 2166 984 enim
2181 939 2258 984 con·

249 1025 422 1104 iudicium
445 1043 527 1094 eum
551 1039 652 1086 servo
674 1012 756 1099 tub,
791 1012 873 1106 quia
895 1033 970 1080 uon
992 1009 1240 1081 iustificabitur
1289 1014 1416 1087 solatio
1440 1026 1491 1084 cst
1511 1012 1636 1096 militi,
1660 1027 1696 1086 et
1717 1009 1925 1086 scholastico
1947 1014 2054 1102 scire,
2076 1016 2169 1110 quod
2186 1011 2260 1088 baec

249 1134 495 1215 inconspectu
512 1114 858 1190 tuoomnis'vivcna.
912 1109 1018 1183 Item:
1044 1109 1085 1183 Si
1102 1109 1238 1212 iniqui·
1290 1115 1404 1190 animi
1434 1114 1604 1208 patientia
1631 1114 1671 1185 in
1692 1114 1841 1203 militia,
1873 1127 1935 1188 aut
1955 1103 2214 1210 in=poupcrtate
2231 1131 2261 1190 et

250 1247 338 1312 tates
367 1213 610 1300 observaveris
632 1215 808 1302 Domine,
841 1211 1000 1284 Domine
1030 1211 1111 1307 quit
1133 1211 1238 1318 wtti-
1291 1218 1444 1290 miseriis
1471 1212 1708 1304 scholasticis,
1739 1214 1817 1289 Deo
1848 1217 1983 1310 placeat
2004 1232 2147 1310 propter
2169 1216 2261 1292 Chri·

251 1331 376 1406 nebit?
472 1391 477 1400 .
1291 1335 1404 1406 stum,
1428 1318 1567 1390 utdiri.

351 1427 426 1524 Nec
444 1418 699 1495 essetdifficilis
714 1415 924 1489 diiudicatio
940 1411 1047 1488 huius
1062 1413 1239 1509 quaestio-
1393 1418 1607 1512 Complexus
1644 1442 1723 1490 sum
1758 1441 1933 1491 summm
1966 1444 2071 1491 vem
2096 1420 2262 1493 doctrinae

251 1538 327 1619 nis,
353 1531 383 1602 si
407 1524 614 1599 deformitas
636 1533 778 1592 nostrae
800 1535 947 1591 naturae
968 1517 1075 1588 nobis
1093 1517 1132 1585 in
1155 1539 1242 1586 con·
1292 1521 1477 1612 Evangelii
1500 1523 1545 1592 de
1567 1521 1832 1607 iustificatione,
1857 1523 1902 1592 de
1923 1545 1992 1615 qua
2006 1518 2167 1598 chriam
2186 1545 2262 1594 con·

252 1648 374 1734 spectu
397 1645 495 1702 esset.
554 1622 638 1694 ldeo
660 1623 755 1692 enim
780 1617 1016 1712 amplificatur
1037 1617 1242 1713 qualiscun·
1293 1626 1455 1698 eionatus
1477 1635 1530 1696 est
1552 1622 1591 1692 in
1614 1623 1855 1714 disputatione
1875 1645 1957 1692 cum
1972 1621 2184 1706 Nicodemo,
2207 1645 2263 1695 nce

252 1761 321 1833 que
344 1727 566 1806 obedientia,
599 1723 680 1819 quio
705 1722 878 1794 naluralls
902 1719 1146 1791 immundities
1167 1743 1242 1788 ⁰⁰¹1
1294 1741 1347 1798 est
1368 1724 1497 1798 inutile
1518 1747 1537 1794 e
1559 1723 1704 1815 regione
1723 1719 1917 1796 antithesin
1932 1725 2164 1796 considerare.
2208 1718 2264 1795 Est

253 1837 337 1911 satis
360 1827 596 1926 conspicitur,
619 1827 680 1896 sed
704 1825 756 1916 pii
778 1824 1021 1916 aliquomodo
1039 1845 1114 1891 eam
1133 1843 1244 1912 agno-
1294 1841 1413 1900 autem
1436 1825 1575 1917 primus
1594 1848 1695 1896 error
1714 1825 2020 1911 adversariorum,
2045 1827 2139 1920 quod
2154 1823 2265 1916 imagi.

255 1950 379 2023 scunt,
405 1933 495 2026 grati
512 1929 621 2020 igitur
640 1927 903 2020 amplectuutur
917 1917 1015 1994 hunc
1030 1921 1245 1994 consolatio·
1295 1941 1428 2000 nentur
1443 1924 1606 1998 homines
1618 1948 1721 2019 posse
1734 1927 1931 1998 satisfacere
1947 1926 2019 2016 legi
2033 1925 2114 2000 Dei.

254 2039 356 2126 nem,
382 2036 477 2132 quod
496 2033 565 2101 fide
582 2033 725 2121 propter
742 2026 971 2098 mediatorem
987 2025 1060 2095 sint
1076 2023 1181 2109 iusti,
1207 2021 1245 2092 id
1397 2027 1583 2102 Secundus
1610 2051 1730 2113 error,
1762 2029 1859 2122 quod
1891 2030 2073 2101 somniant
2099 2023 2265 2100 hominem

255 2156 323 2228 est,
356 2134 506 2228 accepti,
541 2153 617 2200 uon
647 2141 795 2224 propter
816 2127 998 2221 propriam
1022 2126 1247 2216 dignitatem,
1296 2130 1426 2204 mereri
1440 2129 1683 2201 remissionem
1700 2142 1921 2222 peecatorum
1939 2131 2094 2224 propriis
2106 2129 2266 2222 operibus.

256 2267 318 2318 seu
332 2261 443 2313 novas
460 2235 668 2330 qualitates,
694 2253 756 2300 ⁸²11
770 2252 889 2322 opera·
940 2223 1123 2298 Ellamen
1138 2250 1246 2319 opor·
1399 2229 1546 2304 Tertius
1574 2253 1691 2316 error,
1721 2231 1818 2325 quod
1847 2253 1993 2322 prorsus
2021 2233 2126 2304 silent
2147 2233 2189 2302 de
2208 2229 2266 2300 fuls

255 2360 306 2419 tet
337 2343 515 2412 incoatam
541 2331 782 2404 obedientiam
809 2331 846 2398 in
870 2329 1002 2399 renatis
1026 2351 1119 2413 esse,
1148 2329 1246 2398 iurta
1297 2333 1492 2427 accipiente
1505 2332 1748 2407 remissionem
1763 2325 2268 2426 peceatomm‚pmpier(1hri.

256 2445 365 2518 lllud:
399 2434 502 2512 Nihil
525 2457 622 2506 nuno
643 2429 885 2503 damnationis
908 2441 960 2498 est
984 2428 1045 2514 iis,
1076 2429 1140 2522 qui
1163 2439 1249 2500 sunt
1297 2449 1406 2508 stum.
1456 2431 1535 2505 lmo
1559 2435 1699 2506 addunt
1721 2434 1935 2504 contrariam
1957 2435 2183 2520 seutentiam,
2210 2430 2267 2502 sci.

256 2549 297 2620 in
313 2541 457 2619 Christo
473 2536 575 2627 lesu,
601 2533 664 2629 qui
687 2557 761 2605 non
785 2532 980 2603 seeundum
1003 2552 1145 2602 carnem
1172 2553 1249 2600 am·
1298 2537 1382 2608 licet
1405 2537 1502 2628 quod
1525 2529 1633 2605 homo
1655 2535 1783 2605 debeat
1805 2557 1944 2626 semper
1964 2536 2146 2622 dubitare,
2168 2557 2212 2606 au
2231 2530 2268 2603 tit

255 2647 403 2727 bulant,
429 2642 491 2714 sed
508 2638 702 2710 secundum
717 2634 895 2728 spiritum.
1298 2639 1338 2708 in
1354 2636 1478 2729 gratia,

1402 2736 1562 2828 Quartus
1575 2759 1686 2824 error,
1707 2738 1802 2832 quod
1816 2737 1955 2828 fingunt
1965 2760 2077 2830 opera
2088 2735 2197 2808 renati
2209 2755 2270 2804 esse

1300 2839 1544 2933 impletionem
1557 2839 1656 2930 legis,
1677 2853 1711 2910 et
1725 2839 1891 2910 meritum
1907 2839 2001 2910 ritae
2015 2854 2182 2919 aeternae,
2201 2856 2269 2906 cum

359 2947 430 3021 Hie
461 2967 598 3036 temper
629 2939 698 3012 itl⁸
730 2937 934 3026 fundimur·
986 2932 1147 3005 Primum
1178 2943 1250 3002 ⁸¹³·
1300 2957 1421 3018 tamen
1445 2963 1490 3012 ne
1512 2941 1588 3034 ipsa
1610 2941 1755 3035 quidem
1779 2963 1887 3032 opera
1911 2941 2047 3028 renati,
2073 2955 2107 3014 et
2129 2936 2269 3030 discipli·

259 3055 433 3134 tuendum
450 3061 503 3119 est
515 3063 704 3141 personam
717 3035 850 3110 habere
861 3035 1106 3108 remissionem
1124 3048 1159 3104 et
1171 3033 1249 3126 plo·
1300 3069 1383 3116 nam
1400 3043 1609 3116 titionilem
1625 3043 1824 3114 discernere
1839 3041 1988 3133 possint,

259 3179 337 3230 cere
374 3161 517 3244 propter
551 3142 735 3218 Christum
771 3141 1011 3212 mediatorem.
1083 3134 1249 3208 Secundo
1404 3143 1582 3235 Quium,
1607 3165 1689 3216 ium
1713 3141 1807 3214 nihil
1829 3144 1952 3214 dicam
1969 3145 2015 3214 de
2032 3144 2118 3225 fide,
2142 3138 2270 3212 imoiu.

261 3256 523 3348 agnoscendum
553 3260 603 3319 est
631 3260 667 3317 sl
695 3243 911 3322 dolendum,
945 3241 1042 3335 (11¹⁰d
1066 3233 1186 3352 hierii
1210 3237 1247 3305 in
1301 3250 1409 3321 beant
1429 3247 1613 3329 dubitare,
1647 3267 1723 3316 non
1746 3256 1895 3338 possunt
1919 3258 2013 3316 recte
2038 3247 2162 3316 docere
2182 3240 2270 3312 iusti·

261 3358 367 3432 nobis
390 3366 587 3447 peccatum,
614 3363 649 3420 et
669 3347 763 3440 quod
787 3343 990 3415 obedientia
1009 3352 1129 3420 notlffl
1146 3339 1249 3410 valde
1301 3350 1520 3436 ficationem,
1550 3362 1584 3419 et
1611 3361 1750 3420 tantum
1773 3349 1922 3418 tradunt
1943 3340 2122 3416 ethnicam
2143 3345 2270 3414 invoca-

260 3460 465 3554 imperfecta
493 3447 819 3525 contaminata'est:
852 3445 1105 3536 sciendumque
1127 3437 1250 3511 Eccle-
1300 3451 1455 3536 tionem,
1482 3473 1562 3520 tum
1577 3444 1922 3522 elamiregchrigmgg
1949 3445 2131 3541 Quicquid
2145 3441 2271 3539 peperi.

260 3565 349 3636 siam
374 3571 560 3652 propterea
581 3551 782 3630 suburram:
796 3568 870 3617 2⁸⁸0
884 3545 980 3618 cruci
996 3557 1030 3616 el
1044 3544 1250 3634 ingentibus
1300 3553 1346 3624 tis
1370 3565 1507 3646 patrem
1529 3551 1570 3620 in
1591 3551 1739 3622 nomine
1759 3573 1860 3633 meo,
1892 3550 1992 3621 dabit
2017 3550 2137 3633 vobis,
2163 3547 2272 3625 idest,

262 3661 459 3744 aerumnis,
489 3669 530 3728 ut
560 3660 797 3740 agnoscantur
824 3659 858 3716 el
882 3646 1141 3716 mortificentur
1165 3645 1249 3715 rell·
1301 3678 1376 3726 nou
1398 3653 1530 3724 fiducia
1550 3667 1687 3725 restrae
1703 3651 1906 3744 diguitatis,
1931 3651 1994 3721 sed
2009 3651 2137 3722 fiducia
2153 3640 2271 3721 Christi

432 2771 733 2928 Quomodo'ploost
753 2814 839 2882 tara
859 2804 1073 2880 obedientia?

263 3766 366 3863 quiae
391 3756 533 3854 peceati.
584 3751 709 3822 Tertio
732 3749 960 3818 statuendum
982 3759 1053 3831 est,
1078 3749 1175 3838 quod
1196 3761 1250 3817 ta·
1301 3755 1517 3830 mediatori&

261 3892 344 3940 men
366 3861 524 3957 requirat
535 3855 633 3926 Deus
648 3848 742 3922 hauc
757 3847 1020 3932 obedientiam,
1045 3865 1079 3916 et
1095 3851 1191 3939 quod
1210 3849 1250 3917 iu

262 3983 403 4052 renato,
429 3981 632 4056 quanquam
648 3953 872 4071 imperfecto,
898 3951 1048 4043 plaeeat,
1074 3973 1149 4019 non
1167 3973 1250 4068 pf⁰'
1462 3967 1738 4056 Dominical
1769 3975 1867 4078 post
1893 3966 2132 4054 Trinitatis·

264 4088 342 4164 pter
370 4090 465 4149 sese,
496 4064 556 4132 sed
579 4071 726 4154 propter
745 4049 947 4136 Christum,
980 4067 1019 4122 ut
1041 4049 1167 4122 Petrus
1191 4076 1250 4120 m·
1962 4076 1975 4088 .

263 4172 358 4268 quite
395 4163 539 4240 Offerte
569 4159 703 4234 hostias
731 4155 949 4248 spirituales,
988 4166 1145 4243 acceptas
1173 4150 1251 4224 Deo

264 4297 327 4368 per
342 4268 459 4341 lesum
474 4262 668 4340 Christum.
719 4256 789 4328 Hic
811 4257 909 4327 sedet
929 4256 973 4326 ad
992 4257 1168 4328 dexteram
1189 4279 1252 4346 po·
1352 4249 1476 4326 Homo
1494 4260 1616 4323 autem
1637 4243 1792 4351 quidam
1816 4257 1895 4319 erut
1918 4243 2033 4335 diues,
2061 4255 2093 4318 et
2115 4238 2276 4317 indueba-

263 4377 345 4460 tris,
370 4385 410 4442 ut
423 4369 560 4444 assidue
575 4389 639 4457 pro
654 4362 759 4432 nobis
775 4357 995 4449 interpellet,
1020 4353 1079 4427 hic
1096 4357 1252 4448 pontifex
1410 4362 1472 4425 tur
1492 4375 1660 4450 purpura
1682 4361 1714 4425 at
1731 4349 1860 4448 bysso,
1885 4359 1916 4420 ct
1934 4348 2156 4446 epulubatur
2169 4338 2276 4446 quoti·

262 4489 402 4550 nostras
415 4492 535 4564 preces
549 4467 593 4538 ad
607 4477 743 4557 patrem
760 4460 901 4553 perfert.
1408 4451 1466 4528 die
1480 4450 1685 4552 splendide.
1719 4452 1822 4524 Erat
1836 4461 1957 4526 aretem
1972 4448 2127 4551 puidam
2139 4465 2276 4549 pauper,

366 4573 464 4646 Haec
483 4584 568 4642 sunt
591 4563 785 4658 simplicia,
811 4562 935 4652 plana,
960 4572 995 4629 et
1009 4553 1104 4628 nibil
1120 4553 1254 4629 habent
1405 4555 1553 4630 numius
1571 4551 1769 4645 Lazarus,
1796 4553 1871 4654 ¹qui
1898 4552 2041 4626 tacebat
2062 4549 2119 4625 ud
2136 4552 2276 4623 ianuam

264 4673 524 4775 perplexitatis,
554 4671 729 4740 retinetur
757 4676 849 4734 certa
873 4661 1089 4746 consolatio,
1123 4662 1255 4732 tribui·
1406 4658 1501 4748 eius,
1527 4655 1709 4732 ulceribus
1729 4656 1878 4756 plenus,
1904 4649 1936 4727 et
1957 4655 2103 4754 cupiens
2123 4639 2278 4726 solururi

263 4800 324 4857 tur
347 4774 534 4850 mediatori
554 4767 697 4841 Christo
720 4787 804 4856 suus
826 4760 960 4849 honor,
992 4763 1167 4834 retinetur
1188 4765 1252 4834 do·
1407 4757 1451 4833 de
1474 4760 1596 4847 micis,
1622 4783 1716 4859 quoe
1738 4755 1919 4830 cadebant
1941 4754 1984 4829 de
2004 4782 2132 4830 mensu
2155 4745 2278 4830 divitis,

264 4884 379 4956 ctrina
401 4873 594 4952 necessaria
614 4874 659 4942 ad
676 4865 957 4947 invocationem,
983 4889 1073 4957 quae
1088 4864 1163 4934 fieri
1179 4889 1253 4936 nun
1406 4859 1474 4936 sed
1494 4873 1526 4953 el
1550 4885 1656 4934 canes
1680 4859 1889 4948 veniebant,
1915 4871 1947 4934 ct
1963 4858 2155 4956 lingebant
2169 4850 2278 4928 ulcero

265 4997 397 5078 potest,
422 4980 453 5052 si
473 4998 574 5048 mens
596 4972 686 5063 fugit
700 4969 834 5053 Deum,
859 4965 1003 5038 additur
1025 4967 1189 5038 doctrina
1210 4971 1255 5037 de
1407 4965 1494 5040 eius.
1530 4957 1692 5036 Factum
1707 4973 1759 5035 est
1775 4972 1908 5051 autem,
1936 4971 1975 5034 ut
1991 4969 2185 5035 moreretur
2194 4975 2278 5074 pou·

265 5084 488 5166 obedientia,
515 5092 549 5150 et
569 5075 807 5166 excluduntur
827 5068 1027 5158 arrogantia
1042 5081 1076 5140 et
1091 5071 1254 5157 despera·
1409 5089 1493 5166 per,
1536 5074 1568 5137 et
1599 5075 1811 5165 portaretur
1840 5064 1890 5137 ob
1921 5064 2068 5162 angelis
2102 5063 2142 5135 iu
2167 5075 2277 5132 strum

265 5187 331 5261 tio.
383 5181 600 5278 llypocritae
629 5177 763 5246 iactant
791 5196 827 5243 se
856 5169 1054 5242 satisfacere
1085 5169 1154 5262 legi
1176 5169 1255 5244 Dei.
1408 5161 1600 5246 Abrabae.
1649 5163 1832 5242 Mortuus
1856 5177 1908 5240 est
1929 5176 2050 5241 autem
2070 5175 2102 5240 et
2116 5161 2230 5249 diues,
2251 5159 2277 5225 tl

264 5286 422 5363 Econtra
450 5306 516 5356 nos
545 5293 716 5354 testamur
744 5269 909 5350 homines
928 5295 1003 5344 non
1027 5292 1129 5366 posse
1152 5273 1254 5344 satis·
1407 5269 1573 5371 sepultus
1590 5277 1654 5351 cst.

1568 4115 1805 4210 Evangelium
1828 4115 1945 4188 Lucae
1965 4117 2024 4192 16.
