4616 5818
225 157 426 235 207.

284 329 371 400 Loci
388 340 471 400 sunt
486 349 624 401 novem.

389 465 418 537 l.
470 462 552 534 Duo
567 477 650 533 sunt
667 463 849 546 miracula,
870 487 960 556 quae
974 463 1130 554 primum
1145 475 1228 532 suut

436 566 657 649 testimonia,
690 568 787 657 quod
810 561 867 634 bic
891 565 1016 635 doctor
1035 563 1083 633 sit
1102 563 1228 633 missus

441 694 460 738 a
482 665 570 737 Deo.
629 665 767 736 Deinde
789 680 874 735 sunt
896 667 1052 758 exempla
1077 667 1227 755 promis-

443 771 605 852 sionum,
633 772 727 862 quod
751 769 800 838 sic
823 769 909 840 velit
929 784 963 840 et
986 767 1091 839 nobis
1107 766 1228 858 opitu-

446 872 524 944 lari.

393 969 442 1048 lt.
495 971 602 1042 Fides
628 970 760 1062 leprosi
790 972 877 1065 petit
900 995 979 1043 curn
1003 970 1228 1044 conditione:

445 1071 486 1145 Si
504 1074 556 1143 vis
572 1086 637 1142 etc.

393 1173 459 1252 lli.
512 1172 666 1245 Dilectio
683 1173 909 1244 anteferenda
926 1174 1119 1268 praeceptis
1135 1199 1229 1246 cere-

446 1275 676 1346 monialibus.

395 1376 481 1452 llll.
533 1375 806 1448 Commendatio
822 1377 1023 1464 ministerii,
1049 1400 1129 1446 curu
1146 1377 1229 1447 mit-

402 1535 406 1540 .
447 1494 573 1552 tuntur
587 1479 718 1569 leprosi
735 1481 778 1546 ad
796 1480 1003 1552 sacerdotes.

398 1579 441 1650 V.
492 1581 703 1672 Exemplum
723 1580 954 1652 centurionis
976 1581 1150 1652 illustrius
1171 1594 1231 1664 est,

359 1693 360 1698 ’
445 1687 541 1778 quod
573 1683 732 1754 continet
762 1683 960 1754 doctrinam
993 1684 1231 1774 poenitentiae

449 1783 592 1856 elfirlel.

396 1886 459 1961 Vl.
508 1885 603 1956 Laus
619 1885 719 1969 bdei,
745 1875 835 1980 quae
850 1888 951 1958 docet
966 1882 1052 1957 baec
1067 1887 1230 1958 exercitia

450 2011 524 2057 esse
540 2011 643 2057 veros
658 1939 773 2056 cultus
791 1987 866 2059 Dei.

397 2089 479 2164 Vll.
532 2089 585 2160 De
601 2091 785 2158 vocatione
801 2091 970 2178 gentium.

397 2190 499 2264 Vlll.
553 2192 610 2261 De
631 2215 743 2283 poena
767 2215 842 2261 non
864 2192 1084 2264 credentium
1111 2187 1231 2262 Evan

474 2293 553 2361 elio.

400 2317 472 2464 lllg
514 2391 567 2462 De
595 2391 836 2484 Centuriam,
870 2395 967 2484 quod
997 2389 1232 2485 Evangeliurn

291 2579 294 2588 Ι
383 2589 384 2594 ¹
453 2471 625 2587 approbet
643 2495 801 2587 politiam
820 2510 853 2566 et
870 2497 1045 2566 militiam.

610 2715 611 2718 ’
643 2710 688 2762 Da
718 2709 838 2773 primo.

350 2835 497 2926 Semper
509 2834 552 2902 de
567 2833 746 2904 miraculis
762 2834 912 2904 tenenda
927 2847 978 2904 est
991 2836 1121 2926 regula.
1156 2836 1234 2907 Pri-

248 2962 369 3024 ruum,
394 2937 490 3029 quod
513 2947 684 3004 testentur
706 2930 802 3004 bunc
824 2937 1004 3006 doctorem
1026 2961 1107 3007 vere
1122 2962 1142 3009 a
1159 2935 1233 3008 Deo

249 3041 395 3108 missum
422 3060 511 3104 esse:
539 3036 688 3126 ideoque
706 3030 813 3107 babet
827 3035 983 3108 Ecclesia
999 3041 1110 3112 multa
1128 3064 1234 3132 pecu-

249 3140 351 3210 liaria
369 3137 549 3223 miracula,
571 3149 611 3206 ut
626 3141 917 3209 resurrectionem
932 3155 1155 3212 mortuorum
1171 3156 1233 3213 etc.

250 3258 290 3313 ut
325 3241 411 3310 certi
443 3240 553 3308 simus
583 3235 817 3329 Evangelium
853 3263 935 3309 vere
965 3266 984 3311 a
1015 3241 1091 3313 Deo
1122 3246 1233 3314 tradi-

250 3359 326 3414 tum
348 3365 431 3416 esse.
483 3329 551 3410 llis
572 3341 784 3414 testimoniis
806 3358 963 3414 nostram
986 3344 1089 3414 fidem
1108 3348 1234 3415 confir-

250 3465 398 3517 memus.

345 3576 491 3672 ,Deinde
527 3577 697 3646 miracula
731 3592 813 3666 sunt
842 3582 998 3672 exempla
1030 3583 1236 3671 promissio-

252 3704 351 3750 num.
403 3678 463 3750 Sic
479 3679 554 3748 vult
568 3678 673 3748 nobis
687 3679 854 3768 opitulari
864 3679 1070 3771 FiliusDei,
1097 3701 1130 3757 et
1144 3711 1233 3756 sem-

253 3807 315 3872 per
337 3782 434 3851 adest
457 3781 581 3862 nobis,
608 3780 699 3848 sicut
721 3779 801 3849 illos
818 3779 977 3867 iuvabat,
1002 3798 1035 3853 et
1052 3785 1235 3856 in-nostris

252 3883 432 3954 aerumnis
453 3883 642 3970 coningere
664 3882 708 3951 ad
732 3905 829 3968 eum,
862 3897 980 3974 petere
1002 3887 1047 3956 ab
1070 3910 1111 3958 eo
1134 3889 1240 3958 ausi-

252 3987 360 4072 lium,
385 3986 453 4054 fide
470 4009 550 4054 eum
569 3984 733 4054 invocare
749 3987 928 4056 debemus.

353 4119 399 4190 Et
415 4143 552 4211 semper
566 4119 764 4188 referantur
782 4119 951 4190 miracula
966 4125 1009 4191 ad
1025 4117 1116 4194 banc
1132 4147 1234 4212 regu-

232 4224 339 4292 lam:
374 4220 488 4291 Filius
512 4216 593 4289 Dei
620 4221 801 4320 apparuit,
833 4235 874 4292 ut
904 4224 1099 4306 destrueret
1124 4249 1233 4343 ‘opera

253 4323 398 4395 diaboli.
448 4316 610 4392 Cbristus
632 4321 726 4392 tollit
748 4339 928 4414 peccatum
952 4340 986 4396 et
1003 4327 1134 4418 peccati
1151 4327 1234 4397 effe-

253 4441 346 4502 ctus,
371 4438 520 4492 mortem
536 4437 570 4493 et
584 4423 670 4490 alias
684 4446 887 4510 aerumnas,
911 4427 1055 4512 samem,
1079 4429 1234 4509 morbos,

253 4527 401 4608 excidia,
427 4525 530 4600 bella.
576 4522 644 4595 Sed
661 4524 751 4595 sicut
765 4482 1055 4618 corporiCbristi
1063 4529 1130 4598 alia
1146 4547 1233 4601 tem-

252 4651 340 4719 pora
362 4628 507 4697 luerunt
530 4625 692 4710 mitiora,
724 4626 790 4695 alia
813 4629 989 4716 saeviora,
1015 4646 1056 4700 ut
1077 4646 1234 4751 tempore

253 4729 506 4811 crucifixionis,
531 4727 578 4796 ita
593 4723 748 4797 Ecclesia
765 4729 851 4800 alias
863 4730 992 4826 magis,
1016 4732 1103 4802 alias
1117 4733 1235 4802 minus

251 4831 447 4925 tranquilla
462 4844 522 4898 est.
573 4827 676 4898 Nunc
691 4841 884 4901 extremum
899 4846 1037 4925 tempus
1051 4849 1114 4920 est,
1139 4839 1232 4928 quod

251 4933 492 5005 tristissimum
510 4943 579 5020 est,
610 4935 669 5000 sed
686 4946 803 5002 tamen
820 4927 989 5004 babemus
1004 4935 1095 5006 hanc
1109 4960 1233 5009 conso·

254 5035 440 5120 lationem,
475 5035 570 5127 quod
594 5031 759 5101 Daniel'
750 5035 883 5127 rnquit:
911 5033 1015 5107 Tunc
1037 5038 1143 5110 stabit
1163 5040 1234 5110 dux

252 5157 400 5225 magnus
433 5159 497 5228 pro
529 5135 610 5203 liliis
638 5135 762 5224 populi
785 5137 851 5205 sui.
911 5133 1016 5206 lam
1006 5139 1115 5228 rgitur
1138 5164 1234 5212 eser—

252 5259 392 5308 ceanrus
406 5236 529 5321 iidem,
554 5252 587 5308 et
603 5237 806 5306 invocemus
822 5239 947 5309 ducem
964 5235 1157 5313 Christum.

827 151 955 232 Plllb.
980 151 1097 314 lllElr.
1130 149 1343 228 SCRIPTA
1376 147 1730 228 EXEGETICA.

2184 159 2249 231 208

1652 323 1701 376 De
1726 323 1892 377 seeundo.

1379 425 1422 496 ln
1440 424 1540 496 omni
1558 424 1784 497 invocatione
1801 429 1906 498 debet
1920 427 2041 497 adesse
2056 427 2139 498 fides
2156 451 2249 518 gene-

1276 530 1374 616 ralis,
1401 553 1492 623 quae
1508 530 1627 599 credat
1643 529 1886 599 remissionem
1903 542 2121 619 peccatorum
2137 543 2169 600 et
2183 532 2250 620 pla-

1277 657 1355 702 cere
1370 630 1447 701 Deo
1469 643 1608 701 nostras
1631 652 1771 721 preces,
1799 655 1863 700 nec
1885 630 2002 701 irritas
2027 655 2115 700 esse:
2140 635 2197 702 sed
2212 635 2250 702 de

1279 736 1401 818 rebus,
1437 757 1527 826 quae
1551 745 1740 824 petuntur,
1772 733 1963 802 discrimen
1987 747 2049 802 est.
2105 731 2157 802 De
2178 759 2251 826 pro-

1279 837 1446 906 missione
1479 835 1610 924 gratiae
1642 849 1692 906 est
1724 838 1950 932 mandatum,
1984 849 2023 906 ut
2055 837 2252 904 nominatim

1279 940 1343 1008 tibi
1372 932 1465 1006 banc
1495 960 1569 1006 rem
1601 936 1713 1006 tribui
1745 941 1886 1020 credas,
1920 951 1962 1006 ut
1991 935 2122 1007 Paulus
2149 937 2254 1028 inquit

1277 1039 1384 1111 Rom.
1400 1037 1453 1134 gt:
1478 1037 1646 1108 Credenti
1662 1053 1778 1108 autem
1795 1040 1991 1128 imputatur
2006 1037 2090 1108 fides
2106 1041 2148 1106 ad
2164 1039 2254 1108 iusti-

1279 1144 1381 1216 ciam.
1432 1140 1523 1230 Nam
1550 1141 1593 1208 de
1614 1141 1724 1230 gratia
1739 1139 1836 1209 Deus
1859 1139 2028 1230 expressit
2050 1140 2254 1212 voluntatem

1280 1267 1399 1328 suam,
1426 1256 1460 1312 et
1475 1242 1615 1311 addidit
1631 1243 1857 1324 mandatum,
1881 1254 1922 1311 ut
1937 1241 2067 1330 singuli
2083 1245 2255 1310 credamus

1281 1345 1508 1442 promissioni
1530 1344 1677 1432 gratiae,
1704 1358 1738 1414 et
1759 1339 1846 1414 haec
1860 1344 1945 1413 fides
1961 1357 2014 1414 est
2029 1343 2172 1414 obedire
2187 1339 2254 1412 Deo
2286 1369 2292 1380 ·

1281 1451 1318 1516 in
1336 1444 1401 1516 bac
1418 1446 1654 1516 invocatione.

1383 1547 1436 1618 De
1454 1548 1697 1639 corporalibus
1716 1571 1799 1618 vero
1818 1547 1999 1618 sciendum
2018 1560 2087 1628 est,
2113 1559 2146 1616 et
2161 1543 2255 1614 aliam

1281 1651 1521 1722 obedientiam
1544 1650 1696 1741 requiri,
1722 1662 1763 1720 ut
1786 1649 1951 1720 videlicet
1966 1649 2077 1739 parati
2097 1649 2201 1718 simus
2218 1648 2256 1712 ad

1281 1753 1541 1837 obedientiam,
1576 1753 1605 1819 si
1626 1748 1722 1822 Deus
1748 1753 1835 1822 velit
1860 1775 1926 1820 nos
1947 1750 2083 1820 diutins
2106 1747 2257 1828 exerceri,

1282 1869 1315 1925 et
1338 1866 1456 1923 tamen
1475 1854 1560 1923 fides
1583 1853 1621 1921 in
1644 1877 1770 1943 genere
1794 1866 1921 1924 statuat
1946 1851 2060 1923 Deum
2085 1851 2173 1920 velle
2195 1847 2257 1939 peti

1282 1956 1499 2047 corporalia,
1533 1970 1572 2025 ut
1593 1969 1776 2026 conservet
1798 1949 2009 2034 Ecclesiam,
2035 1951 2258 2033 oeconomias,

1283 2072 1318 2129 et
1350 2057 1490 2149 politiae
1520 2079 1593 2126 esse
1624 2081 1731 2148 opera
1755 2053 1840 2140 Dei,
1871 2079 1945 2124 esse
1967 2055 2046 2126 Deo
2077 2078 2199 2136 curae,
2228 2065 2257 2120 et

1283 2159 1397 2230 Deum
1422 2161 1511 2227 velle
1535 2183 1599 2228 nos
1624 2161 1662 2227 in
1685 2156 1740 2228 bis
1760 2157 1903 2227 tuendis
1926 2179 2086 2226 exercere
2109 2156 2208 2224 fidem
2229 2165 2257 2220 et

1284 2261 1557 2332 invocationem.
1610 2257 1660 2330 Et
1682 2286 1759 2330 curu
1778 2260 1816 2327 in
1833 2255 1888 2328 his
1904 2249 2186 2347 obtemperamus
2204 2277 2258 2321 vo-

1284 2364 1435 2447 cationi,
1461 2387 1533 2431 non
1559 2362 1762 2432 dubitemus
1784 2361 1872 2454 quin
1886 2357 1982 2430 Deus
1996 2359 2101 2433 nobis
2117 2355 2257 2448 opitule-

1284 2478 1361 2548 tur,
1392 2465 1483 2533 sicut
1505 2459 1562 2532 hic
1587 2465 1626 2533 in
1652 2463 1870 2533 Centurione
1894 2476 2058 2554 apparet,
2084 2460 2146 2554 qui
2170 2457 2259 2527 labo·

1221 2657 1222 2660 Ἴ
1284 2589 1366 2636 rans
1383 2589 1446 2658 pro
1464 2565 1628 2634 ministro
1646 2566 1842 2638 exauditur.

1386 2665 1598 2737 Adieramus
1629 2667 1735 2758 igitur
1764 2667 1802 2736 in
1832 2663 2002 2758 petitione
2031 2659 2260 2757 corporalium

1284 2770 1389 2840 fidem
1419 2767 1638 2838 remissionis
1665 2781 1907 2860 peccatorum,
1940 2767 2046 2836 fidem
2072 2767 2259 2837 intuentem

1285 2870 1553 2962 promissionem
1591 2871 1842 2940 beneficiorum
1875 2867 2135 2960 corporalium,
2174 2863 2259 2957 quod

1285 2973 1380 3044 Deus
1403 2969 1618 3058 Ecclesiam,
1651 2971 1829 3064 politiam,
1860 2971 2106 3040 oeconomiam
2130 2988 2262 3039 conser-

1286 3099 1367 3144 vare
1389 3073 1495 3159 velit,
1522 3077 1617 3167 quod
1637 3073 1721 3144 velit
1732 3068 1863 3143 barum
1880 3073 2183 3143 conservationem
2198 3091 2216 3137 a
2231 3087 2261 3134 se

1286 3178 1367 3269 peti.
1420 3174 1489 3246 Sed
1519 3177 1602 3269 quia
1628 3199 1702 3245 non
1723 3175 1891 3264 expressit
1914 3173 2134 3244 voluntatem
2160 3191 2261 3248 suam,

1285 3281 1465 3373 quomodo
1488 3278 1684 3370 corporalia
1704 3276 1873 3346 beneficia
1889 3275 2037 3395 singulis
2053 3277 2198 3344 datums
2211 3269 2261 3358 sit,

1286 3395 1320 3450 et
1350 3378 1545 3472 requiritur
1570 3378 1771 3449 obedientia
1797 3393 1917 3449 nostra
1945 3376 1984 3446 in
2006 3374 2262 3452 afflictionibus,

1286 3484 1365 3552 ideo
1389 3480 1507 3550 addita
1523 3495 1572 3552 est
1588 3481 1764 3552 conditio:
1774 3478 1880 3550 'Si'
1847 3502 1908 3549 vrs
1961 3477 2020 3550 Sic
2034 3475 2153 3548 David
2169 3472 2261 3566 petit:

1286 3583 1324 3655 Si
1348 3569 1525 3653 Dominus
1549 3583 1661 3666 volet,
1688 3583 1829 3652 reducet
1851 3605 1919 3655 me.
1968 3575 2018 3650 Et
2040 3593 2159 3649 tamen
2183 3573 2263 3644 scia-

1285 3710 1385 3770 mus,
1419 3707 1538 3776 preces
1567 3707 1640 3752 non
1669 3706 1742 3752 esse
1767 3681 1906 3764 irritas,
1938 3681 2019 3773 quia
2044 3679 2143 3752 Deus
2166 3677 2261 3746 etiam

1286 3787 1483 3878 corporalia
1506 3789 1584 3871 dar,
1611 3798 1649 3856 ut
1673 3797 1855 3855 conservet
1878 3781 2094 3865 Ecclesiam,
2131 3776 2264 3874 politius

1286 3905 1318 3960 et
1335 3888 1569 3959 oeconomias.

1680 4072 1728 4123 tls
1759 4067 1874 4123 tertio.

1329 4175 1461 4247 Lex
1475 4175 1562 4247 dicit
1576 4175 1844 4248 immunditiem
1858 4196 1942 4258 esse,
1964 4173 2140 4265 attingere
2152 4178 2263 4266 lepro-

1284 4303 1378 4350 sum:
1404 4283 1463 4350 sed
1481 4275 1663 4362 Christus,
1688 4292 1729 4348 ut
1750 4291 1864 4346 servet
1879 4275 2099 4370 proximum,
2127 4273 2265 4367 negligit

1286 4377 1377 4451 hanc
1399 4382 1527 4471 legem,
1558 4380 1653 4450 iuxta
1677 4379 1850 4469 regulam,
1881 4375 2167 4450 Misericordiam
2190 4377 2265 4445 volo

1286 4485 1396 4573 magis
1411 4507 1515 4577 quarn
1528 4481 1750 4552 sacrificium.
1786 4476 2082 4550 SicMaccabaei
2071 4506 2111 4550 rn
2126 4481 2265 4550 sabbato

1285 4587 1508 4656 dimicarunt.
1559 4581 1628 4652 llic
1657 4585 1788 4672 gradus
1816 4605 1965 4673 operum
1995 4582 2158 4652 discendi
2180 4592 2266 4658 suut,

1500 4635 1606 4714 l·

1285 4702 1320 4758 et
1334 4687 1528 4756 videndum
1544 4709 1607 4782 qur
1597 4685 1701 4754 'aliis
1714 4685 1852 4758 cedant.

1675 4900 1723 4951 Da
1751 4901 1887 4964 quarto.

1388 5001 1515 5074 Missio
1544 5001 1587 5072 a'd
1619 5003 1816 5072 sacerdotes
1844 5014 1895 5071 est
1918 5000 2180 5072 commendatio
2203 4997 2266 5066 mi-

1285 5106 1439 5188 nisterii,
1479 5127 1567 5196 quos
1603 5104 1753 5174 mundat
1779 5102 1894 5188 Deus,
1934 5098 1999 5171 hos
2034 5101 2114 5171 vult
2149 5099 2267 5172 audire

1283 5204 1519 5297 Evangelium
1533 5228 1663 5276 sonans
1678 5207 1717 5273 in
1730 5203 1898 5278 Ecclesia.
1939 5199 1998 5273 *Et
2013 5203 2160 5297 quidem
2175 5203 2267 5270 iubet

1286 5310 1364 5379 dari
1385 5330 1534 5392 munus,
1562 5309 1645 5402 quia
1659 5301 1822 5378 Christus
1843 5307 1921 5378 vult
1943 5306 2144 5378 conservari
2164 5301 2269 5372 mini-
