4590 5808
61 175 121 256 tst
229 99 234 106 ¹
282 144 372 252 1ΧΙΙ.
423 167 819 248 ANNOTATIONES
844 165 913 248 ET
938 163 1221 248 CONCloNES
1245 165 1298 242 ΙΝ
1324 161 1507 244 EVANG.
1531 163 1811 244 ΜΑΤΤΗΑΕΙ.
1987 173 2062 253 726

56 351 138 446 cipit.
186 345 292 433 ltem,
318 343 396 418 lob.
414 343 493 420 lh:
520 339 657 440 Amen,
681 367 786 418 amen
802 345 884 418 dico
898 345 1019 419 robis:
1062 365 1137 416 nes
1152 341 1314 418 debonis
1332 339 1540 414 necessariis
1554 340 1593 412 iu
1607 337 1674 414 bac
1690 342 1783 431 vita,
1817 371 1857 418 ac
1874 347 2026 422 sciamus
2041 375 2062 424 a

59 451 224 544 Quicquid
241 449 413 541 petieritis
427 446 568 522 Patrem
585 448 624 519 in
639 449 785 520 nomine
802 473 901 535 meo,
925 448 1026 522 dabit
1072 443 1150 520 Deo
1165 448 1315 539 petenda
1336 459 1368 518 ct
1392 447 1623 537 exspectanda
1645 468 1720 516 esse
1743 447 1910 520 beneficia
1935 476 2064 546 corpo-

56 553 153 630 vobis.
220 549 290 624 Hic
312 552 460 644 ponitur
481 552 671 644 promissio
696 552 903 624 conbrmats
925 551 1022 622 iure·
1072 550 1141 631 ris,
1168 563 1203 620 et
1217 572 1336 642 preces
1351 570 1409 618 crs
1425 571 1499 618 non
1514 545 1634 618 irritas
1649 571 1740 635 esse,
1765 555 1826 622 sed
1839 575 1978 646 semper
1992 556 2061 626 im-

56 657 191 728 iurando
212 655 278 724 biii
298 651 377 726 Dei.
436 651 532 726 Haec
548 666 645 726 cano
669 655 881 726 asseveratio
908 653 1021 724 corri-
1071 667 1210 744 pctrsre
1223 651 1343 746 aliqua
1359 651 1471 736 bona,
1496 651 1570 720 imo
1585 664 1682 721 certo
1696 651 1884 744 impetrare
1899 657 2061 730 velliba-

52 773 102 850 gat
116 757 390 844 dubitationem,
413 758 524 848 erigat
538 757 695 843 animos,
720 770 760 829 ut
777 757 922 828 credant
938 781 1022 849 pro·
1070 755 1243 828 rationem
1260 753 1317 824 vel
1334 751 1591 842 mitigationem
1614 756 1852 846 corporalium
1871 781 2061 830 aerumna-

52 859 217 946 missioni,
239 883 280 932 ac
300 861 500 934 firmissime
514 871 689 945 statuant,
713 861 810 954 quod
826 873 921 930 certo
935 859 1022 930 velit
1071 880 1168 928 rum:
1201 881 1242 929 ac
1264 854 1342 928 Deo
1364 878 1469 926 curae
1489 877 1563 924 csse
1578 849 1793 943 Ecclesiam,
1826 859 1965 930 etiamsi
1990 863 2059 934 alia

52 986 108 1035 nos
121 962 214 1034 Deus
229 964 417 1054 exaudire,
443 963 541 1058 quod
557 959 736 1034 invocatio
748 975 868 1034 nostra
885 960 1021 1052 placcat
1070 960 1227 1030 membra
1244 959 1349 1029 aliter
1366 968 1513 1030 exercet.
1565 954 1659 1046 Quia
1676 959 1773 1028 enim
1790 983 1876 1034 voce
1896 956 2060 1054 Evange-

51 1066 92 1151 ei,
114 1088 176 1136 nec
193 1064 240 1136 sit
253 1064 374 1152 irrita,
399 1067 496 1160 quod
512 1087 594 1134 vere
610 1063 697 1136 velit
710 1064 805 1136 bona
820 1078 963 1160 aeterna
986 1076 1021 1136 et
1069 1061 1127 1147 lii,
1160 1075 1195 1132 et
1215 1083 1290 1132 nou
1313 1059 1416 1132 aliter
1435 1056 1533 1129 Deus
1554 1081 1693 1151 semper
1715 1060 1852 1152 colligit
1867 1060 2060 1138 Ecclesiam

50 1165 242 1259 temporalia
258 1167 365 1251 darc,
390 1181 425 1240 et
448 1167 594 1262 quidem
616 1165 696 1238 vult
716 1164 790 1238 sibi
811 1165 922 1240 tribui
942 1165 1020 1238 lau·
1068 1163 1107 1234 in
1127 1159 1299 1250 haesita,
1325 1160 1454 1234 tribuit
1477 1161 1583 1230 etiam
1607 1162 1726 1256 aliqua
1750 1165 1844 1238 vitae
1865 1169 1998 1258 spatia,
2025 1183 2060 1242 et

51 1270 119 1340 dem
134 1269 303 1348 verioris.
1068 1267 1209 1360 politiae
1224 1278 1260 1337 et
1273 1263 1518 1345 oeconomias,
1544 1262 1696 1358 ideoque
1711 1266 1845 1338 dictum
1861 1283 1923 1355 est,
1949 1269 2059 1342 1.Τί-

136 1369 212 1442 lam
234 1369 509 1444 familiarissime
529 1385 616 1446 nota
634 1373 700 1455 sit,
732 1385 768 1444 et
787 1371 927 1444 assidue
950 1371 1020 1442 cir·
1067 1363 1178 1440 moth.
1193 1366 1248 1440 h:
1290 1366 1408 1438 Pietas
1438 1364 1709 1458 promissionem
1737 1363 1843 1442 habet
1859 1374 2059 1462 praesentis

50 1474 252 1548 cnmleratnr
266 1471 396 1544 animis
412 1473 572 1544 doctrina
587 1475 632 1546 de
646 1474 875 1548 distinctione
897 1499 937 1546 ac
959 1499 1019 1545 or·
1069 1471 1160 1545 vitae
1178 1485 1213 1543 et
1229 1471 1379 1542 suturae.
1432 1469 1519 1539 Item
1538 1463 1740 1541 Martha:
1769 1468 1930 1544 Primum
1948 1500 2060 1570 quae·

49 1575 121 1644 dine
144 1575 437 1669 promissionum.
502 1575 611 1648 lnitio
644 1577 749 1648 nobis
778 1601 1020 1670 proponamus
1069 1575 1137 1648 rite
1169 1597 1318 1666 regnum
1343 1569 1431 1657 Dei,
1471 1581 1506 1640 et
1535 1582 1669 1640 caetera
1700 1571 1914 1646 adiicientur
1943 1579 2058 1653 vobis.

48 1677 182 1767 primam
199 1691 238 1751 et
253 1699 426 1752 summam
442 1679 724 1770 promissionem,
739 1680 914 1768 videlicet,
935 1704 1018 1772 pro·
1069 1675 1157 1748 Item
1173 1673 1315 1748 Psalmo
1336 1667 1439 1748 115.:
1472 1668 1555 1743 Non
1572 1674 1705 1744 mortui
1720 1674 1918 1751 laudabunt
1932 1692 1966 1752 tc
1982 1678 2058 1752 Du-

49 1778 241 1852 nissionem
270 1777 402 1870 gratiae
429 1803 492 1852 seu
521 1780 821 1854 reconciliationis
855 1805 891 1856 et
925 1782 1018 1855 vitae
1068 1780 1165 1852 mine
1181 1795 1247 1856 etc.

49 1895 193 1953 aeternae
210 1881 323 1972 gratis
344 1882 482 1952 dandae
499 1897 644 1976 propter
665 1883 895 1965 mediatorem
911 1879 1020 1957 Cbri-
1171 1882 1308 1972 Quarta
1324 1879 1561 1952 consideratio
1578 1890 1629 1949 cst
1644 1879 1688 1950 de
1708 1882 1777 1953 lide
1799 1896 1940 1975 petente
1961 1886 2059 1958 fidu-

50 1995 141 2052 stum:
167 2007 207 2054 ac
223 1982 375 2054 sciamus
389 1999 485 2056 certo
502 1988 708 2058 mandatum
717 1987 788 2057 Dei
801 2009 875 2058 esse
889 1987 926 2056 in
936 2009 1017 2056 vcra
1068 1984 1119 2056 cia
1145 1981 1211 2056 filii
1235 1983 1301 2054 Dei
1322 1981 1528 2052 mediatoris
1554 1995 1695 2052 aeterna
1718 1987 1811 2055 bona
1839 2001 1872 2060 et
1894 2012 2062 2080 praesen-

49 2085 262 2156 conversione
278 2107 342 2158 seu
356 2086 593 2177 poenitentia,
622 2086 832 2178 primumet
847 2102 1018 2179 petamus,
1062 2088 1132 2159 tia:
1158 2089 1240 2157 ideo
1261 2083 1356 2154 enim
1382 2085 1534 2154 traditae
1555 2096 1639 2154 sunt
1664 2087 1932 2175 promissiones,
1958 2107 1998 2164 ut
2019 2094 2058 2162 in

49 2199 76 2255 ct
103 2187 168 2257 lide
205 2187 423 2278 accipiamus
462 2183 548 2274 boc,
589 2202 631 2261 nt
662 2212 840 2260 summum
872 2192 1019 2276 bonum,
1068 2189 1293 2262 invocatione
1306 2186 1392 2256 fides
1407 2184 1632 2257 accendatur.
1690 2181 1757 2273 Et,
1791 2190 2057 2263 utiamdeor-

49 2287 210 2375 videlicet,
248 2289 491 2359 remissionem
511 2305 733 2382 pcccatorum
756 2305 789 2361 et
810 2292 1017 2364 reconcilia-
1068 2289 1472 2363 dineseudistinctionc
1488 2286 1765 2378 promissionum
1789 2291 1883 2374 diri,
1910 2293 1957 2364 ita
1981 2297 2059 2388 pri-

49 2387 162 2460 tionem
178 2413 246 2462 seu
263 2390 538 2483 acceptationem
556 2394 601 2462 ad
617 2393 727 2464 vitam
740 2406 920 2466 aeternam
935 2418 1020 2486 pro-
1069 2418 1168 2465 mum
1184 2388 1243 2463 hic
1259 2391 1444 2462 sciendum
1460 2404 1529 2469 est,
1562 2405 1727 2480 oportere
1750 2391 1790 2461 in
1813 2394 1912 2464 omni
1925 2420 2059 2490 preca-

49 2491 168 2562 missam
189 2505 340 2587 propter
355 2487 557 2566 Christum:
592 2489 684 2566 banc
707 2508 900 2568 statuamus
923 2511 1018 2568 certo
1068 2497 1166 2568 tione
1182 2494 1384 2587 praelucere
1401 2488 1492 2562 banc
1512 2491 1637 2576 iidem,
1667 2517 1758 2586 quae
1773 2497 1894 2567 statuit
1915 2510 1950 2570 te
1973 2523 2060 2592 pro-

48 2594 154 2664 donari
169 2595 279 2666 nobis
293 2595 541 2668 accedentibus
555 2599 600 2667 nd
617 2594 733 2669 Deum
750 2599 876 2670 fiducia
886 2593 1019 2671 Christi
1069 2611 1148 2692 pter
1167 2599 1279 2668 lilium
1304 2592 1373 2667 Dei
1395 2593 1505 2686 recipi
1532 2606 1567 2664 et
1590 2595 1766 2664 exaudiri:
1808 2610 1849 2669 ut
1871 2593 2056 2692 Ephes.8.

49 2697 254 2782 mediatoris,
279 2696 376 2768 iuxta
391 2696 482 2768 illud
499 2699 609 2773 Abac.
623 2704 658 2773 Ξ.
684 2697 791 2772 Βοιιι.
811 2706 843 2774 l.
869 2699 949 2772 Gal.
966 2701 1017 2773 ba
1069 2701 1215 2771 dicitur:
1243 2699 1314 2769 Per
1330 2720 1436 2792 quem
1452 2697 1622 2766 audemus
1638 2699 1805 2768 accedere
1822 2721 1903 2770 cum
1922 2703 2058 2776 fiducia

49 2791 145 2869 iustus
159 2799 233 2870 fide
245 2821 308 2868 sua
326 2799 433 2874 vivet.
485 2796 800 2874 ltemMatth.11.:
828 2801 956 2874 Venite
973 2805 1015 2872 ad
1069 2826 1134 2896 per
1148 2804 1253 2872 fidem
1268 2801 1307 2870 in
1323 2801 1440 2890 ipsum
1454 2810 1519 2869 etc.
1571 2794 1645 2866 Nec
1657 2809 1796 2868 tantum
1812 2800 1851 2870 in
1867 2797 1935 2874 hoc
1952 2803 2058 2876 initio

48 2919 90 2965 ne
108 2924 249 2982 omnes,
276 2899 338 2996 qui
362 2901 532 2972 laboratis
554 2914 588 2973 et
607 2903 745 2974 onerati
767 2905 870 2987 estis,
896 2919 930 2976 ct
954 2928 1018 2995 ego
1068 2903 1323 2975 consolationis
1336 2902 1451 2972 luceat
1465 2901 1561 2983 fides,
1586 2896 1768 2985 videlicet,
1792 2914 1832 2972 ut
1846 2915 1976 2977 statuat
1989 2931 2057 2978 nos

47 2999 274 3076 reiciamvos.
328 3001 416 3075 ltem
431 2999 518 3075 Luc.
534 3005 607 3076 11.:
634 3003 778 3094 Quanto
795 3005 1020 3097 magisPater
1068 3006 1195 3100 recipi,
1221 3000 1470 3098 placereDeo‚
1497 3001 1655 3092 accipere
1675 3004 1916 3075 remissionem
1933 3031 2058 3098 pecca-

48 3114 142 3174 vester
171 3103 336 3175 coelestis
361 3105 463 3176 dabit
483 3103 658 3197 Spiritum
678 3120 839 3179 sanctum
865 3109 1018 3200 petenti·
1068 3123 1210 3192 torum,
1235 3121 1270 3180 et
1290 3105 1408 3177 audiri
1429 3119 1570 3176 nostros
1588 3103 1754 3192 gemitus:
1781 3109 1840 3176 sed
1867 3108 1972 3179 etiam
1997 3135 2056 3184 ae·

47 3201 109 3278 hus.
157 3203 252 3277 Item
261 3199 389 3282 Erech.
404 3207 483 3281 SE:
512 3207 604 3278 Vivo
620 3231 704 3300 ego,
729 3209 817 3280 dicit
830 3206 1018 3297 Dominus,
1069 3213 1168 3281 cedat
1190 3211 1290 3280 lirma
1308 3231 1406 3302 spes,
1437 3231 1507 3301 qna
1532 3219 1771 3296 exspectemus
1788 3210 1844 3278 vel
1862 3211 2057 3302 mitigatio-

47 3305 115 3375 nolo
128 3321 283 3379 mortem
303 3309 512 3400 peccatoris,
538 3313 597 3380 scd
613 3325 653 3382 ut
668 3311 896 3382 convertatur
913 3324 949 3384 et
962 3313 1018 3381 vi·
1068 3337 1151 3382 nem
1164 3313 1222 3383 vel
1236 3311 1483 3385 liberationem
1506 3308 1546 3377 in
1570 3301 1638 3377 hac
1654 3309 1745 3391 vita,
1771 3312 1907 3383 etiamsi
1930 3313 2056 3386 differ·

48 3419 100 3477 vat
148 3407 264 3481 Vides
288 3404 382 3480 banc
406 3434 489 3480 vere
513 3435 585 3481 esse
606 3428 810 3504 perpetuam
831 3411 1016 3504 Evangelii
1068 3428 1129 3487 tur
1147 3415 1338 3496 auxilium,
1361 3424 1396 3484 et
1408 3433 1528 3480 morae
1546 3407 1733 3499 longitudo
1749 3412 1960 3503 languelacit
1976 3420 2056 3488 ani·
2164 3471 2168 3478 .

46 3530 165 3596 vocem,
191 3525 236 3583 ut
251 3513 457 3583 accedamus
471 3513 514 3583 ad
528 3513 642 3585 Deum
657 3515 785 3586 fiducia
800 3517 1018 3603 mediatoris,
1069 3539 1185 3603 mum,
1212 3517 1302 3587 sicut
1314 3514 1426 3585 Abac.
1442 3516 1479 3587 2.
1496 3509 1729 3604 praecipitur:
1756 3512 1796 3585 Si
1810 3538 1946 3588 moram
1962 3520 2056 3590 lere-

45 3623 76 3680 ut
96 3611 326 3702 promissioni
349 3614 483 3705 gratiae
515 3631 611 3688 certo
640 3617 890 3689 assentiamur:
927 3643 1018 3711 quae
1068 3620 1132 3703 rit,
1163 3632 1321 3712 exspecta
1344 3640 1444 3702 eum,
1473 3615 1559 3709 quis
1583 3612 1729 3685 veniens
1752 3617 1891 3706 veniet,
1924 3634 1959 3692 ct
1981 3646 2057 3694 non

46 3713 170 3802 quidem
186 3728 222 3787 et
242 3715 442 3788 iuramento
466 3730 501 3791 et
520 3718 691 3810 sauguine
710 3721 776 3790 lilii
798 3717 865 3790 Dei
888 3722 1017 3791 confir·
1067 3723 1235 3797 tardabit.

45 3829 121 3886 mata
147 3833 215 3889 est:
252 3811 345 3888 hanc
361 3819 438 3889 vult
454 3815 552 3890 Deus
569 3822 679 3913 accipi
696 3836 730 3892 et
745 3823 893 3894 retineri
909 3818 1015 3894 etiam
1169 3819 1311 3895 Deinde
1326 3820 1578 3893 discernendae
1595 3830 1679 3891 sunt
1700 3841 1755 3890 res
1771 3845 1861 3914 qnae
1876 3837 2056 3914 petuntur.

45 3917 194 3990 omnibus
207 3919 316 3991 bonis
331 3921 574 4012 corporalibus
590 3925 747 4010 amissis,
772 3925 867 3996 iuxta
883 3925 1017 3995 dictum
1069 3922 1145 3998 Aut
1165 3928 1259 3998 enim
1284 3927 1369 3996 tides
1391 3927 1479 4015 petit
1504 3923 1599 3993 bona
1620 3919 1834 4014 spiritualia,
1867 3927 2057 4020 dequibus

45 4011 98 4088 lob
114 4021 189 4096 ts:
226 4017 378 4093 Etiamsi
400 4023 536 4094 occidet
558 4049 632 4098 me:
667 4039 785 4097 tamen
809 4028 956 4118 sperabo
979 4029 1017 4098 in
1069 4029 1283 4100 nominatim
1300 4042 1333 4098 et
1348 4025 1547 4118 specialiter
1562 4045 1722 4112 expressa
1737 4039 1789 4097 est
1803 4025 2056 4117 voluntasDei,

45 4139 124 4193 eum.
174 4121 421 4195 Veruntamen
445 4125 521 4194 vias
542 4149 637 4198 meas
659 4153 778 4199 coram
803 4153 1019 4220 coarguam,
1069 4133 1165 4227 quod
1188 4126 1274 4200 haec
1294 4131 1370 4222 ipsa
1392 4129 1487 4198 bona
1510 4123 1722 4197 nominatim
1748 4126 1794 4196 sit
1816 4127 1984 4218 daturus,
2021 4147 2058 4204 et

45 4233 72 4290 et
85 4222 154 4315 ipse
170 4225 239 4295 erit
256 4223 421 4298 Salvator
434 4251 551 4313 meus,
581 4231 647 4300 nec
671 4231 819 4304 intrabit
839 4256 957 4302 coram
977 4258 1018 4304 eo
1070 4235 1166 4329 qnod
1183 4233 1268 4303 velit
1291 4255 1331 4303 ea
1355 4232 1431 4301 sine
1448 4228 1656 4300 conditione
1678 4227 1769 4318 peti,
1792 4241 1833 4298 ut
1848 4235 2058 4304 reconcilia·

43 4321 339 4421 ullushypocrita.
391 4327 469 4399 lmo
490 4353 565 4400 non
587 4347 736 4424 possunt
751 4334 821 4404 alia
841 4335 936 4405 bona
958 4359 1018 4406 seu
1069 4337 1205 4409 tionem
1230 4348 1264 4406 et
1286 4335 1395 4404 vitam
1421 4345 1619 4415 aeternam,
1657 4328 1950 4421 gubeffflfiffl‘m
1977 4338 2058 4406 ³1¹3·

45 4423 196 4498 beneticia
220 4429 312 4521 peti,
339 4430 411 4502 nisi
433 4432 658 4522 praelucente
682 4436 916 4527 promissione
941 4459 1020 4528 gra-
1071 4461 1167 4520 mae,
1205 4437 1434 4507 donationem
1456 4431 1613 4526 Spiritus
1637 4433 1767 4515 sancti,
1809 4433 2056 4509 liberationem

45 4524 117 4613 tiae,
149 4529 248 4601 iuxta
273 4531 405 4602 dictum
432 4529 587 4620 Christi,
620 4532 770 4609 lobann.
791 4537 870 4611 lh:
904 4538 1019 4610 Nemo
1070 4542 1115 4611 ab
1144 4539 1324 4633 impietate
1350 4550 1385 4608 et
1412 4549 1529 4607 morte
1555 4549 1715 4606 aeterna:
1757 4529 1859 4617 baec,
1897 4539 2058 4634 inquam,

45 4642 144 4708 potest
159 4635 324 4704 accedere
339 4637 386 4704 ad
401 4632 562 4721 Patrem,
588 4639 659 4710 nisi
677 4663 738 4726 per
752 4637 898 4714 Filium.
930 4640 1019 4713 item
1069 4643 1238 4714 beneficia
1268 4639 1413 4734 propria
1434 4633 1622 4728 Evangelii
1653 4651 1688 4708 et
1715 4649 1877 4725 aeterna,
1919 4657 2060 4732 oportet

47 4722 271 4808 inbannitis
297 4734 481 4831 Quicquid
488 4738 809 4831 petieritisPatrem
821 4742 858 4811 in
874 4745 1020 4814 nomine
1070 4745 1176 4816 fidem
1191 4745 1229 4813 in
1248 4742 1364 4835 specie
1377 4766 1418 4813 ac
1433 4739 1646 4812 nominatim
1665 4751 1783 4831 petere
1803 4753 1839 4812 et
1857 4757 2057 4835 exspectare

47 4851 129 4915 mco,
154 4838 259 4908 dabit
273 4839 387 4911 vobis.
420 4835 468 4912 Et
483 4844 528 4912 ad
538 4839 647 4914 Hebr.
656 4840 710 4914 4.:
732 4842 913 4916 Habentes
923 4844 1020 4917 Pon·
1070 4849 1148 4918 sine
1170 4845 1386 4916 conditione.
1438 4841 1533 4930 Quia
1556 4855 1609 4913 est
1627 4854 1810 4913 aeternum
1832 4857 1867 4914 et
1891 4845 2059 4918 immuta-

47 4929 302 5024 tttecmtemm,
327 4941 533 5014 accedamus
547 4969 626 5016 cnm
644 4943 832 5017 liducia'ad
848 4943 1019 5020 thronum
1071 4950 1145 5019 bile
1164 4949 1371 5018 mandatum
1388 4943 1458 5017 Dei
1480 4945 1580 5017 omni
1605 4957 1782 5036 tempore,
1807 4958 1847 5016 ut
1871 4947 1915 5014 ad
1940 4945 2058 5036 ipsum

49 5037 173 5114 gratiae.
240 5039 385 5114 Frustra
415 5058 545 5134 peteret
566 5044 684 5119 David
704 5049 908 5138 victoriam,
949 5050 1020 5122 nisi
1071 5063 1321 5122 convertamur
1335 5061 1370 5121 et
1383 5061 1546 5142 petamus
1564 5048 1826 5132 remissionem,
1859 5070 1900 5116 ac
1924 5062 2058 5124 statua.

51 5131 141 5208 simul
154 5155 288 5230 peteret
303 5145 799 5241 remissionempeccutorum.
1069 5177 1149 5223 mus
1176 5177 1243 5224 nos
1273 5164 1369 5225 certo
1400 5150 1513 5242 recipi
1540 5149 1650 5240 gratis
1673 5160 1819 5242 propter
1839 5149 1952 5220 filium
1977 5149 2060 5241 Dei,

135 5239 324 5339 Postquam
346 5261 463 5318 autem
485 5252 530 5320 de
551 5253 843 5324 reconciliatione
863 5277 1020 5326 commo·
1070 5280 1144 5327 non
1164 5271 1309 5350 propter
1331 5253 1511 5347 propriam
1533 5253 1765 5340 dignitatem,
1796 5265 1857 5323 ³¹¹2
1878 5253 1969 5324 ulla
1987 5257 2060 5327 vit·

52 5339 163 5415 nsfacti
184 5367 324 5422 snmus:
367 5351 496 5424 deinde
518 5354 789 5430 considerentur
810 5357 1019 5450 promissio·
1041 5415 1046 5434 .
1071 5371 1163 5432 tutes
1180 5374 1214 5432 et
1227 5359 1384 5431 actiones
1400 5369 1550 5440 nostras,
1577 5355 1614 5426 id
1630 5354 1691 5449 qui
1709 5376 1781 5424 nou
1798 5355 1957 5443 credunt,
1983 5381 2059 5430 ma-

1350 5451 1435 5531 46*
