4620 5814
65 193 135 268 sn
412 235 420 244 .
604 179 689 263 xu
736 171 1132 258 amorsnonus
1161 173 1215 250 sn
1245 169 1553 270 evannum.-
1989 185 2089 288 ,402

60 357 271 454 peregrinus
289 367 382 440 erat,
415 339 597 448 reinciper
618 353 653 428 st
673 351 857 446 pontifices
879 353 911 424 ei
929 375 1051 446 parere
1101 350 1184 421 dem
1200 343 1517 436 sustinereDeum,
1541 348 1616 422 sire
1628 369 1694 442 per
1707 348 1988 446 seloquentem,
2008 358 2086 432 eive

60 463 285 546 recusabant,
312 458 395 554 quia
412 458 569 528 sciebant
583 452 785 550 stirpiluda
801 477 1050 546 regnumpro-
1102 473 1166 542 per
1195 451 1357 540 angelos,
1390 451 1466 522 sive
1489 474 1554 542 pes
1585 447 1768 540 homines,
1798 457 2084 554 quandocunque
2177 473 2181 478 ·

59 563 209 633 missum
230 559 315 632 esse.
367 555 516 630 Etcum
533 557 626 628 male
642 558 950 642 accommodarent
965 579 1049 647 pro·
1100 575 1164 622 cor
1188 553 1320 624 feritur
1345 553 1453 624 verbo
1477 549 1567 638 Dei,
1593 554 1809 648 expavescit,
1838 555 1937 634 sicut
1956 559 2085 635 clamat

58 664 263 746 missiones,
287 663 477 751 sperabant
499 657 616 730 Deum
639 657 848 729 adiuturum
871 679 943 730 csse
964 655 1050 748 ipsis
1099 653 1253 744 populus
1281 656 1326 725 ad
1357 667 1513 726 montem
1536 653 1642 728 Sina:
1671 654 1756 728 Non
1782 656 1951 775 logustur
1980 659 2084 734 uobis

59 763 317 858 expellentibus
330 759 524 836 Herodem.
574 757 651 830 Hac
666 781 727 850 spe
740 757 1049 830 assiduostunrul·
1098 753 1296 841 Dominus,
1320 779 1367 828 ne
1386 755 1591 828 moriamur.
1644 755 1716 828 Sed
1738 757 1778 826 in
1798 753 1856 830 hrs
1870 758 1956 852 ipsis
1970 771 2084 834 terro-

50 883 115 954 ¹tus
136 865 348 947 movebant,
381 877 415 934 et
434 864 625 932 movebant
647 860 856 941 infeliciter,
879 883 945 930 nec
967 859 1047 928 vin·
1099 855 1198 926 ribus
1228 856 1302 943 illi,
1344 857 1407 950 qui
1436 859 1605 938 creduut,
1633 879 1756 930 rursus
1786 859 1971 951 eriguntur
1997 885 2085 934 voce

56 971 159 1039 rebat
182 979 320 1038 tanturn
341 963 501 1035 Herodes
525 962 709 1034 trucidatis
730 961 853 1032 multis
875 962 1047 1043 millibus,
1097 951 1306 1046 Evangelii,
1330 960 1422 1030 sicut
1440 953 1500 1030 hic
1516 958 1632 1032 Maris
1648 954 1855 1034 sudithanc
1870 984 2009 1034 vocem:
2029 961 2084 1036 Ne

56 1071 117 1140 sed
146 1067 256 1140 etiam
283 1066 511 1158 praecipuum
541 1063 729 1154 collegium
757 1084 819 1133 seu
842 1062 1046 1143 concilium,
1098 1057 1241 1144 timeas,
1265 1059 1436 1133 invenisti
1451 1059 1546 1131 euim
1563 1059 1710 1150 gratiam
1724 1063 1819 1162 aprrd
1833 1057 1963 1138 Deum.

55 1171 154 1264 quod
171 1168 345 1240 vocabant
362 1161 583 1251 Sanhedrin,
608 1165 771 1236 funditus
783 1163 926 1251 delerit,
949 1165 1044 1258 quod
1199 1159 1367 1254 Exempla
1402 1176 1486 1234 sunt
1522 1162 1651 1255 passim
1683 1163 1788 1234 obvia
1817 1165 1856 1234 in
1884 1165 2081 1257 scripturis,

47 1274 122 1358 ‚luit
146 1291 327 1340 summum
350 1269 390 1338 iu
411 1270 480 1338 isto
499 1267 652 1360 populo,
679 1267 724 1336 ad
742 1266 926 1338 doctrinae
940 1280 974 1338 et
990 1289 1045 1336 re-
1096 1283 1188 1352 quae
1208 1265 1402 1334 ostendunt
1425 1258 1521 1336 bunc
1538 1285 1613 1335 esse
1626 1265 1810 1352 ordinem,
1834 1265 1971 1361 quoties
1984 1261 2083 1340 Deus

47 1372 202 1464 ‚ligionis
217 1369 519 1440 conservationem
537 1368 754 1440 institutum.
804 1365 902 1438 Haec
917 1364 965 1438 ita
983 1367 1046 1436 lie-
1095 1361 1276 1454 loquitur,
1308 1375 1349 1436 ut
1376 1365 1587 1457 praecedant
1609 1379 1780 1452 terrores,
1810 1381 1977 1462 nequatur
1993 1391 2082 1438 con·

52 1477 162 1552 bant,
187 1469 271 1566 quia
295 1471 511 1560 praedictum
534 1481 627 1554 erat,
653 1471 739 1540 tune
758 1480 949 1540 venturum
972 1491 1044 1540 esee
1095 1464 1241 1538 solatio:
1277 1459 1336 1536 hic
1359 1465 1450 1537 ordo
1471 1465 1579 1537 etiam
1598 1465 1637 1536 in
1659 1468 1889 1540 conversione
1911 1469 2080 1540 cernitur.

53 1571 261 1658 Christum,
294 1595 373 1642 cum
400 1571 507 1663 stirps
534 1569 623 1643 luda
654 1584 745 1645 esset
774 1592 940 1663 oppressa
968 1593 1043 1642 sen
1080 1562 1231 1652 -David,
1258 1564 1407 1654 Paulus,
1433 1581 1643 1656 arguuntur,
1667 1582 1957 1660 etexpavescunt,
1981 1584 2095 1662 post·¹

54 1675 179 1750 vitute.
245 1723 249 1730 .
557 1710 564 1719 ·
924 1727 935 1754 .,,
1009 1744 1014 1760 Ι
1095 1688 1135 1736 es
1154 1666 1354 1757 eriguntur.
1404 1663 1454 1740 Et
1472 1669 1510 1738 in
1528 1666 1882 1742 concionibushuins
1896 1671 1975 1744 lecti
1990 1669 2081 1742 Ber·

155 1771 206 1846 Et
233 1774 501 1854 meminerimus
528 1767 623 1844 hanc
653 1772 876 1856 servitutem,
916 1784 951 1845 et
979 1767 1044 1844 has
1094 1769 1226 1838 nardus
1254 1767 1299 1838 de
1318 1765 1384 1840 h'ac
1404 1792 1443 1840 re
1466 1768 1625 1856 disserit,
1657 1784 1691 1843 et
1711 1773 1978 1845 memorabilem
1999 1795 2079 1844 sen·

52 1877 215 1949 miserias
242 1877 350 1946 fuisse
379 1899 523 1968 poenas.
571 1873 664 1947 Nam
693 1873 793 1966 priua
823 1875 948 1946 iratres
977 1873 1044 1943 filii
1093 1867 1240 1940 tentiam
1272 1872 1378 1942 tradit
1408 1873 1454 1942 de
1482 1871 1571 1942 lidea
1601 1870 1685 1944 Non
1711 1874 1828 1947 solum
1858 1869 1927 1946 hoc
1947 1875 2080 1961 credas,

53 1979 220 2068 Hircani,
242 1978 371 2048 deiude
385 1978 590 2069 nepotesde
604 1996 713 2068 regno
726 1986 946 2048 ccrmverant
960 1998 1042 2068 par-
1092 1970 1226 2041 remitti
1246 1985 1408 2063 peccata,
1431 1973 1492 2044 sed
1512 1973 1620 2060 gratis
1638 1975 1788 2060 remitti,
1813 1990 1850 2049 et
1863 1975 1931 2048 tibi
1945 1974 2078 2048 remitti

53 2081 201 2154 ricidiis.
250 2073 365 2150 Erant
387 2092 421 2148 et
446 2079 484 2148 in
509 2074 646 2149 honore
660 2075 836 2148 Zaducaei
859 2088 894 2147 et
914 2070 1041 2147 Phari-
1092 2073 1211 2141 credas
1226 2083 1374 2168 propter
1387 2068 1582 2148 Christum.
1632 2072 1710 2146 Hac
1724 2075 1794 2147 fide
1807 2073 2001 2171 Apostolus
2017 2077 2080 2162 ait,

51 2183 141 2267 saei,
175 2179 240 2273 qni
268 2171 513 2272 oppresserant
539 2203 656 2250 veram
685 2177 894 2249 doctrinam.
954 2175 1039 2248 ldeo
1091 2171 1279 2244 Iustilicari
1295 2168 1489 2261 hominem.

53 2280 117 2354 hae
153 2305 291 2375 poenae
320 2295 460 2353 resume
497 2294 599 2365 sunt,
636 2280 730 2350 sicut
757 2301 858 2352 nnnc.
882 2279 1040 2350 mundus

52 2383 249 2456 tristissima
270 2384 438 2454 servitute
459 2383 527 2452 sub
545 2379 673 2452 Turris
696 2391 733 2451 et
753 2380 834 2450 aliis
854 2377 1040 2470 premitur,
1080 2443 1082 2451 .
1485 2375 1535 2430 ⁹⁰
1565 2374 1687 2430 ‘mll-
1931 2451 1934 2458 ,

53 2499 195 2578 propter
211 2485 326 2568 idola,
351 2483 539 2563 libidines,
564 2495 600 2552 et
614 2480 683 2552 alia
701 2481 844 2570 llagitis.
996 2549 1000 2556 ,
1190 2473 1349 2568 Angelus
1369 2480 1531 2554 adfirmat
1546 2479 1703 2554 Marium
1722 2481 1905 2572 gravidam
1921 2483 2013 2566 lore,
2040 2498 2076 2556 et

147 2583 363 2658 Consideres
386 2597 502 2656 autem
524 2596 611 2654 tnnc
633 2582 729 2653 inter
748 2593 865 2652 tantas
887 2581 1038 2674 dissipa·
1088 2579 1285 2673 parituram
1311 2578 1424 2654 lilium
1451 2583 1665 2675 promissum
1691 2607 1756 2675 per
1782 2595 1898 2675 pstres
1929 2597 1963 2657 et
1985 2583 2076 2656 Pro-

52 2689 163 2758 tiones
186 2687 288 2776 regni
309 2699 344 2757 et
360 2684 562 2768 doctrinae,
587 2697 705 2754 tamen
721 2695 876 2754 servatas
890 2705 965 2754 esse
980 2707 1037 2754 re·
1087 2677 1222 2775 phetas,
1244 2695 1278 2755 et
1296 2682 1400 2773 longa
1415 2683 1622 2756 narratione
1635 2683 1759 2757 recitat
1775 2683 1849 2776 ipsa
1868 2687 1975 2757 verba
1989 2711 2075 2776 pro-

49 2789 178 2884 liquias
204 2809 308 2858 verae
336 2783 533 2870 Ecclesiae,
572 2781 801 2867 Zachariam,
839 2777 1038 2871 Elisabeth,
1087 2783 1308 2856 missionum.
1359 2782 1485 2876 Cogita
1509 2800 1646 2872 autem,
1670 2799 1839 2880 quantam
1858 2787 2075 2860 consolatio-

49 2885 197 2982 loseph‚
231 2886 405 2972 Mariam
438 2883 662 2969 Simeonem,
692 2881 856 2968 Annam,
885 2898 922 2957 ct
947 2886 1036 2956 alios
1086 2883 1169 2955 nem
1191 2887 1270 2976 piae
1293 2887 1406 2958 menti
1427 2881 1514 2960 haec
1527 2900 1624 2959 tanta
1641 2910 1696 2958 res
1710 2887 1886 2970 attulerit,
1913 2913 2072 2980 praeser-

45 2994 198 3073 multos,
228 2987 292 3082 qui
321 2983 440 3057 adhuc
467 3011 592 3080 puram
618 2987 816 3058 doctrinam
839 2981 1036 3079 Propheta·
1087 2987 1151 3056 tim
1175 2986 1330 3059 intuenti
1352 2988 1583 3060 miserrimam
1606 2988 1873 3082 dissipationem
1894 2987 2073 3062 Ecclesiae

47 3117 121 3163 rum
147 3091 396 3177 retinuerunt,
430 3101 464 3159 et
486 3088 526 3159 in
551 3083 607 3158 his
628 3087 803 3176 miseriis,
827 3089 915 3157 dum
937 3101 1035 3181 pete-
1086 3089 1163 3157 eius
1198 3087 1384 3180 temporis,
1424 3113 1515 3183 quae
1547 3091 1741 3162 admodum
1776 3103 1852 3162 erat
1879 3103 2071 3162 attenuata.

45 3209 119 3266 rent
137 3191 345 3262 exleetione
354 3183 612 3280 Prophetarum
624 3189 915 3274 consolationem,
939 3190 1035 3262 mul·
1084 3187 1227 3262 Recitat
1243 3202 1360 3261 autem
1376 3193 1522 3281 angelus
1538 3193 1645 3264 verba
1662 3190 1926 3283 promissionis,
1950 3205 1983 3263 et
1997 3193 2070 3262 cla-

43 3310 75 3366 ta
103 3295 315 3366 didicerunt
343 3305 379 3364 et
409 3291 520 3363 multa
550 3313 611 3361 eos
640 3290 849 3384 quotidiana
878 3291 1033 3382 precatio
1084 3313 1124 3360 re
1147 3289 1285 3385 inquit,
1310 3286 1407 3362 hunc
1423 3305 1545 3364 natum
1565 3307 1794 3384 regnaturum
1811 3293 2070 3366 essesineline.

1084 3391 1172 3462 Tale
1193 3415 1267 3462 non
1285 3404 1399 3483 potest
1414 3415 1491 3463 esse
1503 3393 1692 3486 imperium
1708 3395 1747 3464 in
1762 3389 1829 3464 lrac
1844 3395 1987 3465 mortali
2004 3419 2070 3468 na·

140 3495 195 3570 Ut
215 3509 334 3569 autem
349 3493 466 3570 Maria
488 3493 774 3584 credatangelo,
799 3493 945 3596 additur
963 3494 1033 3564 mi·
1084 3507 1175 3567 tura.
1223 3491 1296 3562 Nec
1326 3493 1475 3564 dubium
1501 3507 1571 3580 est,
1604 3491 1691 3566 haec
1712 3496 1876 3588 pluribus
1898 3495 2069 3586 euplieata

43 3600 202 3672 raculum
226 3600 271 3669 de
293 3597 439 3688 gravida
450 3620 550 3690 lanu.
574 3596 654 3666 ideo
678 3596 717 3667 lit
737 3594 872 3666 mentio
890 3595 1033 3664 numeri
1082 3615 1175 3677 esse,
1199 3591 1290 3662 sicut
1307 3594 1525 3687 statimpost
1548 3598 1693 3687 angelus
1711 3597 1759 3667 ad
1781 3592 1911 3689 loseph
1933 3597 2069 3692 inquito

42 3703 220 3774 mensium
248 3720 271 3770 a
299 3711 473 3790 conceptu
493 3692 693 3768 Elisabeth:
722 3691 789 3766 hoc
810 3707 949 3788 tempus
971 3721 1032 3766 ex·
1080 3693 1264 3764 Liberabit
1293 3695 1466 3785 populum
1499 3720 1520 3767 a
1548 3699 1708 3790 peccatis.
1765 3696 1865 3787 Quid
1893 3695 1960 3770 hoc
1992 3700 2069 3772 est?
2167 3693 2170 3700 ’

42 3814 217 3896 peccatum
240 3813 310 3884 est,
336 3814 376 3872 ut
398 3800 468 3869 iam
490 3811 586 3868 certo
606 3810 784 3869 constaret
804 3819 912 3867 annm
931 3797 1029 3868 illam
1081 3819 1155 3866 non
1169 3795 1286 3865 solum
1304 3797 1459 3869 remittet
1475 3798 1512 3867 in
1528 3794 1595 3870 hac
1609 3800 1701 3886 vita,
1725 3802 1787 3870 sed
1803 3823 1885 3872 rere
1898 3800 2068 3886 abolebit,

43 3929 109 3975 esse
131 3903 335 3994 gravidam.
374 3895 514 3991 Allegat
539 3898 648 3990 igitur
671 3897 817 3990 angelus
839 3892 908 3968 boc
930 3899 1030 3970 testi·
1080 3899 1160 3968 data
1176 3921 1269 3967 nova
1284 3897 1356 3970 vita
1374 3897 1411 3966 in
1426 3901 1689 3976 resurrectione.

41 4006 218 4098 monium:
249 4005 399 4083 Credas,
422 4001 559 4095 inquit,
586 3999 665 4071 voci
685 4023 802 4080 meae,
826 3999 909 4094 quia
933 3998 1029 4072 Dens
1180 3995 1227 4069 Et
1247 3994 1321 4072 hnc
1343 4000 1550 4070 referendae
1560 4016 1645 4073 sunt
1659 4001 1855 4074 sententiae
1867 3997 2065 4095 Propheta·
2131 4013 2134 4023 '

42 4107 209 4200 pmponit
230 4105 297 4176 tibi
319 4101 561 4176 testimonium
584 4125 681 4172 mese
695 4100 905 4192 legationis,
930 4104 1027 4198 qnod
1079 4123 1178 4183 rum,
1213 4123 1303 4194 quae
1333 4101 1378 4169 de
1408 4102 1584 4172 abolendo
1606 4117 1748 4195 peccato
1767 4115 1801 4174 et
1822 4105 1870 4174 de
1887 4104 2064 4176 abolenda

40 4201 118 4281 haec
132 4230 229 4282 anns
243 4205 288 4278 sit
302 4203 448 4296 gravida
465 4203 568 4276 lacta
596 4205 599 4212 '
1076 4214 1209 4285 morte,
1233 4203 1280 4272 de
1300 4201 1467 4273 donanda
1491 4225 1584 4274 nors
1606 4217 1642 4274 et
1665 4216 1834 4297 perpetus
1857 4206 1927 4276 rita
1948 4219 1983 4277 et
2004 4207 2063 4288 io-

1077 4303 1177 4372 sticia
1205 4303 1413 4396 loquuntur.
1465 4303 1530 4377 Ut:
1564 4299 1601 4375 0
1627 4329 1744 4388 mors,
1777 4329 1841 4378 ero
1867 4317 1964 4380 mors
1989 4321 2063 4388 tus.

405 4390 453 4442 Β·
483 4387 657 4442 ΝΜ·
782 4437 802 4472 s
1076 4400 1182 4473 Item:
1209 4404 1351 4474 Feriam
1373 4427 1508 4475 novum
1525 4419 1685 4498 pactum,
1710 4409 1929 4500 daholegem
1945 4433 2061 4483 meam

131 4505 275 4699 Deva
297 4525 404 4597 opera
416 4499 484 4574 Dei
506 4505 545 4573 in
568 4499 775 4572 hominibus
792 4502 839 4576 ita
853 4503 959 4588 liunt,
984 4519 1024 4577 nt
1075 4505 1386 4580 incordaeorum.
1437 4502 1518 4580 Erit
1534 4508 1644 4600 igitur
1658 4511 1728 4580 tale
1742 4524 1909 4599 regnum,
1932 4511 2061 4606 inquo

41 4609 134 4682 initio
160 4633 203 4680 er
230 4619 392 4678 arescant
413 4607 541 4690 animi,
567 4605 662 4676 iuxta
687 4603 805 4674 illude
825 4601 897 4676 Ubi
919 4601 1022 4676 habi·
1072 4599 1235 4678 Christus
1256 4605 1379 4676 vivens
1399 4607 1471 4680 rita
1493 4623 1637 4682 aeterna
1658 4611 1819 4702 regnabit
1834 4611 2062 4684 interdons-
2178 4659 2183 4668 ·

38 4713 117 4784 tabit
143 4708 350 4782 Dominus?
374 4707 413 4777 in
436 4706 564 4799 spiritu
587 4706 741 4778 contrito
763 4719 798 4776 et
820 4698 1022 4794 humiliato,
1071 4721 1127 4781 tos
1142 4708 1216 4780 sita
1231 4720 1387 4784 aeterna.

38 4826 67 4883 et
86 4824 262 4884 tremente
285 4831 466 4882 sermones
481 4831 603 4892 meos,
628 4811 711 4901 quia
728 4805 823 4878 Deus
844 4807 922 4878 vult
944 4808 1021 4900 pri.
1076 4873 1080 4880 ,
1110 4849 1114 4857 ·

4 4927 5 5004 ξ
37 4935 127 4984 usum
160 4934 350 5005 agnoscere
379 4931 448 4982 nos
468 4923 626 4980 nostram
648 4909 910 4994 infirmitatem,
943 4910 1020 4982 vult
1453 4911 1502 4964 Μ
1532 4915 1674 4978 tum·

37 5035 93 5084 nos
108 5013 363 5107 perterrelieri,
387 5025 426 5086 ut
441 5016 564 5107 postea
579 5011 801 5095 consoletur,
826 5011 1018 5082 sicutscri
1127 5013 1129 5016 ’
1168 5009 1239 5083 llic
1268 5011 1368 5084 locus
1394 5013 1638 5090 testimonium
1669 5026 1721 5088 est
1751 5015 1910 5098 articuli,
1956 5019 2055 5110 qrrod

4 5165 5 5208 3
36 5128 128 5203 ptum
152 5131 224 5187 est:
250 5115 406 5188 Deducit
427 5117 472 5184 ad
496 5113 647 5194 inferos,
673 5127 708 5184 et
729 5125 847 5203 postea
869 5111 1017 5184 reducit.
1066 5106 1230 5184 Christus
1244 5127 1435 5206 conceptos
1449 5115 1494 5187 sit
1507 5115 1657 5186 efficacia
1665 5113 1955 5207 Spiritussancti,
1976 5103 2055 5190 sine

35 5211 137 5289 ltem:
165 5216 377 5288 Humilibns
393 5219 454 5287 dat
474 5214 635 5304 gratiam.
683 5213 867 5286 Praeterea
889 5226 1015 5286 natura
1067 5211 1163 5285 virili
1177 5215 1334 5298 semine,
1358 5210 1543 5290 ntMattla
1560 5216 1593 5292 l.
1609 5217 1701 5288 clare
1714 5217 1864 5288 dicitur:
1889 5215 1996 5308 Quod
2012 5221 2054 5290 in

35 5309 186 5390 huminis
207 5319 285 5390 sine
307 5316 573 5392 confirmatione
595 5314 718 5387 divina
741 5337 788 5386 ue
802 5327 919 5407 potest
931 5317 1013 5410 qui-
1065 5339 1106 5388 ea
1128 5330 1251 5389 uatum
1276 5331 1350 5406 est,
1373 5331 1425 5391 est
1446 5317 1626 5414 aspiritu
1646 5329 1778 5390 noem.
1830 5313 1873 5388 ld
1893 5320 2054 5392 testimo-
