4590 5808
1939 21 1972 53 's

49 153 108 226 us
268 133 351 229 riu.
402 143 794 228 aeconomum
819 151 886 228 ur
912 135 1194 276 sonorosus
1221 151 1272 224 ru
1298 87 1483 224 avano.
1510 149 1789 224 Marsuam.
1970 154 2045 225 ros
2155 133 2158 140 ’

43 325 169 395 Prorsus
188 327 396 394 exsecranda
421 341 472 396 cst
496 323 581 397 baec
595 329 709 402 -stulta
734 326 1001 424 hypocritarum
1054 327 1208 411 catione,
1235 321 1273 396 bi
1292 297 1358 392 nec
1377 323 1582 414 intelligunt
1597 324 1677 392 Tvim
1699 318 1807 394 huius
1829 325 2044 402 consolatio-

42 423 217 518 persuasio,
243 427 306 519 qui
329 423 393 496 has
415 432 665 520 promissiones
686 445 941 522 aspernantur,
968 443 1001 502 et
1052 429 1130 514 nis,
1177 439 1210 499 et
1234 441 1380 498 manent
1402 427 1440 495 in
1464 441 1631 517 perpetua
1652 426 1801 514 caligine
1828 451 1868 497 ac
1900 427 2044 507 dubita-

43 529 216 598 eristimant
234 525 437 602 Christiano
460 529 605 603 homine
627 535 818 624 indignum
840 558 914 605 esse
939 557 1000 625 pe-

42 645 99 702 tere
112 633 197 702 bona
212 635 421 722 corporalia.
474 633 549 706 lmo
565 632 630 706 bac
647 638 721 727 ipsa
734 637 906 729 petitione
923 635 1000 708 Deo

42 730 189 803 bonorem
208 735 366 806 debitum
382 735 528 821 tribuis,
560 763 639 808 cum
666 740 705 808 in
729 740 896 831 periculis
921 763 1001 808 cor-

41 837 215 928 poralibus,
239 838 284 907 ab
301 837 378 931 ipso
394 839 564 909 auxilium
582 842 671 932 petis
691 855 724 911 et
748 856 940 933 exspectas,
967 856 1000 912 et

39 940 172 1025 agnoscis
188 941 231 1010 ab
245 939 323 1032 ipso
339 936 432 1012 hanc
448 938 556 1011 vitam
575 957 719 1037 propter
727 941 920 1014 Ecclesiam
936 946 1000 1013 de-

39 1042 116 1135 lendi
133 1065 169 1110 ac
183 1043 329 1115 servari.
955 1035 959 1046 ¹

118 1142 229 1212 Simul
247 1158 363 1215 autem
388 1157 421 1214 et
443 1139 510 1215 boc
527 1161 675 1232 statuas,
702 1171 907 1246 quanquam
922 1149 1001 1218 vult

39 1244 113 1314 Drus
136 1245 296 1334 colligere
321 1260 356 1315 et
379 1269 520 1316 servare
531 1246 745 1330 Ecclesiam,
779 1264 898 1320 tamen
922 1274 999 1319 earn

38 1349 176 1415 mirando
192 1348 341 1418 consilio
357 1349 453 1418 cruci
468 1352 658 1422 subiectam
674 1375 758 1421 esse.
811 1350 852 1420 ln
869 1377 908 1422 ea
924 1352 1000 1422 vult

37 1447 349 1543 singulosaccipere
368 1465 403 1522 et
424 1452 621 1544 intelligere
642 1454 895 1546 promissiones
919 1477 998 1524 curn

37 1552 214 1641 exceptione
244 1555 483 1643 castigationis
512 1559 710 1640 et-crucis,
758 1558 837 1627 vult
866 1580 997 1626 unom-

37 1675 186 1746 qucmque
206 1673 290 1724 'sese
321 1655 450 1725 offerre
480 1659 524 1726 ad
554 1659 792 1729 obedientiam
817 1660 857 1728 in
884 1681 998 1743 cruce,

37 1755 111 1822 iuxta
125 1754 341 1828 voluntatem
359 1755 446 1842 Dei,
474 1761 565 1832 sicut
588 1761 663 1851 ipse
678 1753 844 1832 Christus
869 1762 997 1830 volun·

36 1856 84 1926 tati
101 1857 237 1928 divinae
252 1881 290 1928 se
305 1859 469 1946 subiicit,
501 1863 684 1955 inquiens:
714 1862 835 1948 Pater,
870 1863 899 1931 si
915 1885 997 1954 pos·

37 1958 116 2027 sibile
134 1973 203 2044 est,
237 1975 394 2034 transeat
416 1987 436 2031 a
459 1987 516 2032 me
537 1967 627 2034 calix
651 1967 734 2047 iste,
767 1968 827 2036 sed
852 1966 911 2035 liat
934 1989 997 2035 vo-

37 2059 130 2129 lontas
144 2076 214 2134 tua.
257 2061 311 2133 lta
329 2061 488 2134 etDavid
504 2068 655 2137 reditum
672 2067 759 2158 petit
774 2081 808 2139 et
824 2080 998 2158 exspectat

38 2185 96 2230 cum
122 2160 183 2234 hac
214 2165 437 2257 exceptione,
476 2181 517 2237 ut
548 2167 609 2241 liat
641 2170 806 2240 voluntas
838 2169 1011 2241 Dominis

37 2260 144 2333 Eodem
164 2267 272 2337 modo
298 2291 364 2338 nos
386 2293 529 2364 quoque
544 2273 614 2341 fide
631 2286 790 2363 petamus
808 2274 903 2342 bona
918 2295 997 2340 cor-

37 2368 143 2456 poralia
158 2371 351 2440 necessaria
367 2373 471 2442 nobis
485 2386 520 2442 et
533 2375 631 2460 aliis,
657 2373 749 2444 utin
765 2368 830 2444 hac
846 2375 921 2465 ipsa
936 2397 996 2463 pe-

36 2469 136 2538 titione
151 2473 195 2540 ad
216 2472 458 2545 obedientiam
481 2499 554 2544 sese
578 2477 729 2572 quilibet
749 2476 846 2546 iuxta
868 2477 997 2546 volun-

36 2585 115 2641 tatem
129 2571 194 2642 Dei
212 2573 359 2656 offerat,
381 2577 669 2670 sicutileprosus
690 2580 730 2646 in
744 2572 811 2646 bac
827 2579 997 2648 concione

37 2673 140 2766 inquit:
166 2673 339 2764 Domine,
364 2679 393 2747 si
410 2680 483 2764 vis,
512 2695 609 2771 potes
626 2705 682 2748 me
700 2682 882 2752 mundare.
919 2677 998 2749 Ad-

37 2777 74 2844 dit
89 2779 324 2850 conditionem
351 2782 586 2872 pertinentem
610 2786 655 2852 ad
679 2784 887 2873 petitionem
909 2783 998 2852 boni

36 2881 219 2969 corporalis,
243 2895 279 2952 et
294 2895 415 2952 tamen
430 2898 481 2954 est
494 2909 534 2954 ac
550 2885 661 2974 lulget
676 2885 715 2953 in
730 2885 807 2978 ipso
832 2909 913 2954 vera
935 2885 997 2954 lux

35 2981 113 3060 fidei,
137 3007 205 3078 qua
220 2998 319 3056 certo
336 2985 476 3056 statuit:
514 2983 583 3056 Hic
606 2977 731 3057 doctor
754 2985 996 3059 amo-Abra-

35 3075 84 3151 bae
100 3087 238 3171 missus,
272 3087 336 3180 qui
356 3089 639 3158 benedictionem
656 3084 824 3159 Abrahae
845 3091 997 3180 promis-

35 3207 89 3253 sam
101 3189 200 3258 nobis
215 3187 360 3272 afferat,
392 3189 454 3283 qui
470 3191 626 3262 remittat
640 3187 731 3260 mibi
748 3207 907 3281 peccata,
934 3192 997 3285 qui

34 3281 124 3358 lleum
138 3287 226 3361 mibi
241 3291 415 3383 placabit,
443 3317 500 3360 me
515 3291 661 3384 recipiet
674 3317 715 3363 ac
729 3293 897 3378 salvabit,
923 3295 996 3363 scio

35 3385 174 3462 llessiam
190 3415 266 3462 esse
279 3393 392 3462 lilium
406 3391 474 3464 Dei
483 3443 494 3475 ,
519 3397 581 3489 qui
597 3409 776 3486 peccatum
792 3419 831 3465 ac
844 3408 995 3467 mortem

35 3493 112 3562 tollet
132 3518 169 3566 oc
191 3494 370 3582 abolebit,
412 3511 528 3568 statuo
553 3497 662 3588 igitur
693 3510 727 3567 et
758 3491 850 3567 hanc
879 3523 994 3568 meam

35 3591 142 3684 lepram
157 3599 203 3668 ab
217 3599 296 3690 ipso
315 3600 431 3668 curari
445 3623 566 3691 posse,
593 3612 628 3669 et
643 3595 708 3670 bac
722 3600 791 3670 fide
808 3600 881 3670 scio
898 3624 996 3670 acce-

37 3695 165 3768 dendum
186 3703 233 3770 ad
255 3695 352 3770 hunc
374 3702 572 3786 doctorem,
600 3715 634 3774 ct
656 3702 827 3774 auxilium
842 3702 881 3773 in
898 3702 995 3772 vale-

33 3800 132 3870 tudine
162 3801 322 3895 corporis
350 3807 594 3896 quaerendum
625 3817 660 3874 et
689 3805 881 3896 petendum
910 3826 995 3890 esse,

33 3922 89 3970 non
113 3903 236 3976 dubito
266 3905 464 3996 intelligere
497 3901 593 3977 bunc
614 3905 809 3978 Dominum
834 3929 928 3978 meas
957 3907 996 3975 in

33 4013 86 4072 um
104 4029 202 4076 saevo
226 4008 352 4076 morbo
376 4031 580 4094 aerumnas,
614 4033 723 4102 quare
744 4023 778 4080 et
802 4008 995 4100 mitigatio-

34 4126 96 4174 nem
110 4109 243 4201 abipso
264 4124 436 4201 exspecto.
494 4106 622 4182 Offero
642 4124 760 4181 autem
782 4134 839 4181 me
863 4115 907 4182 ad
929 4115 997 4182 ob-

34 4208 220 4302 edientiam,
262 4213 346 4303 quia
369 4226 403 4284 et
425 4208 493 4283 hoc
517 4226 650 4296 statuo,
689 4209 786 4283 bunc
814 4215 994 4285 doctorem

33 4329 82 4395 pro
105 4313 312 4382 admirando
343 4337 407 4384 suo
437 4315 586 4383 consilio
618 4315 833 4404 intelligere,
874 4329 995 4387 utrum

34 4411 145 4484 diutius
165 4417 203 4483 in
225 4411 294 4484 lroc
314 4418 440 4485 morbo
464 4417 615 4486 exerceri
638 4441 694 4486 me
720 4432 890 4507 oporteat.
943 4417 995 4490 lta

34 4511 170 4587 videmus
183 4541 257 4586 non
273 4539 430 4607 pugnare
447 4513 532 4587 haec
557 4521 648 4602 duo,
672 4532 791 4610 petere
812 4522 996 4605 auxilium,

35 4621 107 4686 etad
122 4620 357 4690 obedientiam
374 4643 411 4689 se
426 4621 567 4690 offerre.
618 4618 693 4690 Nec
714 4636 766 4690 est
788 4623 889 4692 irrita
914 4621 996 4694 talis

33 4712 202 4801 invocatio,
232 4723 291 4790 sed
308 4739 446 4812 semper
460 4736 520 4793 aut
543 4723 799 4812 mitigationem
822 4739 884 4794 aut
904 4725 996 4794 libe-

35 4820 182 4892 rationem
199 4825 294 4893 iuxta
311 4825 498 4892 consilium
519 4823 584 4894 Dei
602 4827 776 4918 impetrat.

115 4923 167 4995 Sit
182 4927 291 5014 igitur
303 4928 474 4996 omnibus
488 4929 672 4998 notissima
684 4928 844 4998 doctrina
861 4931 906 4998 de
921 4929 995 4998 dis-

38 5023 159 5096 crimine
180 5029 474 5120 promissionum,
510 5033 554 5098 de
575 5032 748 5100 exercitiis
772 5031 854 5100 fidei
877 5045 912 5104 et
937 5033 994 5100 ine

36 5131 204 5234 locationis
226 5131 263 5199 in
286 5133 446 5223 petendis
471 5133 575 5202 bonis
597 5133 859 5226 corporalibus:
896 5148 929 5205 et
955 5135 993 5203 iu

36 5233 234 5302 invocatione
260 5235 467 5327 quotidiana
494 5231 579 5304 baec
599 5238 760 5307 exercitia
785 5238 992 5327 cogitentur.

36 5317 108 5400 llam
124 5337 182 5427 qni
197 5351 272 5406 n‘on
293 5350 456 5410 exercent
477 5351 539 5410 out
559 5337 701 5411 discunt
720 5335 805 5410 baec
827 5342 867 5410 in
888 5341 994 5411 invo-

1055 533 1169 616 tione,
1201 555 1265 601 nec
1292 530 1572 601 consolationem
1594 529 1704 599 ullam
1726 529 1765 598 in
1791 530 2044 602 certaminibus

1053 636 1288 706 conscientiae
1306 632 1478 704 sentiunt.

1154 769 1299 840 Necesse
1317 783 1369 840 est
1392 781 1426 838 et
1444 761 1512 837 boc
1537 767 1619 836 sciri
1640 765 1681 836 in
1703 760 1761 834 his
1781 767 1868 860 ipsis
1889 769 2042 860 promis-

1052 873 1232 952 sionibus,
1260 871 1396 942 etiamsi
1419 895 1493 939 non
1517 869 1677 964 sequitur
1698 867 1862 938 liberatio
1885 870 1924 938 in
1947 871 2041 960 peri-

1053 976 1141 1045 culis
1158 998 1365 1065 corporum,
1391 973 1517 1064 ,tamen
1531 969 1718 1063 promissio
1734 971 1913 1040 bonorum
1929 984 2042 1042 aeter-

1052 1101 1181 1147 norum
1205 1101 1279 1144 non
1304 1089 1356 1146 est
1381 1075 1579 1143 abiicienda
1605 1086 1667 1144 aut
1690 1072 1930 1163 repudianda,
1959 1098 2042 1164 pro·

1052 1193 1170 1270 pterea
1186 1181 1282 1271 quod
1300 1200 1439 1246 necesse
1456 1190 1506 1246 est
1521 1179 1564 1245 ad
1582 1171 1822 1245 obedientiam
1841 1199 1876 1244 se
1898 1175 2039 1250 offerre.

1051 1281 1141 1351 Nam
1168 1279 1456 1371 compromissio
1481 1277 1674 1368 spiritualis
1691 1277 1880 1362 obiicitur,
1922 1291 2042 1348 manet

1052 1385 1089 1452 in
1106 1385 1212 1453 corde
1228 1377 1413 1453 horribilis
1434 1381 1597 1450 fremitus
1618 1381 1771 1450 irascens
1784 1377 1877 1464 Deo,
1903 1393 1937 1450 et
1953 1387 2041 1449 con·-
2068 1423 2077 1438 ·

1052 1483 1199 1557 turnella
1215 1509 1294 1554 eum
1316 1481 1492 1569 alliciens,
1523 1497 1556 1554 et
1580 1484 1652 1554 ruit
1677 1506 1738 1552 cor
1760 1483 1799 1550 in
1824 1482 2041 1573 desperatio-

1050 1613 1133 1658 nem
1160 1586 1304 1657 stiram
1329 1600 1519 1659 aeternam.
1578 1583 1667 1654 Fide
1689 1585 1798 1674 igitur
1822 1585 1983 1654 intuente
2006 1595 2041 1653 et

1051 1689 1245 1779 accipiente
1259 1690 1352 1758 bona
1367 1703 1507 1759 aeterna
1522 1687 1570 1757 ita
1585 1711 1659 1756 sese
1673 1686 1784 1776 erigat
1798 1711 1839 1756 ac
1853 1698 2038 1756 sustentet:

1051 1792 1203 1882 Quodsi
1219 1792 1369 1863 consilio
1387 1791 1648 1882 sapientissimo
1665 1788 1762 1860 Deus
1779 1787 1856 1858 vult
1870 1811 1927 1855 me
1944 1786 2040 1856 cruci

1050 1896 1245 1965 subiectum
1262 1917 1354 1974 esse,
1381 1907 1499 1964 tamen
1514 1893 1587 1960 scio
1605 1916 1645 1960 ac
1660 1902 1756 1960 certo
1771 1901 1887 1961 statuo
1900 1911 1958 1957 me
1976 1910 2041 1981 per

1050 2011 1084 2068 et
1101 2009 1246 2088 propter
1259 1996 1373 2065 lilium
1387 1991 1457 2064 Dei
1474 2005 1570 2062 certo
1593 1994 1725 2062 iustum
1746 2016 1838 2074 esse,
1864 2002 1959 2060 certo
1983 2014 2042 2059 rc-

1050 2099 1119 2190 cipi
1135 2112 1169 2169 et
1184 2099 1313 2167 salvari
1328 2097 1483 2166 animam
1499 2117 1631 2178 meam,
1658 2089 1753 2163 bunc
1769 2090 1944 2163 bonorem
1966 2093 2040 2161 scio

1049 2226 1105 2272 me
1128 2200 1257 2270 debere
1273 2199 1368 2283 Deo,
1392 2211 1432 2268 ut
1453 2197 1594 2266 credam
1619 2195 1712 2280 lilio,
1730 2209 1777 2265 'et
1799 2207 1949 2266 statuam
1977 2217 2041 2286 per

1049 2305 1165 2394 ipsum
1188 2299 1286 2372 ‘mihi
1314 2298 1486 2371 iustitiam
1508 2312 1543 2369 et
1565 2299 1673 2367 vitam
1697 2313 1876 2368 aeternam
1898 2296 2040 2379 donari,
2149 2303 2160 2314 '

1049 2401 1156 2474 buius
1180 2405 1245 2474 lilii
1270 2403 1435 2476 meritum
1458 2425 1532 2470 non
1552 2401 1768 2491 aspernabor
1783 2411 1845 2470 aut
1864 2398 2040 2483 abiiciam,

1050 2507 1188 2578 etiamsi
1206 2506 1361 2592 morbis,
1375 2516 1592 2596 paupertate
1609 2516 1642 2572 et
1665 2503 1842 2572 similibus
1861 2501 2039 2572 aerumnis

1051 2611 1187 2680 duriter
1202 2621 1375 2680 exerceon
1428 2605 1482 2677 lta
1499 2602 1564 2674 lob
1577 2627 1651 2674 sese
1674 2603 1778 2695 erigit
1802 2629 1842 2674 ac
1864 2615 2039 2674 sustentat

1049 2712 1236 2805 inquiens:
1265 2707 1416 2780 Etiamsi
1429 2709 1565 2779 occidet
1580 2731 1656 2791 me,
1681 2721 1800 2777 tamen
1823 2706 1971 2797 sperabo
1998 2704 2038 2770 in

1050 2838 1144 2886 eum.
1197 2811 1279 2885 Scio
1295 2826 1425 2884 restare
1440 2811 1546 2879 aliam
1565 2809 1694 2894 vitam,
1719 2833 1826 2901 quam
1842 2831 1916 2875 non
1933 2807 2038 2877 amit-

1050 2931 1142 3008 tam,
1169 2917 1305 2987 etiamsi
1322 2910 1407 2984 haec
1423 2933 1632 2982 aerumnosa
1650 2911 1810 3002 corporis
1834 2911 1906 2979 vita
1930 2908 2038 2978 amit·
2061 3001 2063 3007 Ι

1050 3023 1157 3090 tenda
1172 3043 1211 3088 ac
1226 3020 1419 3088 deserenda
1438 3029 1498 3088 est.
1551 3011 1608 3084 Sit
1620 3013 1730 3102 igitur
1742 3013 1889 3083 infixum
1909 3010 2048 3082 animis

1049 3123 1183 3192 dictum
1200 3119 1264 3190 lob
1281 3119 1478 3210 capitem:
1502 3111 1655 3186 Etiamsi
1671 3115 1806 3185 occidet
1821 3137 1896 3198 me,
1920 3126 2038 3182 tamen

1050 3220 1198 3316 sperabo
1214 3224 1252 3291 in
1267 3247 1359 3292 eum.
1410 3219 1501 3290 Nam
1517 3219 1635 3290 statim
1652 3231 1732 3310 post
1745 3210 1831 3286 baec
1848 3217 1953 3284 verba
1971 3215 2037 3282 do-

1049 3326 1163 3398 ctrina
1178 3327 1375 3416 deprecato
1390 3321 1629 3411 subiungitur,
1655 3343 1736 3389 curn
1746 3319 1880 3413 inquit:
1907 3314 2038 3388 Coram

1050 3429 1127 3520 ipso
1144 3428 1218 3497 vias
1239 3436 1333 3494 me'as
1355 3445 1519 3513 arguam:
1548 3422 1649 3519 quasi
1663 3422 1810 3494 diceret:
1838 3418 1967 3491 Fateor
1983 3442 2038 3485 me

1050 3553 1167 3600 coram
1200 3529 1277 3619 ipso
1310 3521 1531 3596 horribiliter
1552 3547 1653 3596 reum
1682 3547 1722 3594 ac
1752 3526 1929 3615 pollutum
1954 3543 2040 3604 esse,

1049 3633 1109 3702 sed
1125 3631 1201 3722 ipse
1215 3630 1281 3698 erit
1293 3627 1458 3700 Salvator
1472 3651 1584 3698 meus.
1635 3624 1778 3718 Recipit
1792 3651 1848 3696 me
1866 3626 2037 3694 immensa

1048 3732 1209 3804 bonitate
1235 3745 1380 3824 propter
1403 3729 1664 3810 Mediatorem,
1707 3725 1772 3799 bac
1794 3753 1850 3799 me
1874 3725 2037 3797 consola-

1048 3837 1147 3908 tione
1161 3835 1259 3926 erigo
1275 3857 1315 3904 ac
1327 3847 1507 3920 sustento,
1533 3855 1640 3926 quam
1663 3832 1738 3902 scio
1758 3825 1888 3918 certam
1913 3840 1947 3897 et
1968 3826 2037 3896 im-

1048 3953 1180 4010 motam
1205 3962 1298 4029 esse,
1325 3935 1423 4008 Deus
1449 3949 1557 4008 estet
1581 3934 1648 4005 erit
1672 3933 1711 4002 in
1736 3946 1808 4006 tota
1832 3927 2037 4001 aeternitate

1049 4041 1213 4116 Salvator
1228 4063 1338 4114 meus.

1151 4173 1290 4264 Quare,
1315 4186 1356 4244 ut
1371 4172 1444 4242 dixi
1460 4174 1499 4239 in
1514 4171 1613 4240 omni
1625 4169 1852 4240 invocatione
1875 4160 1962 4234 baec
1976 4187 2037 4234 co-

1048 4279 1191 4370 gitanda
1207 4290 1305 4347 sunt:
1339 4271 1615 4344 Consideremus
1628 4288 1778 4366 utraque
1794 4264 1948 4362 pericula
1964 4266 2037 4357 spi·
2160 4277 2165 4290 ·

1049 4379 1191 4452 ritualia
1216 4402 1256 4448 ac
1278 4376 1494 4468 corporalia,
1522 4389 1556 4445 et
1572 4376 1767 4460 discamus,
1791 4369 1930 4465 quidet
1947 4392 2038 4463 quo·-

1048 4483 1155 4552 modo
1171 4481 1362 4572 petendum
1379 4478 1436 4549 sit.
1495 4475 1538 4547 ln
1559 4479 1690 4550 talibus
1712 4475 1885 4546 exercitiis
1910 4485 2039 4542 crescet

1048 4586 1109 4654 lux
1131 4584 1214 4652 fidei
1238 4583 1277 4651 in
1300 4581 1486 4665 cordibus,
1526 4593 1562 4651 et
1584 4581 1711 4650 rectius
1741 4575 1895 4666 intelligi
1918 4573 2039 4644 omnia

1048 4697 1227 4780 poterunt.
1294 4682 1454 4757 Sciamus
1477 4697 1512 4754 et
1534 4678 1619 4766 hoc,
1660 4681 1795 4775 requiri
1818 4679 1856 4747 in
1879 4677 2038 4746 moribus

1047 4788 1275 4868 modestiam,
1298 4800 1341 4856 ut
1356 4787 1431 4856 lieri
1449 4785 1627 4855 invocatio
1646 4796 1681 4853 et
1703 4782 1850 4854 accendi
1873 4775 2038 4868 cogitatio

1048 4893 1216 4963 detentis
1233 4891 1339 4958 rebus
1359 4890 1480 4983 possit.
1599 4943 1603 4950 ,

1148 5019 1285 5098 Multae
1299 5039 1384 5096 sunt
1397 5047 1539 5101 causae,
1567 5045 1657 5114 quae
1679 5005 1870 5090 accendere
1891 5015 2038 5082 invoca-

1047 5129 1180 5202 tionem
1196 5129 1234 5196 in
1252 5129 1419 5198 omnibus
1436 5125 1630 5196 debebant:
1654 5119 1775 5194 haeret
1796 5128 1975 5210 peccatum
1998 5115 2038 5184 in

1046 5231 1233 5312 omnibus,
1260 5245 1293 5301 et
1309 5253 1442 5323 poenae
1456 5241 1677 5318 peccatorum
1692 5231 1887 5294 cernuntur
1908 5220 1948 5288 in
1969 5219 2039 5286 mi-

1027 5403 1029 5410 ,
1046 5335 1145 5406 seriis
1160 5333 1253 5405 vitae
1267 5331 1545 5425 multiplicibus,
1572 5344 1656 5401 sunt
1679 5326 1718 5395 in
1739 5336 1929 5417 conspectu
1945 5319 2038 5392 bella
