4714 5826
30 139 60 213 n
93 155 152 228 ιιι
550 199 553 202 -
629 143 691 222 xt
742 141 1043 224 ratumne
1069 141 1120 223 tn
1145 137 1525 228 memstasTEts.
2017 150 2090 220 see

24 311 58 385 'l'
90 323 211 414 fugiant
229 322 272 394 ed
297 322 501 390 inconcessa
520 316 672 399 auxilia,
696 316 786 398 sicut
800 316 887 390 Saul
904 315 1059 392 consulit
1105 317 1225 396 vincat
1245 316 1398 389 bonitas.
1449 311 1523 386 Nec
1545 315 1774 388 subtilissime
1798 331 1991 412 quaeretur
2013 343 2086 386 me-

24 412 58 485 ltl
90 425 256 496 mulierem
280 415 533 511 magicam,'et
554 420 786 510 imperatores
800 415 1056 492 Constantino-
1104 421 1225 502 dium,
1260 419 1351 490 sicut
1379 419 1417 486 in
1441 413 1518 488 Deo
1547 417 1789 490 misericordia
1814 431 1957 512 superat
1988 419 2085 492 iudi-

25 542 57 587 ιιι
90 524 219 618 politani
243 534 462 596 attraxerunt
479 519 631 592 Turcas:
669 524 729 592 secl
753 535 912 612 petamus
938 534 973 592 ct
996 545 1055 590 ex·
1105 521 1213 595 cium.
1272 518 1472 610 Diligenter
1500 534 1618 591 autem
1644 535 1678 593 et
1702 519 1930 590 comminatio
1963 522 2085 592 obser-

89 621 374 720 pectemusaDeo
390 624 583 706 auxilium,
608 637 642 694 et
667 636 811 693 utamur
826 623 994 694 remediis
1009 624 1055 694 ab
1104 625 1221 695 vande
1245 637 1313 704 est,
1347 646 1454 716 quam
1480 623 1601 694 addit:
1640 619 1693 690 Ne
1715 621 1823 692 facias
1843 622 2109 706 vastationem„

24 759 47 796 a.
89 734 153 821 ipso
174 727 356 798 ordinatis.
415 724 488 796 Nec
511 727 703 796 obscurum
724 739 793 808 est,
819 725 923 795 valde
943 723 1054 796 multe
1105 725 1222 796 Nimia
1238 725 1406 794 severitas
1420 723 1505 794 lacit
1528 723 1782 808 vastationem,
1809 721 1919 794 Multi
1945 723 2086 792 sanabi-

89 853 214 922 peccare
230 824 415 913 homines,
440 851 522 896 cum
540 826 676 896 mederi
693 826 851 897 adversis
866 838 1054 912 conantur,
1104 827 1154 896 les
1168 827 1244 896 sine
1257 826 1461 896 necessitate
1478 825 1757 906 interficiuntur,
1786 823 1896 896 Multi
1921 825 2008 894 boni
2028 825 2084 893 iu·

23 923 54 993 lu
88 931 282 1002 inconcessis
299 929 476 1001 remediis.
1103 929 1202 1020 giunt
1218 927 1521 1018 gubernationem.

23 1054 51 1097 ut
1205 1027 1294 1100 Mox
1311 1029 1412 1099 addit
1426 1027 1577 1096 similem
1594 1027 1873 1098 admonitionem
1884 1029 1927 1096 dc
1944 1026 2085 1116 sapien·

23 1128 53 1198 Su
126 1092 362 1212 'usli‘spm
388 1092 523 1210 ‘iim
547 1089 715 1173 'omma’
744 1099 775 1161 ιι
802 1087 940 1190 impius
965 1086 1052 1159 νίφα
1104 1117 1173 1216 tia,
1199 1130 1281 1201 Non
1297 1132 1343 1202 sis
1359 1131 1465 1199 nimis
1482 1129 1631 1220 sapiens.
1669 1127 1719 1200 Ut
1733 1129 1843 1198 nimia
1860 1127 2027 1197 severitas
2046 1127 2085 1196 fit

174 1192 236 1264 ‘1¹¹¹
255 1221 296 1264 ἠ
309 1192 476 1268 'mmm‘
1103 1233 1314 1315 crudelitas,
1349 1233 1397 1304 ita
1427 1231 1538 1300 nimia
1567 1231 1757 1322 sapientia,
1796 1227 1864 1299 hoc
1895 1243 1946 1300 est
1972 1227 2082 1298 nimia

172 1330 273 1400 Duae
289 1329 552 1419 regulaesunl,
578 1349 688 1420 quae,
713 1326 778 1397 elsi
795 1325 1051 1397 videnlurdis-
1103 1335 1299 1416 subtilitas,
1330 1335 1368 1404 lit
1401 1333 1616 1416 cavillatrix,
1649 1333 1784 1416 rixosa,
1817 1336 2083 1430 πολυπραγμο-

23 1487 45 1532 ις,
86 1456 229 1524 crepare,
258 1445 377 1502 tamen
402 1453 506 1500 verae
535 1443 637 1510 sunt,
669 1443 705 1500 et
737 1451 812 1497 non
838 1427 1051 1516 discrepant,
1101 1432 1204 1530 νιχὴ,
1239 1432 1449 1534 sophistica,
1484 1430 1719 1530 ἅγηιογιχὴ,
1750 1447 1791 1504 us
1822 1435 1908 1504 dicit
1930 1431 2084 1501 Menan.

23 1511 49 1552 'f''
86 1559 152 1603 cum
167 1556 248 1602 suus
266 1533 393 1626 cuique
408 1532 509 1602 locus
522 1531 705 1605 tribuitur.
738 1526 861 1600 Altera
879 1542 1050 1619 estpror·
1102 1543 1181 1612 der:
1210 1538 1320 1630 Leges
1336 1539 1448 1608 honae
1465 1551 1559 1617 sunt,
1586 1541 1645 1624 sed
1664 1539 1692 1604 si
1710 1537 1788 1630 quis
1804 1559 1861 1606 eas
1875 1533 1982 1603 nimis
1999 1533 2083 1603 sub-

23 1612 47 1655 ῃ
86 1660 135 1706 sos
149 1635 304 1726 politica:
331 1635 476 1704 Atracia
501 1633 628 1703 delicta
646 1632 847 1727 puniuntur
870 1632 1050 1702 atrocibus
1102 1639 1213 1712 tiliter
1237 1640 1511 1730 iuterpretatur,
1543 1637 1580 1707 fit
1607 1633 1842 1733 sycophanta,
1874 1649 1914 1705 ut
1937 1635 1997 1730 qui
2020 1657 2084 1725 pa·

86 1737 190 1826 poenis
208 1736 244 1805 in
260 1732 329 1806 hac
345 1737 437 1820 vita,
463 1735 558 1805 iuxta
575 1734 682 1805 illud:
709 1731 783 1822 Qui
808 1733 965 1824 gladium
991 1757 1048 1803 ac·
1101 1755 1178 1812 etue
1212 1741 1261 1811 30
1288 1741 1426 1811 dierum
1458 1740 1640 1824 inducias,
1674 1754 1781 1810 noctu
1816 1739 2003 1828 populatus
2031 1747 2082 1803 est

26 1245 49 1300 ul

23 1815 45 1958 ξ’
86 1838 208 1928 ceperit,
231 1838 351 1928 gladio
372 1837 517 1929 peribit.
552 1834 649 1907 Haec
667 1837 714 1906 ita
732 1836 943 1924 regulariter
958 1835 1048 1907 fiunt
1100 1867 1213 1934 agros.
1272 1843 1472 1934 Imperator
1498 1856 1550 1914 est
1577 1841 1747 1912 dominus
1765 1839 1985 1922 Mediolani,
2021 1861 2081 1905 rex

22 1922 42 2041 ij
87 1940 202 2010 inloto
224 1963 354 2030 genere
380 1935 556 2020 humano,
589 1937 663 2008 eive
692 1937 812 2029 lapsus
844 1951 982 2008 maneat
1008 1938 1047 2008 in
1100 1942 1261 2015 Gallicus
1283 1945 1513 2019 subtilitatem
1538 1945 1703 2014 invenire
1726 1955 1858 2032 potest,
1895 1963 1962 2036 qua
1989 1939 2082 2008 dicat

22 2021 42 2063 ‘''
85 2041 261 2132 impietate,
290 2043 364 2110 sive
389 2053 618 2110 convertetur
639 2042 683 2108 ad
711 2037 848 2124 Deum,
874 2039 938 2110 etsi
961 2064 1048 2111 con·
1098 2048 1142 2116 ad
1159 2071 1195 2116 se
1211 2047 1388 2138 pertinere
1405 2045 1670 2116 Mediolanum.
1723 2044 1832 2115 Plena
1858 2056 1910 2114 cst
1934 2042 2004 2111 vita
2028 2053 2082 2108 ta·

22 2120 41 2164 ⁶
87 2143 177 2210 versis
191 2143 398 2232 mitigantur
413 2165 558 2234 poenae.
611 2140 826 2235 Quanquam
841 2153 958 2211 autem
983 2164 1048 2210 ne·
1097 2149 1186 2216 lium
1215 2147 1477 2239 exemplorum,
1505 2161 1538 2216 et
1560 2149 1644 2216 inde
1669 2145 1756 2215 oriri
1773 2143 1865 2214 bella
1886 2157 1921 2212 et
1935 2142 2081 2212 vastita-

23 2223 40 2266 ἢ
86 2245 461 2325 ῐῐιθθῦῑῡῑῐιθᾶθῑῐῦῑὶῦι
487 2257 607 2314 lemen
629 2243 692 2335 qui
716 2265 788 2312 non
813 2239 942 2332 polluti
963 2256 1045 2314 sunt
1098 2263 1149 2319 tes
1166 2249 1390 2320 manifestum
1408 2259 1470 2320 est.
1524 2245 1608 2316 Ideo
1625 2248 1757 2340 multae
1774 2259 1893 2316 extant
1915 2243 2079 2314 admoni-

22 2325 39 2469 ζ’
85 2346 241 2416 atrocibus
255 2345 468 2430 sceleribus,
491 2368 566 2414 non
594 2344 761 2414 incidunt
777 2343 815 2412 in
829 2343 916 2414 tales
935 2343 1045 2434 tragi-
1096 2352 1211 2438 tiopes
1228 2354 1272 2421 de
1289 2351 1455 2441 fugienda
1476 2349 1536 2419 illa
1554 2347 1770 2419 cavillatrice
1795 2345 1979 2440 sapientia.
2032 2339 2078 2412 Et

22 2443 39 2538 ‚f
86 2470 259 2532 emnem,
285 2461 328 2518 uc
342 2445 495 2537 Augusti
511 2446 626 2518 exitus
641 2445 801 2537 placidus
815 2458 877 2519 est.
1095 2448 1280 2542 Agesilaus
1296 2454 1402 2523 dixit:
1428 2445 1472 2524 ni
1485 2445 1571 2524 ιίαν
1585 2445 1733 2524 δίκαιον
1747 2441 1933 2546 πρόφασις
1949 2441 2037 2518 ἐστι.

169 2543 285 2620 Altera
306 2550 427 2638 regula
440 2561 503 2631 est,
519 2544 677 2618 Ecclesia
693 2548 850 2618 subiecta
867 2558 921 2616 cst
936 2546 1045 2630 cruci,

22 2629 37 2722 i
85 2663 114 2721 ut
130 2649 228 2730 lbet,
258 2650 447 2734 Ieremias,
473 2649 652 2739 Baptista,
679 2645 844 2740 Apostoli
862 2663 896 2718 et
912 2661 1045 2741 marty·

22 2735 36 2773 ¹'
85 2775 143 2835 ιιι,
173 2751 442 2826 interficiuntur.
505 2749 601 2822 Haec
631 2764 718 2823 sunt
743 2749 937 2838 singularia
970 2771 1045 2820 nun

21 2811 34 2875 ‘i
84 2853 273 2942 pertinentia
286 2855 335 2923 ad
351 2852 441 2924 illud
458 2853 641 2945 politicum
657 2852 841 2924 iudicium.
892 2846 1045 2922 ScitEo-
1195 2849 1293 2920 Haec
1307 2851 1506 2921 admonitio
1524 2844 1688 2921 cohaeret
1703 2874 1783 2919 cum
1803 2847 1962 2940 proxima
1990 2869 2081 2938 qnae

21 2937 33 2988 θ’
84 2953 169 3026 clesia
192 2956 275 3026 alias
300 2978 375 3025 esse
398 2978 518 3025 causas
539 2957 634 3026 necis
653 2953 763 3034 Abel,
790 2964 827 3023 ct
847 2953 933 3022 alias
949 2951 1045 3020 necis
1093 2953 1255 3048 loquitur
1282 2954 1327 3021 dc
1355 2952 1467 3022 altero
1483 2967 1662 3042 extremo,
1687 2951 1821 3021 scilicet
1836 2953 1879 3021 de
1896 2946 2076 3038 negligen-

24 3055 31 3064 '
85 3051 266 3126 absalonis:
307 3058 366 3126 sed
394 3051 558 3126 homines
580 3058 659 3126 sine¹
678 3055 841 3126 doctrina
867 3051 1045 3124 Ecclesiae
1094 3056 1162 3135 tia,
1197 3053 1278 3124 Non
1300 3055 1425 3125 toleret
1455 3055 1679 3141 magistratus
1705 3053 1836 3122 atrocia
1862 3066 1895 3121 et
1920 3049 2077 3120 enormia

21 3151 30 3174 *
84 3159 250 3230 turbantur
266 3159 309 3227 in
327 3154 384 3228 his
399 3159 584 3249 exemplis,
609 3173 649 3228 ut
670 3157 835 3228 dubitent
857 3158 901 3225 de
925 3157 1044 3244 provi·
1093 3155 1238 3240 delicta,
1263 3180 1336 3226 non
1353 3167 1466 3225 taceat
1487 3155 1602 3224 fidelis
1619 3158 1745 3225 doctor
1760 3158 1805 3226 de
1830 3156 1936 3222 rebus
1958 3173 2079 3220 neces·

83 3257 195 3330 dentis.
252 3261 414 3332 Econtra
439 3285 522 3330 vero
546 3257 698 3331 sciamus
722 3259 861 3328 illustre
885 3258 1045 3328 testimo-
1094 3259 1196 3331 sariis
1211 3271 1245 3328 et
1260 3261 1304 3328 de
1320 3257 1559 3342 idolomania,
1580 3280 1654 3327 non
1674 3259 1821 3327 devores
1836 3254 2001 3342 camelos,
2019 3277 2078 3322 co-

21 3361 26 3401 ³
83 3359 164 3430 nium
186 3363 432 3453 providentiae
462 3384 553 3446 esse,
586 3362 669 3433 illos
691 3362 786 3452 ipsos
808 3359 988 3448 regulares
1011 3373 1044 3430 et
1094 3362 1168 3431 lato
1197 3361 1319 3434 culice.
1382 3360 1435 3428 Ac
1468 3373 1621 3428 atrocem
1658 3381 1808 3449 poenam
1845 3355 2079 3445 negligentiae

21 3462 25 3496 ²
83 3461 394 3534 ordinariosesitus
417 3458 690 3536 homicidarum.
741 3459 880 3532 Deinde
894 3462 938 3530 de
954 3461 1047 3531 San·
1096 3462 1283 3554 proponit:
1312 3455 1569 3532 Nemoriare's
1593 3467 1936 3556 nontuotemporc,
1961 3459 2078 3538 idest,

21 3557 23 3605 ἶ
83 3561 135 3631 ctis
155 3566 354 3636 testimonia
379 3565 597 3656 praescntiae
621 3563 686 3634 Dei
711 3563 953 3632 marsiiestiora
980 3557 1045 3631 ha·
1094 3589 1139 3635 ne
1160 3565 1189 3632 si
1213 3563 1433 3652 negligenter
1449 3562 1580 3632 cereris
1608 3578 1687 3634 tuos
1709 3585 1844 3646 mores,
1869 3572 1902 3629 et
1925 3558 2076 3627 nimium

21 3673 22 3676 ’
82 3663 202 3750 bemus,
227 3665 363 3736 Paulus
380 3679 480 3737 antea
498 3667 677 3738 revocavit
694 3679 855 3736 mortuos
871 3663 908 3734 in
923 3664 1047 3749 vitam,
1095 3665 1268 3736 laxaveris
1283 3667 1401 3734 frenos
1416 3664 1689 3764 cupiditatibus,
1715 3663 1812 3734 Deus
1832 3676 1868 3733 tc
1883 3662 2007 3751 puniat
2021 3660 2075 3726 vel

82 3765 136 3835 init
157 3767 262 3856 igitur
284 3791 393 3838 circae
416 3768 515 3852 Deo,
549 3783 582 3840 et
605 3769 673 3838 erit
696 3766 833 3841 etiamsi
859 3791 879 3834 a
902 3763 1045 3836 Nerone
1095 3791 1161 3860 per
1178 3768 1402 3856 magistratus
1417 3769 1472 3836 vel
1496 3767 1575 3835 aliis
1596 3768 1729 3851 modis,
1757 3766 1848 3836 sicut
1871 3767 1945 3854 ipse
1961 3759 2078 3831 David

82 3865 279 3940 interficitur.
945 3895 949 3902 ⁴
984 3909 991 3924 =
1095 3871 1167 3940 rnit
1184 3871 1221 3939 in
1237 3893 1370 3961 poenas
1387 3869 1538 3939 nimium
1554 3869 1624 3938 sibi
1640 3869 1839 3958 indulgens.

246 4036 254 4056 ,
330 4038 338 4056 ,
700 4037 707 4056 ,
753 4036 760 4056 ,
880 4037 888 4056 ,
1198 3969 1289 4042 Cum
1312 3985 1428 4040 antem
1446 3973 1530 4041 velit
1547 3972 1668 4064 quaeri
1692 3971 1847 4048 medium
1874 3979 1990 4058 postea
2015 3965 2078 4030 acl-

118 4043 193 4112 N⁰n
215 4063 271 4157 Ψ
293 4063 405 4159 ”mnf
429 4047 550 4112 ’Μ’
578 4063 640 4109 ”⁶⁶
663 4061 777 4111 ”mm
799 4062 970 4138 ⁸0P⁸⁶n⁸t
1003 4061 1047 4108 Μ
1096 4075 1169 4157 dit,
1195 4071 1286 4161 Quis
1307 4074 1354 4144 sit
1376 4072 1455 4154 ille,
1479 4073 1541 4166 qui
1565 4073 1721 4143 medium
1749 4065 2076 4141 cernitDeomon·

157 4141 287 4242 s⁰⁶⁸⁰⁸
305 4151 528 4216 ⁰⁰⁸i¹¹⁰¹⁶m⁰
1096 4187 1249 4258 strantc,
1276 4190 1309 4245 et
1332 4173 1478 4244 consilia
1503 4173 1577 4243 eins
1600 4199 1640 4244 ac
1663 4198 1807 4243 manum
1824 4183 1985 4257 regente,
2010 4169 2077 4235 sci·
2117 4181 2119 4188 “

163 4273 241 4346 Νοιι
255 4277 406 4346 dubium
422 4289 472 4347 est
487 4275 715 4348 Salomonem
731 4274 829 4369 loqui
846 4277 892 4346 de
906 4274 1045 4347 iusticia
1098 4278 1201 4357 licet,
1227 4277 1358 4346 timens
1382 4273 1513 4345 Deum:
1541 4277 1589 4345 ita
1614 4289 1733 4345 monet
1756 4275 1831 4347 sinc
1855 4273 1982 4343 timore
1998 4267 2080 4345 Dei,

80 4373 224 4463 politica,
254 4392 289 4450 et
305 4374 678 4466 gubernatrice'huius
696 4392 859 4451 externae
874 4378 987 4461 vitae,
1012 4390 1045 4446 et
1096 4381 1173 4448 siue
1195 4377 1440 4460 invocatione,
1466 4377 1543 4446 sine
1569 4377 1702 4448 auxilio
1727 4377 1871 4460 divino,
1907 4363 1980 4443 non
2004 4393 2077 4439 esse

79 4467 156 4548 hanc
178 4479 362 4570 perspicua
386 4493 439 4550 cst
461 4481 742 4552 accommodatio
756 4475 864 4550 huius
882 4479 987 4560 dicti,
1013 4492 1046 4549 et
1094 4481 1230 4549 felicem
1246 4480 1560 4568 gubernationem,
1586 4481 1682 4549 iuxta
1696 4480 1757 4548 illa
1774 4481 1883 4550 dicta:
1910 4473 1985 4545 Nisi
2001 4470 2076 4543 Do-

79 4578 165 4648 valde
183 4581 270 4652 utile
294 4595 518 4673 praeceptum
540 4594 603 4653 est.
664 4579 806 4652 iusticia
824 4594 984 4650 versatur
1006 4578 1043 4650 in
1095 4583 1215 4652 minus
1239 4581 1457 4653 custodierit.
1511 4578 1620 4653 Item:
1642 4579 1859 4660 Commenda
1880 4577 1958 4648 Deo
1983 4573 2078 4645 vta...

24 4736 27 4785 Σ
78 4681 179 4749 medio
199 4679 293 4754 inter
314 4682 561 4772 negligentiam
583 4696 618 4754 et
640 4682 904 4762 crudelitatem,
927 4679 1043 4756 Nimia
1093 4697 1209 4768 tuam,
1234 4683 1355 4775 etipse
1368 4684 1482 4756 faciet.

23 4858 27 4867 Ι
81 4783 231 4854 severitas
245 4785 285 4856 fn
301 4785 511 4870 crudelitas,
538 4799 579 4856 ut
600 4785 669 4858 fuit
684 4786 724 4856 in
738 4783 953 4865 Aureliano,
978 4781 1044 4854 Ni-

77 4879 136 4952 nia
157 4881 396 4974 indulgentia,
409 4910 510 4980 ,quac
532 4910 605 4956 non
630 4888 735 4977 punit
756 4886 887 4958 atrocia
903 4885 1045 4966 delicta,

22 5019 23 5032 ι
79 4984 247 5060 confirmat
276 4988 512 5069 facinorosos,
563 4989 680 5082 qualis
709 4988 778 5060 luit
806 4988 845 5057 in
875 4981 1043 5060 Arcadio.

79 5079 136 5152 Sed
150 5089 363 5175 gubernator
375 5090 560 5175 salutaris,
586 5105 627 5162 ut
646 5091 830 5180 Augustus
845 5089 943 5160 videt
968 5112 1042 5159 me-

79 5183 177 5272 dinm,
200 5187 654 5282 qtaodlsabetprobabilem
672 5193 858 5268 rationem.
908 5191 1067 5290 ldmevg
1192 5191 1282 5268 Cum
1296 5197 1465 5267 severitas
1477 5211 1531 5268 cst
1552 5198 1668 5280 bona,
1696 5216 1854 5266 exerceas
1870 5217 1967 5271 eam,
1994 5215 2074 5260 rnr-
2171 5219 2177 5226 ·

78 5285 164 5358 dium
184 5287 267 5364 baec
288 5294 483 5366 admonitio
499 5294 701 5368 Salomonis
724 5295 822 5370 inbet
838 5293 983 5388 quaeri,
1007 5307 1040 5364 st
1092 5319 1153 5368 sus
1175 5314 1255 5368 cum
1278 5297 1408 5373 lenitas
1436 5301 1597 5392 prodest,
1627 5299 1738 5372 utaris
1759 5296 1915 5370 lenitate.
1974 5291 2075 5364 lubet

1144 2609 1204 2688 Ne
1220 2615 1275 2686 sis
1291 2613 1403 2685 nimis
1425 2613 1577 2710 impius,
1603 2637 1665 2684 nec
1688 2613 1740 2684 sis
1755 2607 1912 2698 stultns,
1937 2633 1982 2680 ne
2003 2633 2082 2680 mo-

1198 2714 1333 2808 riaris,
1360 2740 1435 2786 non
1453 2723 1515 2822 lup
1532 2713 1648 2814 ipsius
1665 2725 1832 2813 tempore.

1142 4847 1420 5026 Bonumopuod
1439 4847 1725 4953 apprehenderis
1749 4851 1789 4922 ιἰι
1809 4845 1924 4923 hosat
1940 4851 1979 4920 ιἰι
1997 4847 2077 4932 illo,

1193 4979 1269 5025 non
1322 4955 1461 5028 [mittas
1482 4981 1618 5028 manns
1641 4964 1718 5029 luo.
1779 4947 1931 5023 Timens
1952 4949 2077 5022 Deum

1193 5053 1318 5129 erodet
1331 5083 1378 5129 ex
1393 5057 1563 5129 omnibus
1580 5053 1675 5131 illis.
