<?xml version="1.0" encoding="UTF-8"?>
<!DOCTYPE html PUBLIC "-//W3C//DTD XHTML 1.0 Transitional//EN"
    "http://www.w3.org/TR/xhtml1/DTD/xhtml1-transitional.dtd">
<html xmlns="http://www.w3.org/1999/xhtml" xml:lang="en" lang="en">
 <head>
  <title>
</title>
<meta http-equiv="Content-Type" content="text/html;charset=utf-8" />
  <meta name='ocr-system' content='tesseract 3.04.00' />
  <meta name='ocr-capabilities' content='ocr_page ocr_carea ocr_par ocr_line ocrx_word'/>
</head>
<body>
  <div class='ocr_page' id='page_1' title='image "./corpusreformato24melagoog/corpusreformato24melagoog_0101.png"; bbox 0 0 4616 5818; ppageno 0'>
   <div class='ocr_carea' id='block_1_1' title="bbox 838 131 2273 262">
    <p class='ocr_par' dir='ltr' id='par_1_1' title="bbox 838 131 2273 262">
     <span class='ocr_line' id='line_1_1' title="bbox 838 131 2273 262; baseline 0.017 -53"><span class='ocrx_word' id='word_1_1' title='bbox 838 131 965 210; x_wconf 79' lang='lat' dir='ltr'>rum</span> <span class='ocrx_word' id='word_1_2' title='bbox 991 133 1670 226; x_wconf 78' lang='lat' dir='ltr'>uunsunnrauxuornca.</span> <span class='ocrx_word' id='word_1_3' title='bbox 1830 257 1835 262; x_wconf 15' lang='grc' dir='ltr'>Ι</span> <span class='ocrx_word' id='word_1_4' title='bbox 2199 157 2273 234; x_wconf 82' lang='grc' dir='ltr'>ιιι</span> 
     </span>
    </p>
   </div>
   <div class='ocr_carea' id='block_1_2' title="bbox 451 301 2272 420">
    <p class='ocr_par' dir='ltr' id='par_1_2' title="bbox 451 301 2272 420">
     <span class='ocr_line' id='line_1_2' title="bbox 451 301 2272 420; baseline 0.004 -28"><span class='ocrx_word' id='word_1_5' title='bbox 451 303 550 392; x_wconf 73' lang='lat' dir='ltr'>Die</span> <span class='ocrx_word' id='word_1_6' title='bbox 586 305 758 392; x_wconf 73' lang='lat' dir='ltr'>naiall</span> <span class='ocrx_word' id='word_1_7' title='bbox 797 301 1026 418; x_wconf 68' lang='lat' dir='ltr'>Christi,</span> <span class='ocrx_word' id='word_1_8' title='bbox 1281 339 1439 388; x_wconf 87' lang='lat' dir='ltr'>mensam</span> <span class='ocrx_word' id='word_1_9' title='bbox 1457 321 1739 411; x_wconf 75' lang='lat' dir='ltr'><strong>magnitudinem</strong></span> <span class='ocrx_word' id='word_1_10' title='bbox 1753 323 2272 420; x_wconf 69' lang='lat' dir='ltr'>honitatisdiviuaeerganos,</span> 
     </span>
    </p>
   </div>
   <div class='ocr_carea' id='block_1_3' title="bbox 518 420 2272 623">
    <p class='ocr_par' dir='ltr' id='par_1_3' title="bbox 518 420 2272 623">
     <span class='ocr_line' id='line_1_3' title="bbox 518 420 2272 526; baseline 0.006 -33"><span class='ocrx_word' id='word_1_11' title='bbox 518 431 755 526; x_wconf 55' lang='lat' dir='ltr'>&amp;angelium</span> <span class='ocrx_word' id='word_1_12' title='bbox 784 432 908 507; x_wconf 68' lang='lat' dir='ltr'>10hffl,</span> <span class='ocrx_word' id='word_1_13' title='bbox 926 440 961 515; x_wconf 64' lang='grc' dir='ltr'>ι,</span> <span class='ocrx_word' id='word_1_14' title='bbox 1282 443 1363 490; x_wconf 88' lang='lat' dir='ltr'>cum</span> <span class='ocrx_word' id='word_1_15' title='bbox 1378 420 1610 513; x_wconf 75' lang='lat' dir='ltr'>intelligimus</span> <span class='ocrx_word' id='word_1_16' title='bbox 1618 423 1827 496; x_wconf 78' lang='lat' dir='ltr'>admirabili</span> <span class='ocrx_word' id='word_1_17' title='bbox 1841 429 1990 500; x_wconf 81' lang='lat' dir='ltr'>consilio</span> <span class='ocrx_word' id='word_1_18' title='bbox 2004 432 2142 502; x_wconf 89' lang='lat' dir='ltr'>aeterni</span> <span class='ocrx_word' id='word_1_19' title='bbox 2157 429 2272 503; x_wconf 85' lang='lat' dir='ltr'>Patris</span> 
     </span>
     <span class='ocr_line' id='line_1_4' title="bbox 1281 520 2270 623; baseline 0.013 -33"><span class='ocrx_word' id='word_1_20' title='bbox 1281 522 1534 612; x_wconf 88' lang='lat' dir='ltr'>constitutum,</span> <span class='ocrx_word' id='word_1_21' title='bbox 1566 539 1604 596; x_wconf 89' lang='lat' dir='ltr'>ut</span> <span class='ocrx_word' id='word_1_22' title='bbox 1633 520 1694 596; x_wconf 90' lang='lat' dir='ltr'>hic</span> <span class='ocrx_word' id='word_1_23' title='bbox 1714 525 1849 613; x_wconf 83' lang='lat' dir='ltr'>Filius,</span> <span class='ocrx_word' id='word_1_24' title='bbox 1880 530 1942 622; x_wconf 85' lang='lat' dir='ltr'>qui</span> <span class='ocrx_word' id='word_1_25' title='bbox 1964 534 2058 623; x_wconf 91' lang='lat' dir='ltr'>apud</span> <span class='ocrx_word' id='word_1_26' title='bbox 2083 531 2203 622; x_wconf 89' lang='lat' dir='ltr'>ipsum</span> <span class='ocrx_word' id='word_1_27' title='bbox 2226 535 2270 603; x_wconf 91' lang='lat' dir='ltr'>ab</span> 
     </span>
    </p>
   </div>
   <div class='ocr_carea' id='block_1_4' title="bbox 348 626 2271 773">
    <p class='ocr_par' dir='ltr' id='par_1_4' title="bbox 348 626 2271 773">
     <span class='ocr_line' id='line_1_5' title="bbox 348 626 2271 773; baseline -0.01 -53"><span class='ocrx_word' id='word_1_28' title='bbox 348 668 618 773; x_wconf 52' lang='lat' dir='ltr'><em>apudDeum,</em></span> <span class='ocrx_word' id='word_1_29' title='bbox 645 679 676 742; x_wconf 62' lang='lat' dir='ltr'>,p</span> <span class='ocrx_word' id='word_1_30' title='bbox 692 666 798 742; x_wconf 52' lang='lat' dir='ltr'>Dm,</span> <span class='ocrx_word' id='word_1_31' title='bbox 822 682 901 743; x_wconf 53' lang='lat' dir='ltr'>em,</span> <span class='ocrx_word' id='word_1_32' title='bbox 924 670 1098 748; x_wconf 45' lang='lat' dir='ltr'><em>Verbum·</em></span> <span class='ocrx_word' id='word_1_33' title='bbox 1150 674 1232 760; x_wconf 61' lang='lat' dir='ltr'>Hoc</span> <span class='ocrx_word' id='word_1_34' title='bbox 1282 637 1426 694; x_wconf 89' lang='lat' dir='ltr'>aeterno</span> <span class='ocrx_word' id='word_1_35' title='bbox 1447 626 1537 712; x_wconf 85' lang='lat' dir='ltr'>fuit,</span> <span class='ocrx_word' id='word_1_36' title='bbox 1561 627 1605 697; x_wconf 89' lang='lat' dir='ltr'>ad</span> <span class='ocrx_word' id='word_1_37' title='bbox 1628 650 1695 697; x_wconf 91' lang='lat' dir='ltr'>nus</span> <span class='ocrx_word' id='word_1_38' title='bbox 1715 629 1958 718; x_wconf 74' lang='lat' dir='ltr'>descenderet,</span> <span class='ocrx_word' id='word_1_39' title='bbox 1983 654 2025 703; x_wconf 88' lang='lat' dir='ltr'>ec</span> <span class='ocrx_word' id='word_1_40' title='bbox 2045 631 2147 705; x_wconf 89' lang='lat' dir='ltr'>lieret</span> <span class='ocrx_word' id='word_1_41' title='bbox 2168 632 2271 705; x_wconf 86' lang='lat' dir='ltr'>victi·</span> 
     </span>
    </p>
   </div>
   <div class='ocr_carea' id='block_1_5' title="bbox 348 728 2285 926">
    <p class='ocr_par' dir='ltr' id='par_1_5' title="bbox 348 728 2285 926">
     <span class='ocr_line' id='line_1_6' title="bbox 348 728 2285 876; baseline -0.006 -29"><span class='ocrx_word' id='word_1_42' title='bbox 348 785 427 848; x_wconf 85' lang='lat' dir='ltr'>erat</span> <span class='ocrx_word' id='word_1_43' title='bbox 449 774 489 846; x_wconf 84' lang='lat' dir='ltr'>in</span> <span class='ocrx_word' id='word_1_44' title='bbox 511 771 694 871; x_wconf 82' lang='lat' dir='ltr'>principio</span> <span class='ocrx_word' id='word_1_45' title='bbox 709 768 815 870; x_wconf 83' lang='lat' dir='ltr'>apud</span> <span class='ocrx_word' id='word_1_46' title='bbox 823 770 959 852; x_wconf 86' lang='lat' dir='ltr'>Deum.</span> <span class='ocrx_word' id='word_1_47' title='bbox 1010 769 1152 846; x_wconf 83' lang='lat' dir='ltr'>Omnia</span> <span class='ocrx_word' id='word_1_48' title='bbox 1167 800 1234 876; x_wconf 86' lang='lat' dir='ltr'>per</span> <span class='ocrx_word' id='word_1_49' title='bbox 1282 747 1341 794; x_wconf 54' lang='lat' dir='ltr'>ma</span> <span class='ocrx_word' id='word_1_50' title='bbox 1363 750 1428 817; x_wconf 66' lang='lat' dir='ltr'>pm</span> <span class='ocrx_word' id='word_1_51' title='bbox 1451 728 1573 813; x_wconf 49' lang='lat'><strong>&#39;¹⁰5⁵’</strong></span> <span class='ocrx_word' id='word_1_52' title='bbox 1602 741 1636 800; x_wconf 47' lang='grc' dir='ltr'>εἰ</span> <span class='ocrx_word' id='word_1_53' title='bbox 1660 753 1720 849; x_wconf 64' lang='lat' dir='ltr'>¹i¹</span> <span class='ocrx_word' id='word_1_54' title='bbox 1743 743 1883 818; x_wconf 45' lang='grc' dir='ltr'>Μετ’</span> <span class='ocrx_word' id='word_1_55' title='bbox 1915 733 2101 852; x_wconf 55' lang='lat' dir='ltr'>§lef‘nwf’</span> <span class='ocrx_word' id='word_1_56' title='bbox 2127 735 2285 853; x_wconf 57' lang='lat' dir='ltr'>“lium‘&#39;</span> 
     </span>
     <span class='ocr_line' id='line_1_7' title="bbox 1209 827 2270 926; baseline 0.004 -30"><span class='ocrx_word' id='word_1_57' title='bbox 1209 875 1217 896; x_wconf 86' lang='lat'><strong>.</strong></span> <span class='ocrx_word' id='word_1_58' title='bbox 1283 838 1319 897; x_wconf 92' lang='lat' dir='ltr'>et</span> <span class='ocrx_word' id='word_1_59' title='bbox 1340 828 1503 904; x_wconf 88' lang='lat' dir='ltr'>salvator.</span> <span class='ocrx_word' id='word_1_60' title='bbox 1555 827 1639 918; x_wconf 91' lang='lat' dir='ltr'>Quo</span> <span class='ocrx_word' id='word_1_61' title='bbox 1659 843 1807 923; x_wconf 67' lang='lat' dir='ltr'>pignore</span> <span class='ocrx_word' id='word_1_62' title='bbox 1829 847 1943 924; x_wconf 72' lang='lat' dir='ltr'>potuit</span> <span class='ocrx_word' id='word_1_63' title='bbox 1963 833 2060 906; x_wconf 85' lang='lat' dir='ltr'>Deus</span> <span class='ocrx_word' id='word_1_64' title='bbox 2083 859 2197 926; x_wconf 81' lang='lat' dir='ltr'>magu</span> <span class='ocrx_word' id='word_1_65' title='bbox 2219 849 2270 907; x_wconf 83' lang='grc' dir='ltr'>ιι-</span> 
     </span>
    </p>
   </div>
   <div class='ocr_carea' id='block_1_6' title="bbox 214 871 2270 1099">
    <p class='ocr_par' dir='ltr' id='par_1_6' title="bbox 214 871 2270 1099">
     <span class='ocr_line' id='line_1_8' title="bbox 262 871 1958 974; baseline 0 -24"><span class='ocrx_word' id='word_1_66' title='bbox 262 871 269 890; x_wconf 59' lang='lat'><strong>*</strong></span> <span class='ocrx_word' id='word_1_67' title='bbox 350 880 469 973; x_wconf 86' lang='lat' dir='ltr'>ipsum</span> <span class='ocrx_word' id='word_1_68' title='bbox 480 874 593 974; x_wconf 84' lang='lat' dir='ltr'>sacta</span> <span class='ocrx_word' id='word_1_69' title='bbox 609 883 719 966; x_wconf 87' lang='lat' dir='ltr'>sunt,</span> <span class='ocrx_word' id='word_1_70' title='bbox 745 882 777 945; x_wconf 81' lang='grc' dir='ltr'>ιι</span> <span class='ocrx_word' id='word_1_71' title='bbox 792 874 873 948; x_wconf 83' lang='lat' dir='ltr'>sine</span> <span class='ocrx_word' id='word_1_72' title='bbox 890 877 1088 974; x_wconf 80' lang='lat' dir='ltr'>essartum</span> <span class='ocrx_word' id='word_1_73' title='bbox 1106 887 1158 948; x_wconf 89' lang='lat' dir='ltr'>est</span> <span class='ocrx_word' id='word_1_74' title='bbox 1172 904 1233 949; x_wconf 83' lang='lat' dir='ltr'>ns-</span> <span class='ocrx_word' id='word_1_75' title='bbox 1358 928 1368 947; x_wconf 91' lang='lat'><strong>.</strong></span> <span class='ocrx_word' id='word_1_76' title='bbox 1922 936 1958 954; x_wconf 91' lang='lat'>..</span> 
     </span>
     <span class='ocr_line' id='line_1_9' title="bbox 214 933 2270 1099; baseline 0.002 -48"><span class='ocrx_word' id='word_1_77' title='bbox 214 1063 218 1076; x_wconf 17' lang='grc' dir='ltr'>ἱ</span> <span class='ocrx_word' id='word_1_78' title='bbox 348 971 679 1078; x_wconf 83' lang='lat' dir='ltr'>bilquodsoclum</span> <span class='ocrx_word' id='word_1_79' title='bbox 697 985 761 1051; x_wconf 85' lang='lat' dir='ltr'>est.</span> <span class='ocrx_word' id='word_1_80' title='bbox 812 973 864 1049; x_wconf 87' lang='lat' dir='ltr'>In</span> <span class='ocrx_word' id='word_1_81' title='bbox 882 975 962 1076; x_wconf 85' lang='lat' dir='ltr'>ipso</span> <span class='ocrx_word' id='word_1_82' title='bbox 978 977 1054 1051; x_wconf 84' lang='lat' dir='ltr'>vito</span> <span class='ocrx_word' id='word_1_83' title='bbox 1075 988 1173 1062; x_wconf 85' lang='lat' dir='ltr'>crat,</span> <span class='ocrx_word' id='word_1_84' title='bbox 1200 990 1232 1051; x_wconf 83' lang='lat' dir='ltr'>et</span> <span class='ocrx_word' id='word_1_85' title='bbox 1283 941 1388 1099; x_wconf 43' lang='lat'>{2²3</span> <span class='ocrx_word' id='word_1_86' title='bbox 1414 933 1510 1022; x_wconf 54' lang='lat'>‘¹⁰⁰⁶</span> <span class='ocrx_word' id='word_1_87' title='bbox 1533 954 1614 1002; x_wconf 54' lang='grc' dir='ltr'>Μ</span> <span class='ocrx_word' id='word_1_88' title='bbox 1637 954 1702 1001; x_wconf 75' lang='lat'>⁰⁰⁸</span> <span class='ocrx_word' id='word_1_89' title='bbox 1723 947 1824 1005; x_wconf 59' lang='lat' dir='ltr'>‘um</span> <span class='ocrx_word' id='word_1_90' title='bbox 1844 946 1879 1004; x_wconf 48' lang='grc' dir='ltr'>εἰ</span> <span class='ocrx_word' id='word_1_91' title='bbox 1894 937 2039 1027; x_wconf 51' lang='lat' dir='ltr'>‘mmai’</span> <span class='ocrx_word' id='word_1_92' title='bbox 2062 961 2170 1029; x_wconf 65' lang='lat' dir='ltr'>qum</span> <span class='ocrx_word' id='word_1_93' title='bbox 2188 939 2270 1007; x_wconf 65' lang='lat'>‘¹³¹⁰</span> 
     </span>
    </p>
   </div>
   <div class='ocr_carea' id='block_1_7' title="bbox 349 1072 1238 1891">
    <p class='ocr_par' dir='ltr' id='par_1_7' title="bbox 349 1072 1238 1891">
     <span class='ocr_line' id='line_1_10' title="bbox 349 1072 1232 1162; baseline 0 -10"><span class='ocrx_word' id='word_1_94' title='bbox 349 1078 425 1152; x_wconf 82' lang='lat' dir='ltr'>vito</span> <span class='ocrx_word' id='word_1_95' title='bbox 455 1088 534 1150; x_wconf 83' lang='lat' dir='ltr'>erat</span> <span class='ocrx_word' id='word_1_96' title='bbox 565 1076 636 1150; x_wconf 81' lang='lat' dir='ltr'>lua·</span> <span class='ocrx_word' id='word_1_97' title='bbox 665 1072 878 1162; x_wconf 82' lang='lat' dir='ltr'>bominum,</span> <span class='ocrx_word' id='word_1_98' title='bbox 918 1089 949 1152; x_wconf 85' lang='lat' dir='ltr'>et</span> <span class='ocrx_word' id='word_1_99' title='bbox 975 1083 1046 1156; x_wconf 81' lang='lat' dir='ltr'>lux</span> <span class='ocrx_word' id='word_1_100' title='bbox 1075 1079 1115 1152; x_wconf 88' lang='lat' dir='ltr'>in</span> <span class='ocrx_word' id='word_1_101' title='bbox 1138 1091 1232 1152; x_wconf 86' lang='lat' dir='ltr'>tens-</span> 
     </span>
     <span class='ocr_line' id='line_1_11' title="bbox 349 1177 1233 1282; baseline -0.002 -27"><span class='ocrx_word' id='word_1_102' title='bbox 349 1181 429 1255; x_wconf 84' lang='lat' dir='ltr'>bris</span> <span class='ocrx_word' id='word_1_103' title='bbox 457 1177 568 1263; x_wconf 79' lang='lat' dir='ltr'>lucet,</span> <span class='ocrx_word' id='word_1_104' title='bbox 609 1189 640 1251; x_wconf 84' lang='lat' dir='ltr'>et</span> <span class='ocrx_word' id='word_1_105' title='bbox 671 1180 837 1252; x_wconf 75' lang='lat' dir='ltr'>tenebrae</span> <span class='ocrx_word' id='word_1_106' title='bbox 865 1204 946 1255; x_wconf 83' lang='lat' dir='ltr'>sam</span> <span class='ocrx_word' id='word_1_107' title='bbox 986 1207 1061 1253; x_wconf 88' lang='lat' dir='ltr'>non</span> <span class='ocrx_word' id='word_1_108' title='bbox 1101 1207 1151 1282; x_wconf 86' lang='lat' dir='ltr'>op</span> <span class='ocrx_word' id='word_1_109' title='bbox 1179 1206 1233 1253; x_wconf 83' lang='lat' dir='ltr'>re-</span> 
     </span>
     <span class='ocr_line' id='line_1_12' title="bbox 350 1275 1233 1367; baseline 0 -12"><span class='ocrx_word' id='word_1_110' title='bbox 350 1278 567 1355; x_wconf 81' lang='lat' dir='ltr'>bsndsrunt.</span> <span class='ocrx_word' id='word_1_111' title='bbox 626 1277 728 1354; x_wconf 82' lang='lat' dir='ltr'>Erat</span> <span class='ocrx_word' id='word_1_112' title='bbox 761 1275 871 1354; x_wconf 81' lang='lat' dir='ltr'>bomo</span> <span class='ocrx_word' id='word_1_113' title='bbox 903 1281 1040 1356; x_wconf 81' lang='lat' dir='ltr'>missus</span> <span class='ocrx_word' id='word_1_114' title='bbox 1076 1308 1102 1353; x_wconf 84' lang='lat' dir='ltr'>a</span> <span class='ocrx_word' id='word_1_115' title='bbox 1182 1307 1233 1367; x_wconf 86' lang='lat' dir='ltr'>eo,</span> 
     </span>
     <span class='ocr_line' id='line_1_13' title="bbox 351 1379 1234 1481; baseline -0.005 -21"><span class='ocrx_word' id='word_1_116' title='bbox 351 1384 412 1460; x_wconf 84' lang='lat' dir='ltr'>cui</span> <span class='ocrx_word' id='word_1_117' title='bbox 423 1407 553 1456; x_wconf 83' lang='lat' dir='ltr'>numen</span> <span class='ocrx_word' id='word_1_118' title='bbox 566 1379 739 1456; x_wconf 85' lang='lat' dir='ltr'>Ioannes.</span> <span class='ocrx_word' id='word_1_119' title='bbox 770 1381 845 1462; x_wconf 82' lang='lat' dir='ltr'>His</span> <span class='ocrx_word' id='word_1_120' title='bbox 859 1384 954 1456; x_wconf 74' lang='lat' dir='ltr'>venit</span> <span class='ocrx_word' id='word_1_121' title='bbox 968 1381 1025 1456; x_wconf 86' lang='lat' dir='ltr'>ud</span> <span class='ocrx_word' id='word_1_122' title='bbox 1036 1381 1234 1481; x_wconf 79' lang='lat' dir='ltr'>testifican-</span> 
     </span>
     <span class='ocr_line' id='line_1_14' title="bbox 353 1481 1234 1575; baseline -0.002 -15"><span class='ocrx_word' id='word_1_123' title='bbox 353 1483 460 1574; x_wconf 82' lang='lat' dir='ltr'>dum,</span> <span class='ocrx_word' id='word_1_124' title='bbox 487 1495 742 1559; x_wconf 74' lang='lat' dir='ltr'>attestaretur</span> <span class='ocrx_word' id='word_1_125' title='bbox 766 1481 809 1558; x_wconf 74' lang='lat' dir='ltr'>da</span> <span class='ocrx_word' id='word_1_126' title='bbox 832 1483 929 1575; x_wconf 87' lang='lat' dir='ltr'>luce,</span> <span class='ocrx_word' id='word_1_127' title='bbox 955 1497 994 1558; x_wconf 86' lang='lat' dir='ltr'>ut</span> <span class='ocrx_word' id='word_1_128' title='bbox 1015 1510 1139 1559; x_wconf 88' lang='lat' dir='ltr'>omnes</span> <span class='ocrx_word' id='word_1_129' title='bbox 1160 1511 1234 1560; x_wconf 84' lang='lat' dir='ltr'>crs-</span> 
     </span>
     <span class='ocr_line' id='line_1_15' title="bbox 352 1583 1238 1688; baseline -0.002 -26"><span class='ocrx_word' id='word_1_130' title='bbox 352 1585 475 1662; x_wconf 85' lang='lat' dir='ltr'>derent</span> <span class='ocrx_word' id='word_1_131' title='bbox 494 1611 560 1686; x_wconf 86' lang='lat' dir='ltr'>per</span> <span class='ocrx_word' id='word_1_132' title='bbox 581 1587 714 1688; x_wconf 84' lang='lat' dir='ltr'>ipsum.</span> <span class='ocrx_word' id='word_1_133' title='bbox 763 1583 855 1662; x_wconf 88' lang='lat' dir='ltr'>Non</span> <span class='ocrx_word' id='word_1_134' title='bbox 875 1585 1038 1660; x_wconf 74' lang='lat' dir='ltr'>crotilde</span> <span class='ocrx_word' id='word_1_135' title='bbox 1061 1588 1149 1672; x_wconf 81' lang='lat' dir='ltr'>lux,</span> <span class='ocrx_word' id='word_1_136' title='bbox 1170 1586 1238 1660; x_wconf 85' lang='lat' dir='ltr'>sed</span> 
     </span>
     <span class='ocr_line' id='line_1_16' title="bbox 352 1685 1234 1784; baseline -0.002 -21"><span class='ocrx_word' id='word_1_137' title='bbox 352 1689 489 1765; x_wconf 84' lang='lat' dir='ltr'>missus</span> <span class='ocrx_word' id='word_1_138' title='bbox 513 1700 610 1784; x_wconf 84' lang='lat' dir='ltr'>erat,</span> <span class='ocrx_word' id='word_1_139' title='bbox 642 1701 682 1762; x_wconf 85' lang='lat' dir='ltr'>ut</span> <span class='ocrx_word' id='word_1_140' title='bbox 704 1699 899 1762; x_wconf 79' lang='lat' dir='ltr'>leslaretur</span> <span class='ocrx_word' id='word_1_141' title='bbox 922 1685 965 1761; x_wconf 83' lang='lat' dir='ltr'>de</span> <span class='ocrx_word' id='word_1_142' title='bbox 985 1690 1076 1763; x_wconf 86' lang='lat' dir='ltr'>luce.</span> <span class='ocrx_word' id='word_1_143' title='bbox 1132 1689 1234 1761; x_wconf 83' lang='lat' dir='ltr'>Erol</span> 
     </span>
     <span class='ocr_line' id='line_1_17' title="bbox 353 1789 1235 1891; baseline -0.002 -25"><span class='ocrx_word' id='word_1_144' title='bbox 353 1790 425 1866; x_wconf 77' lang='lat' dir='ltr'>lua·</span> <span class='ocrx_word' id='word_1_145' title='bbox 445 1789 518 1863; x_wconf 77' lang='lat' dir='ltr'>itta</span> <span class='ocrx_word' id='word_1_146' title='bbox 539 1816 643 1875; x_wconf 73' lang='lat' dir='ltr'>veru,</span> <span class='ocrx_word' id='word_1_147' title='bbox 674 1816 768 1891; x_wconf 83' lang='lat' dir='ltr'>quae</span> <span class='ocrx_word' id='word_1_148' title='bbox 787 1789 979 1864; x_wconf 82' lang='lat' dir='ltr'>illuminat</span> <span class='ocrx_word' id='word_1_149' title='bbox 1003 1816 1142 1884; x_wconf 85' lang='lat' dir='ltr'>pmnsm</span> <span class='ocrx_word' id='word_1_150' title='bbox 1166 1789 1235 1864; x_wconf 83' lang='lat' dir='ltr'>bo·</span> 
     </span>
    </p>
   </div>
   <div class='ocr_carea' id='block_1_8' title="bbox 297 565 1231 672">
    <p class='ocr_par' dir='ltr' id='par_1_8' title="bbox 297 565 1231 672">
     <span class='ocr_line' id='line_1_18' title="bbox 297 565 1231 672; baseline -0.001 -27"><span class='ocrx_word' id='word_1_151' title='bbox 297 569 349 646; x_wconf 87' lang='lat' dir='ltr'>In</span> <span class='ocrx_word' id='word_1_152' title='bbox 377 568 563 672; x_wconf 83' lang='lat' dir='ltr'>principio</span> <span class='ocrx_word' id='word_1_153' title='bbox 591 578 670 640; x_wconf 80' lang='lat' dir='ltr'>erat</span> <span class='ocrx_word' id='word_1_154' title='bbox 696 565 877 658; x_wconf 84' lang='lat' dir='ltr'>Verbum,</span> <span class='ocrx_word' id='word_1_155' title='bbox 908 580 941 643; x_wconf 84' lang='lat' dir='ltr'>et</span> <span class='ocrx_word' id='word_1_156' title='bbox 968 568 1130 645; x_wconf 81' lang='lat' dir='ltr'>Verbum</span> <span class='ocrx_word' id='word_1_157' title='bbox 1152 581 1231 644; x_wconf 84' lang='lat' dir='ltr'>erat</span> 
     </span>
    </p>
   </div>
   <div class='ocr_carea' id='block_1_9' title="bbox 353 1033 2271 1966">
    <p class='ocr_par' dir='ltr' id='par_1_9' title="bbox 1284 1033 2271 1422">
     <span class='ocr_line' id='line_1_19' title="bbox 1431 1033 2271 1106; baseline 0.005 -4"><span class='ocrx_word' id='word_1_158' title='bbox 1431 1033 1601 1102; x_wconf 88' lang='lat' dir='ltr'>rivere</span> <span class='ocrx_word' id='word_1_159' title='bbox 1632 1055 1746 1102; x_wconf 90' lang='lat' dir='ltr'>comm</span> <span class='ocrx_word' id='word_1_160' title='bbox 1803 1034 1813 1053; x_wconf 82' lang='lat'><em>⁰</em></span> <span class='ocrx_word' id='word_1_161' title='bbox 1881 1035 1890 1054; x_wconf 81' lang='lat'>⁸</span> <span class='ocrx_word' id='word_1_162' title='bbox 2051 1038 2072 1078; x_wconf 76' lang='lat'>⁹·</span> <span class='ocrx_word' id='word_1_163' title='bbox 2254 1038 2271 1106; x_wconf 77' lang='lat' dir='ltr'>i</span> 
     </span>
     <span class='ocr_line' id='line_1_20' title="bbox 1284 1050 2269 1232; baseline 0.006 -30"><span class='ocrx_word' id='word_1_164' title='bbox 1284 1083 1397 1202; x_wconf 53' lang='lat' dir='ltr'>Sicut,</span> <span class='ocrx_word' id='word_1_165' title='bbox 1413 1056 1631 1204; x_wconf 73' lang='lat' dir='ltr'>deuconsilio</span> <span class='ocrx_word' id='word_1_166' title='bbox 1650 1050 1923 1228; x_wconf 52' lang='lat' dir='ltr'>patripnetpeppste</span> <span class='ocrx_word' id='word_1_167' title='bbox 1934 1052 2120 1209; x_wconf 51' lang='lat' dir='ltr'>effipilslgpp</span> <span class='ocrx_word' id='word_1_168' title='bbox 2137 1062 2269 1232; x_wconf 54' lang='lat' dir='ltr'>ih&#39;lparlil:</span> 
     </span>
     <span class='ocr_line' id='line_1_21' title="bbox 1284 1229 2269 1320; baseline 0.006 -19"><span class='ocrx_word' id='word_1_169' title='bbox 1284 1229 1343 1302; x_wconf 90' lang='lat' dir='ltr'>Sic</span> <span class='ocrx_word' id='word_1_170' title='bbox 1364 1229 1462 1304; x_wconf 91' lang='lat' dir='ltr'>Deus</span> <span class='ocrx_word' id='word_1_171' title='bbox 1483 1235 1605 1305; x_wconf 83' lang='lat' dir='ltr'>dilexit</span> <span class='ocrx_word' id='word_1_172' title='bbox 1629 1237 1822 1320; x_wconf 85' lang='lat' dir='ltr'>mundum,</span> <span class='ocrx_word' id='word_1_173' title='bbox 1847 1250 1890 1309; x_wconf 91' lang='lat' dir='ltr'>ut</span> <span class='ocrx_word' id='word_1_174' title='bbox 1906 1237 2038 1310; x_wconf 79' lang='lat' dir='ltr'>Filium</span> <span class='ocrx_word' id='word_1_175' title='bbox 2060 1263 2165 1308; x_wconf 91' lang='lat' dir='ltr'>suum</span> <span class='ocrx_word' id='word_1_176' title='bbox 2189 1239 2269 1310; x_wconf 89' lang='lat' dir='ltr'>uni·</span> 
     </span>
     <span class='ocr_line' id='line_1_22' title="bbox 1284 1335 1638 1422; baseline -0.003 -13"><span class='ocrx_word' id='word_1_177' title='bbox 1284 1335 1441 1422; x_wconf 73' lang='lat' dir='ltr'>renisum</span> <span class='ocrx_word' id='word_1_178' title='bbox 1461 1338 1559 1406; x_wconf 88' lang='lat' dir='ltr'>daret</span> <span class='ocrx_word' id='word_1_179' title='bbox 1575 1350 1638 1408; x_wconf 87' lang='lat' dir='ltr'>etc.</span> 
     </span>
    </p>

    <p class='ocr_par' dir='ltr' id='par_1_10' title="bbox 353 1435 2268 1966">
     <span class='ocr_line' id='line_1_23' title="bbox 1387 1435 2268 1533; baseline 0.005 -26"><span class='ocrx_word' id='word_1_180' title='bbox 1387 1435 1485 1508; x_wconf 89' lang='lat' dir='ltr'>Haec</span> <span class='ocrx_word' id='word_1_181' title='bbox 1502 1438 1654 1526; x_wconf 80' lang='lat' dir='ltr'>cogitare</span> <span class='ocrx_word' id='word_1_182' title='bbox 1671 1439 1759 1509; x_wconf 88' lang='lat' dir='ltr'>utile</span> <span class='ocrx_word' id='word_1_183' title='bbox 1774 1453 1844 1525; x_wconf 91' lang='lat' dir='ltr'>est,</span> <span class='ocrx_word' id='word_1_184' title='bbox 1870 1451 1910 1510; x_wconf 92' lang='lat' dir='ltr'>ut</span> <span class='ocrx_word' id='word_1_185' title='bbox 1923 1438 2074 1510; x_wconf 90' lang='lat' dir='ltr'>sciamus</span> <span class='ocrx_word' id='word_1_186' title='bbox 2089 1442 2268 1533; x_wconf 89' lang='lat' dir='ltr'>postulare</span> 
     </span>
     <span class='ocr_line' id='line_1_24' title="bbox 1285 1535 2267 1634; baseline 0.001 -24"><span class='ocrx_word' id='word_1_187' title='bbox 1285 1554 1320 1611; x_wconf 91' lang='lat' dir='ltr'>et</span> <span class='ocrx_word' id='word_1_188' title='bbox 1335 1538 1426 1610; x_wconf 89' lang='lat' dir='ltr'>velle</span> <span class='ocrx_word' id='word_1_189' title='bbox 1439 1537 1574 1624; x_wconf 89' lang='lat' dir='ltr'>Deum,</span> <span class='ocrx_word' id='word_1_190' title='bbox 1600 1541 1696 1609; x_wconf 92' lang='lat' dir='ltr'>credi</span> <span class='ocrx_word' id='word_1_191' title='bbox 1713 1535 1799 1610; x_wconf 86' lang='lat' dir='ltr'>baec</span> <span class='ocrx_word' id='word_1_192' title='bbox 1812 1541 1933 1612; x_wconf 89' lang='lat' dir='ltr'>desua</span> <span class='ocrx_word' id='word_1_193' title='bbox 1948 1541 2150 1628; x_wconf 87' lang='lat' dir='ltr'>voluntate,</span> <span class='ocrx_word' id='word_1_194' title='bbox 2176 1545 2267 1634; x_wconf 90' lang='lat' dir='ltr'>quod</span> 
     </span>
     <span class='ocr_line' id='line_1_25' title="bbox 1286 1635 2266 1736; baseline -0.001 -23"><span class='ocrx_word' id='word_1_195' title='bbox 1286 1655 1431 1734; x_wconf 85' lang='lat' dir='ltr'>propter</span> <span class='ocrx_word' id='word_1_196' title='bbox 1465 1635 1563 1711; x_wconf 90' lang='lat' dir='ltr'>hunc</span> <span class='ocrx_word' id='word_1_197' title='bbox 1591 1639 1724 1710; x_wconf 79' lang='lat' dir='ltr'>Filium</span> <span class='ocrx_word' id='word_1_198' title='bbox 1763 1665 1846 1712; x_wconf 89' lang='lat' dir='ltr'>vere</span> <span class='ocrx_word' id='word_1_199' title='bbox 1882 1665 1949 1712; x_wconf 88' lang='lat' dir='ltr'>uos</span> <span class='ocrx_word' id='word_1_200' title='bbox 1980 1644 2126 1734; x_wconf 82' lang='lat' dir='ltr'>diligat,</span> <span class='ocrx_word' id='word_1_201' title='bbox 2175 1647 2266 1736; x_wconf 91' lang='lat' dir='ltr'>quod</span> 
     </span>
     <span class='ocr_line' id='line_1_26' title="bbox 1286 1737 2268 1836; baseline 0.001 -24"><span class='ocrx_word' id='word_1_202' title='bbox 1286 1741 1370 1814; x_wconf 89' lang='lat' dir='ltr'>velit</span> <span class='ocrx_word' id='word_1_203' title='bbox 1390 1743 1548 1813; x_wconf 88' lang='lat' dir='ltr'>invocari</span> <span class='ocrx_word' id='word_1_204' title='bbox 1571 1743 1699 1813; x_wconf 83' lang='lat' dir='ltr'>fiducia</span> <span class='ocrx_word' id='word_1_205' title='bbox 1721 1737 1828 1814; x_wconf 92' lang='lat' dir='ltr'>huius</span> <span class='ocrx_word' id='word_1_206' title='bbox 1845 1739 1949 1828; x_wconf 77' lang='lat' dir='ltr'>Filii,</span> <span class='ocrx_word' id='word_1_207' title='bbox 1974 1749 2072 1836; x_wconf 83' lang='lat' dir='ltr'>quod</span> <span class='ocrx_word' id='word_1_208' title='bbox 2091 1741 2186 1813; x_wconf 88' lang='lat' dir='ltr'>banc</span> <span class='ocrx_word' id='word_1_209' title='bbox 2201 1758 2268 1814; x_wconf 90' lang='lat' dir='ltr'>tra·</span> 
     </span>
     <span class='ocr_line' id='line_1_27' title="bbox 353 1843 2267 1966; baseline 0.001 -54"><span class='ocrx_word' id='word_1_210' title='bbox 353 1894 488 1966; x_wconf 54' lang='lat' dir='ltr'><strong><em>minem</em></strong></span> <span class='ocrx_word' id='word_1_211' title='bbox 511 1894 705 1965; x_wconf 51' lang='lat' dir='ltr'><em>venientem</em></span> <span class='ocrx_word' id='word_1_212' title='bbox 729 1893 769 1964; x_wconf 59' lang='lat' dir='ltr'>pn</span> <span class='ocrx_word' id='word_1_213' title='bbox 784 1890 962 1965; x_wconf 61' lang='lat' dir='ltr'><em>mundum</em></span> <span class='ocrx_word' id='word_1_214' title='bbox 1029 1892 1080 1966; x_wconf 61' lang='lat' dir='ltr'>In</span> <span class='ocrx_word' id='word_1_215' title='bbox 1097 1889 1235 1966; x_wconf 60' lang='lat' dir='ltr'><em>mundo</em></span> <span class='ocrx_word' id='word_1_216' title='bbox 1285 1846 1417 1916; x_wconf 91' lang='lat' dir='ltr'>diderit</span> <span class='ocrx_word' id='word_1_217' title='bbox 1433 1868 1614 1931; x_wconf 88' lang='lat' dir='ltr'>normam,</span> <span class='ocrx_word' id='word_1_218' title='bbox 1639 1843 2267 1938; x_wconf 84' lang='lat' dir='ltr'>quaevemscultusafalsisdisccr·</span> 
     </span>
    </p>
   </div>
   <div class='ocr_carea' id='block_1_10' title="bbox 353 1939 2268 2142">
    <p class='ocr_par' dir='ltr' id='par_1_11' title="bbox 353 1939 2268 2142">
     <span class='ocr_line' id='line_1_28' title="bbox 637 1939 2268 2065; baseline -0.001 -47"><span class='ocrx_word' id='word_1_219' title='bbox 637 1990 667 2065; x_wconf 67' lang='lat' dir='ltr'><em>d</em></span> <span class='ocrx_word' id='word_1_220' title='bbox 823 1995 830 2014; x_wconf 89' lang='lat'><strong><em>.</em></strong></span> <span class='ocrx_word' id='word_1_221' title='bbox 1285 1949 1351 2020; x_wconf 85' lang='lat' dir='ltr'>nit.</span> <span class='ocrx_word' id='word_1_222' title='bbox 1403 1943 1617 2041; x_wconf 87' lang='lat' dir='ltr'>Quanquam</span> <span class='ocrx_word' id='word_1_223' title='bbox 1634 1945 1755 2015; x_wconf 89' lang='lat' dir='ltr'>ludaei</span> <span class='ocrx_word' id='word_1_224' title='bbox 1769 1960 1803 2015; x_wconf 92' lang='grc' dir='ltr'>ιι</span> <span class='ocrx_word' id='word_1_225' title='bbox 1817 1939 2092 2017; x_wconf 85' lang='lat' dir='ltr'>Mahometistae</span> <span class='ocrx_word' id='word_1_226' title='bbox 2108 1946 2268 2016; x_wconf 84' lang='lat' dir='ltr'>invocant</span> 
     </span>
     <span class='ocr_line' id='line_1_29' title="bbox 353 1994 2267 2142; baseline -0.001 -26"><span class='ocrx_word' id='word_1_227' title='bbox 353 2005 450 2080; x_wconf 59' lang='lat' dir='ltr'>‘mi&#39;</span> <span class='ocrx_word' id='word_1_228' title='bbox 484 2003 516 2066; x_wconf 47' lang='grc' dir='ltr'>ιι</span> <span class='ocrx_word' id='word_1_229' title='bbox 547 2020 635 2066; x_wconf 63' lang='lat' dir='ltr'>mun</span> <span class='ocrx_word' id='word_1_230' title='bbox 665 2019 708 2066; x_wconf 59' lang='grc' dir='ltr'>ω</span> <span class='ocrx_word' id='word_1_231' title='bbox 727 2018 793 2094; x_wconf 66' lang='lat' dir='ltr'><em>W</em></span> <span class='ocrx_word' id='word_1_232' title='bbox 814 2019 934 2092; x_wconf 61' lang='lat' dir='ltr'><em>&#39;psum</em></span> <span class='ocrx_word' id='word_1_233' title='bbox 947 1994 1078 2095; x_wconf 57' lang='lat' dir='ltr'><em>smus</em></span> <span class='ocrx_word' id='word_1_234' title='bbox 1101 2005 1170 2083; x_wconf 45' lang='grc' dir='ltr'>’δι’</span> <span class='ocrx_word' id='word_1_235' title='bbox 1202 2006 1234 2114; x_wconf 55' lang='lat' dir='ltr'>fi</span> <span class='ocrx_word' id='word_1_236' title='bbox 1286 2045 1506 2118; x_wconf 89' lang='lat' dir='ltr'>conditorem</span> <span class='ocrx_word' id='word_1_237' title='bbox 1533 2045 1622 2117; x_wconf 87' lang='lat' dir='ltr'>coeli</span> <span class='ocrx_word' id='word_1_238' title='bbox 1646 2060 1680 2117; x_wconf 91' lang='lat' dir='ltr'>et</span> <span class='ocrx_word' id='word_1_239' title='bbox 1702 2059 1834 2135; x_wconf 87' lang='lat' dir='ltr'>terrae,</span> <span class='ocrx_word' id='word_1_240' title='bbox 1866 2060 1984 2116; x_wconf 87' lang='lat' dir='ltr'>tamen</span> <span class='ocrx_word' id='word_1_241' title='bbox 2009 2047 2094 2142; x_wconf 89' lang='lat' dir='ltr'>quia</span> <span class='ocrx_word' id='word_1_242' title='bbox 2120 2071 2193 2118; x_wconf 94' lang='lat' dir='ltr'>non</span> <span class='ocrx_word' id='word_1_243' title='bbox 2215 2049 2267 2115; x_wconf 93' lang='lat' dir='ltr'>in-</span> 
     </span>
    </p>
   </div>
   <div class='ocr_carea' id='block_1_11' title="bbox 353 2093 2278 2323">
    <p class='ocr_par' dir='ltr' id='par_1_12' title="bbox 353 2093 2278 2323">
     <span class='ocr_line' id='line_1_30' title="bbox 353 2093 2265 2267; baseline -0.001 -49"><span class='ocrx_word' id='word_1_244' title='bbox 353 2094 514 2218; x_wconf 54' lang='lat' dir='ltr'>manius</span> <span class='ocrx_word' id='word_1_245' title='bbox 538 2121 617 2168; x_wconf 60' lang='lat' dir='ltr'>‘um</span> <span class='ocrx_word' id='word_1_246' title='bbox 641 2121 715 2168; x_wconf 47' lang='grc' dir='ltr'>Μ’,</span> <span class='ocrx_word' id='word_1_247' title='bbox 737 2107 916 2191; x_wconf 58' lang='lat' dir='ltr'>mmm·</span> <span class='ocrx_word' id='word_1_248' title='bbox 966 2093 1017 2267; x_wconf 51' lang='lat'>12⁸</span> <span class='ocrx_word' id='word_1_249' title='bbox 1036 2122 1108 2168; x_wconf 66' lang='lat' dir='ltr'>”m</span> <span class='ocrx_word' id='word_1_250' title='bbox 1130 2107 1234 2180; x_wconf 52' lang='lat'>‘’⁶¹²⁸&#39;&#39;</span> <span class='ocrx_word' id='word_1_251' title='bbox 1286 2163 1413 2220; x_wconf 90' lang='lat' dir='ltr'>vocant</span> <span class='ocrx_word' id='word_1_252' title='bbox 1435 2173 1515 2220; x_wconf 92' lang='lat' dir='ltr'>eum</span> <span class='ocrx_word' id='word_1_253' title='bbox 1538 2147 1718 2219; x_wconf 90' lang='lat' dir='ltr'>mentione</span> <span class='ocrx_word' id='word_1_254' title='bbox 1734 2163 1768 2218; x_wconf 90' lang='lat' dir='ltr'>et</span> <span class='ocrx_word' id='word_1_255' title='bbox 1783 2147 1912 2219; x_wconf 90' lang='lat' dir='ltr'>fiducia</span> <span class='ocrx_word' id='word_1_256' title='bbox 1927 2145 2033 2233; x_wconf 87' lang='lat' dir='ltr'>Filii,</span> <span class='ocrx_word' id='word_1_257' title='bbox 2057 2150 2220 2240; x_wconf 87' lang='lat' dir='ltr'>repudiat</span> <span class='ocrx_word' id='word_1_258' title='bbox 2235 2162 2265 2217; x_wconf 91' lang='lat' dir='ltr'>et</span> 
     </span>
     <span class='ocr_line' id='line_1_31' title="bbox 355 2193 2278 2323; baseline -0.004 1"><span class='ocrx_word' id='word_1_259' title='bbox 355 2210 558 2272; x_wconf 57' lang='lat' dir='ltr'><strong><em>“smum</em></strong></span> <span class='ocrx_word' id='word_1_260' title='bbox 573 2208 877 2290; x_wconf 46' lang='lat' dir='ltr'><em>mmmmm</em></span> <span class='ocrx_word' id='word_1_261' title='bbox 909 2193 1233 2296; x_wconf 56' lang='lat' dir='ltr'>Q⁰⁰qu⁰i⁰m⁶m</span> <span class='ocrx_word' id='word_1_262' title='bbox 1286 2251 1514 2321; x_wconf 89' lang='lat' dir='ltr'>abominatur</span> <span class='ocrx_word' id='word_1_263' title='bbox 1544 2274 1668 2320; x_wconf 89' lang='lat' dir='ltr'>eorum</span> <span class='ocrx_word' id='word_1_264' title='bbox 1700 2251 1830 2320; x_wconf 87' lang='lat' dir='ltr'>cultus:</span> <span class='ocrx_word' id='word_1_265' title='bbox 1870 2249 1920 2320; x_wconf 87' lang='lat' dir='ltr'>sic</span> <span class='ocrx_word' id='word_1_266' title='bbox 1950 2251 2029 2323; x_wconf 90' lang='lat' dir='ltr'>vult</span> <span class='ocrx_word' id='word_1_267' title='bbox 2053 2250 2211 2319; x_wconf 86' lang='lat' dir='ltr'>invocari</span> <span class='ocrx_word' id='word_1_268' title='bbox 2234 2261 2278 2316; x_wconf 92' lang='grc' dir='ltr'>ιι·</span> 
     </span>
    </p>
   </div>
   <div class='ocr_carea' id='block_1_12' title="bbox 353 2295 2264 2528">
    <p class='ocr_par' dir='ltr' id='par_1_13' title="bbox 353 2295 2264 2528">
     <span class='ocr_line' id='line_1_32' title="bbox 356 2295 2264 2443; baseline -0.002 -24"><span class='ocrx_word' id='word_1_269' title='bbox 356 2309 559 2419; x_wconf 51' lang='lat' dir='ltr'>mimmii</span> <span class='ocrx_word' id='word_1_270' title='bbox 582 2324 694 2417; x_wconf 51' lang='grc' dir='ltr'><strong>αἶψ’.</strong></span> <span class='ocrx_word' id='word_1_271' title='bbox 708 2295 807 2419; x_wconf 57' lang='lat' dir='ltr'>dedii</span> <span class='ocrx_word' id='word_1_272' title='bbox 829 2298 880 2370; x_wconf 46' lang='grc' dir='ltr'>’ἡ</span> <span class='ocrx_word' id='word_1_273' title='bbox 900 2324 926 2396; x_wconf 70' lang='grc' dir='ltr'><em>Ρ</em></span> <span class='ocrx_word' id='word_1_274' title='bbox 928 2324 949 2370; x_wconf 86' lang='lat'><em>⁰</em></span> <span class='ocrx_word' id='word_1_275' title='bbox 950 2308 1113 2371; x_wconf 55' lang='lat' dir='ltr'>imaum</span> <span class='ocrx_word' id='word_1_276' title='bbox 1123 2297 1162 2394; x_wconf 78' lang='lat' dir='ltr'><em>fi</em></span> <span class='ocrx_word' id='word_1_277' title='bbox 1163 2295 1234 2370; x_wconf 48' lang='lat'>15⁰⁸</span> <span class='ocrx_word' id='word_1_278' title='bbox 1285 2352 1373 2436; x_wconf 87' lang='lat' dir='ltr'>coli,</span> <span class='ocrx_word' id='word_1_279' title='bbox 1399 2366 1438 2421; x_wconf 96' lang='lat' dir='ltr'>ut</span> <span class='ocrx_word' id='word_1_280' title='bbox 1454 2352 1578 2442; x_wconf 86' lang='lat' dir='ltr'>ipsese</span> <span class='ocrx_word' id='word_1_281' title='bbox 1594 2349 1772 2443; x_wconf 75' lang='lat' dir='ltr'>patefecit,</span> <span class='ocrx_word' id='word_1_282' title='bbox 1798 2353 1978 2422; x_wconf 84' lang='lat' dir='ltr'>mentione</span> <span class='ocrx_word' id='word_1_283' title='bbox 1992 2366 2028 2423; x_wconf 91' lang='lat' dir='ltr'>et</span> <span class='ocrx_word' id='word_1_284' title='bbox 2042 2351 2170 2420; x_wconf 85' lang='lat' dir='ltr'>fiducia</span> <span class='ocrx_word' id='word_1_285' title='bbox 2186 2345 2264 2418; x_wconf 82' lang='lat' dir='ltr'>Filii</span> 
     </span>
     <span class='ocr_line' id='line_1_33' title="bbox 353 2394 2263 2528; baseline -0.004 -3"><span class='ocrx_word' id='word_1_286' title='bbox 353 2401 430 2472; x_wconf 57' lang='lat' dir='ltr'>Da</span> <span class='ocrx_word' id='word_1_287' title='bbox 448 2397 552 2493; x_wconf 41' lang='grc' dir='ltr'>ᾔδη’</span> <span class='ocrx_word' id='word_1_288' title='bbox 580 2394 741 2471; x_wconf 46' lang='lat' dir='ltr'>‘’idem‘&#39;</span> <span class='ocrx_word' id='word_1_289' title='bbox 757 2396 838 2484; x_wconf 48' lang='grc' dir='ltr'>’Μ’</span> <span class='ocrx_word' id='word_1_290' title='bbox 865 2425 929 2499; x_wconf 64' lang='lat' dir='ltr'>qm</span> <span class='ocrx_word' id='word_1_291' title='bbox 946 2397 1095 2472; x_wconf 50' lang='lat' dir='ltr'><em>cadum</em></span> <span class='ocrx_word' id='word_1_292' title='bbox 1114 2426 1153 2471; x_wconf 70' lang='lat' dir='ltr'><em>m</em></span> <span class='ocrx_word' id='word_1_293' title='bbox 1167 2425 1235 2472; x_wconf 64' lang='grc' dir='ltr'>Μ’</span> <span class='ocrx_word' id='word_1_294' title='bbox 1286 2453 1502 2523; x_wconf 77' lang='lat' dir='ltr'>mediatoris.</span> <span class='ocrx_word' id='word_1_295' title='bbox 1563 2449 1659 2521; x_wconf 87' lang='lat' dir='ltr'>Haec</span> <span class='ocrx_word' id='word_1_296' title='bbox 1676 2453 1715 2519; x_wconf 92' lang='lat' dir='ltr'>in</span> <span class='ocrx_word' id='word_1_297' title='bbox 1729 2445 1884 2523; x_wconf 77' lang='lat' dir='ltr'>Ecclesia</span> <span class='ocrx_word' id='word_1_298' title='bbox 1900 2453 2037 2523; x_wconf 87' lang='lat' dir='ltr'>muneri</span> <span class='ocrx_word' id='word_1_299' title='bbox 2054 2473 2194 2522; x_wconf 89' lang='lat' dir='ltr'>necesse</span> <span class='ocrx_word' id='word_1_300' title='bbox 2208 2464 2263 2528; x_wconf 87' lang='lat' dir='ltr'>est,</span> 
     </span>
    </p>
   </div>
   <div class='ocr_carea' id='block_1_13' title="bbox 354 2501 2263 2646">
    <p class='ocr_par' dir='ltr' id='par_1_14' title="bbox 354 2501 2263 2646">
     <span class='ocr_line' id='line_1_34' title="bbox 354 2501 2263 2646; baseline 0.015 -54"><span class='ocrx_word' id='word_1_301' title='bbox 354 2526 435 2574; x_wconf 67' lang='lat' dir='ltr'>&#39;W&#39;</span> <span class='ocrx_word' id='word_1_302' title='bbox 460 2525 597 2601; x_wconf 60' lang='lat' dir='ltr'>&#39;Vm‘</span> <span class='ocrx_word' id='word_1_303' title='bbox 621 2526 686 2602; x_wconf 67' lang='lat' dir='ltr'>‘lu‘</span> <span class='ocrx_word' id='word_1_304' title='bbox 714 2526 788 2572; x_wconf 72' lang='lat'><em>&#39;&#39;⁰&#39;&#39;</em></span> <span class='ocrx_word' id='word_1_305' title='bbox 811 2525 859 2574; x_wconf 56' lang='grc' dir='ltr'><em>α</em></span> <span class='ocrx_word' id='word_1_306' title='bbox 880 2501 1147 2596; x_wconf 64' lang='lat' dir='ltr'>⁸⁰”3¹¹¹&#39;”b¹¹⁸’</span> <span class='ocrx_word' id='word_1_307' title='bbox 1172 2527 1235 2572; x_wconf 62' lang='grc' dir='ltr'>Μ’</span> <span class='ocrx_word' id='word_1_308' title='bbox 1286 2568 1321 2625; x_wconf 82' lang='grc' dir='ltr'>ιι</span> <span class='ocrx_word' id='word_1_309' title='bbox 1341 2541 1527 2646; x_wconf 83' lang='lat' dir='ltr'>propterea</span> <span class='ocrx_word' id='word_1_310' title='bbox 1550 2547 1721 2623; x_wconf 90' lang='lat' dir='ltr'>lobannis</span> <span class='ocrx_word' id='word_1_311' title='bbox 1748 2553 1954 2623; x_wconf 84' lang='lat' dir='ltr'>concionem</span> <span class='ocrx_word' id='word_1_312' title='bbox 1976 2548 2065 2623; x_wconf 89' lang='lat' dir='ltr'>baec</span> <span class='ocrx_word' id='word_1_313' title='bbox 2087 2555 2263 2622; x_wconf 84' lang='lat' dir='ltr'>docentem</span> 
     </span>
    </p>
   </div>
   <div class='ocr_carea' id='block_1_14' title="bbox 355 2599 2264 2849">
    <p class='ocr_par' dir='ltr' id='par_1_15' title="bbox 355 2599 2264 2849">
     <span class='ocr_line' id='line_1_35' title="bbox 355 2599 2133 2724; baseline -0.003 -47"><span class='ocrx_word' id='word_1_314' title='bbox 355 2627 423 2705; x_wconf 82' lang='lat' dir='ltr'>qus</span> <span class='ocrx_word' id='word_1_315' title='bbox 438 2625 484 2676; x_wconf 77' lang='grc' dir='ltr'>ιι·</span> <span class='ocrx_word' id='word_1_316' title='bbox 502 2599 687 2675; x_wconf 83' lang='lat' dir='ltr'>voluntate</span> <span class='ocrx_word' id='word_1_317' title='bbox 702 2605 838 2690; x_wconf 82' lang='lat' dir='ltr'>cornis,</span> <span class='ocrx_word' id='word_1_318' title='bbox 862 2603 1235 2703; x_wconf 77' lang='lat' dir='ltr'>nsquecxvoluntote</span> <span class='ocrx_word' id='word_1_319' title='bbox 1343 2655 1379 2724; x_wconf 73' lang='lat' dir='ltr'>d.</span> <span class='ocrx_word' id='word_1_320' title='bbox 1616 2653 1625 2670; x_wconf 90' lang='lat'><strong>.</strong></span> <span class='ocrx_word' id='word_1_321' title='bbox 1704 2654 1713 2670; x_wconf 92' lang='lat'><strong>.</strong></span> <span class='ocrx_word' id='word_1_322' title='bbox 1793 2649 1859 2722; x_wconf 79' lang='grc' dir='ltr'>,Β</span> <span class='ocrx_word' id='word_1_323' title='bbox 1901 2656 1936 2674; x_wconf 94' lang='grc'>..</span> <span class='ocrx_word' id='word_1_324' title='bbox 2028 2656 2038 2674; x_wconf 92' lang='grc'><strong><em>.</em></strong></span> <span class='ocrx_word' id='word_1_325' title='bbox 2124 2654 2133 2672; x_wconf 94' lang='grc'><strong>.</strong></span> 
     </span>
     <span class='ocr_line' id='line_1_36' title="bbox 357 2655 2264 2779; baseline -0.005 -53"><span class='ocrx_word' id='word_1_326' title='bbox 357 2705 430 2777; x_wconf 52' lang='lat' dir='ltr'>vin.</span> <span class='ocrx_word' id='word_1_327' title='bbox 479 2699 547 2776; x_wconf 52' lang='lat' dir='ltr'>scd</span> <span class='ocrx_word' id='word_1_328' title='bbox 566 2728 612 2776; x_wconf 54' lang='lat' dir='ltr'>ex</span> <span class='ocrx_word' id='word_1_329' title='bbox 633 2701 718 2776; x_wconf 58' lang='lat' dir='ltr'>Deo</span> <span class='ocrx_word' id='word_1_330' title='bbox 738 2705 938 2777; x_wconf 44' lang='lat' dir='ltr'>naissum·</span> <span class='ocrx_word' id='word_1_331' title='bbox 991 2703 1045 2776; x_wconf 55' lang='lat' dir='ltr'>El</span> <span class='ocrx_word' id='word_1_332' title='bbox 1073 2703 1234 2779; x_wconf 55' lang='lat' dir='ltr'><em>Verbum</em></span> <span class='ocrx_word' id='word_1_333' title='bbox 1286 2680 1342 2724; x_wconf 89' lang='lat' dir='ltr'>me</span> <span class='ocrx_word' id='word_1_334' title='bbox 1370 2670 1518 2773; x_wconf 67' lang='lat' dir='ltr'>rtemur,</span> <span class='ocrx_word' id='word_1_335' title='bbox 1545 2667 1580 2724; x_wconf 93' lang='lat' dir='ltr'>et</span> <span class='ocrx_word' id='word_1_336' title='bbox 1597 2667 1688 2771; x_wconf 76' lang='lat' dir='ltr'>sicut</span> <span class='ocrx_word' id='word_1_337' title='bbox 1703 2667 1819 2772; x_wconf 70' lang='lat' dir='ltr'>rnqurt</span> <span class='ocrx_word' id='word_1_338' title='bbox 1862 2655 2001 2741; x_wconf 78' lang='lat' dir='ltr'>usibus,</span> <span class='ocrx_word' id='word_1_339' title='bbox 2026 2673 2264 2762; x_wconf 67' lang='lat' dir='ltr'>imprimamus</span> 
     </span>
     <span class='ocr_line' id='line_1_37' title="bbox 436 2756 1820 2849; baseline -0.002 -21"><span class='ocrx_word' id='word_1_340' title='bbox 436 2762 445 2793; x_wconf 93' lang='lat'><strong>’</strong></span> <span class='ocrx_word' id='word_1_341' title='bbox 1286 2757 1452 2828; x_wconf 76' lang='lat' dir='ltr'>cordibus</span> <span class='ocrx_word' id='word_1_342' title='bbox 1467 2769 1635 2849; x_wconf 79' lang='lat' dir='ltr'>tanquam</span> <span class='ocrx_word' id='word_1_343' title='bbox 1652 2756 1820 2844; x_wconf 74' lang='lat' dir='ltr'>sigillum.</span> 
     </span>
    </p>
   </div>
   <div class='ocr_carea' id='block_1_15' title="bbox 355 2802 2265 2948">
    <p class='ocr_par' dir='ltr' id='par_1_16' title="bbox 355 2802 2265 2948">
     <span class='ocr_line' id='line_1_38' title="bbox 355 2802 2265 2948; baseline -0.003 -23"><span class='ocrx_word' id='word_1_344' title='bbox 355 2831 442 2880; x_wconf 62' lang='lat' dir='ltr'>ww</span> <span class='ocrx_word' id='word_1_345' title='bbox 457 2808 493 2908; x_wconf 87' lang='lat' dir='ltr'><strong><em>s</em></strong></span> <span class='ocrx_word' id='word_1_346' title='bbox 486 2814 607 2927; x_wconf 52' lang='lat' dir='ltr'>“itum</span> <span class='ocrx_word' id='word_1_347' title='bbox 628 2816 697 2892; x_wconf 44' lang='grc' dir='ltr'>’δι’</span> <span class='ocrx_word' id='word_1_348' title='bbox 724 2816 756 2876; x_wconf 57' lang='lat' dir='ltr'>‘i</span> <span class='ocrx_word' id='word_1_349' title='bbox 781 2802 968 2878; x_wconf 57' lang='lat' dir='ltr'><em>habim</em></span> <span class='ocrx_word' id='word_1_350' title='bbox 992 2806 1031 2878; x_wconf 57' lang='lat' dir='ltr'>in</span> <span class='ocrx_word' id='word_1_351' title='bbox 1052 2806 1177 2890; x_wconf 45' lang='grc' dir='ltr'>’Μ’</span> <span class='ocrx_word' id='word_1_352' title='bbox 1202 2817 1235 2878; x_wconf 53' lang='lat' dir='ltr'>‘i</span> <span class='ocrx_word' id='word_1_353' title='bbox 1388 2855 1483 2948; x_wconf 86' lang='lat' dir='ltr'>Quia</span> <span class='ocrx_word' id='word_1_354' title='bbox 1508 2881 1592 2928; x_wconf 91' lang='lat' dir='ltr'>vero</span> <span class='ocrx_word' id='word_1_355' title='bbox 1614 2853 1778 2926; x_wconf 89' lang='lat' dir='ltr'>diabolus</span> <span class='ocrx_word' id='word_1_356' title='bbox 1796 2856 1873 2927; x_wconf 89' lang='lat' dir='ltr'>odit</span> <span class='ocrx_word' id='word_1_357' title='bbox 1889 2853 2025 2927; x_wconf 86' lang='lat' dir='ltr'>Filium</span> <span class='ocrx_word' id='word_1_358' title='bbox 2040 2849 2127 2941; x_wconf 86' lang='lat' dir='ltr'>Dei,</span> <span class='ocrx_word' id='word_1_359' title='bbox 2152 2868 2186 2925; x_wconf 93' lang='lat' dir='ltr'>et</span> <span class='ocrx_word' id='word_1_360' title='bbox 2203 2852 2265 2920; x_wconf 90' lang='lat' dir='ltr'>im-</span> 
     </span>
    </p>
   </div>
   <div class='ocr_carea' id='block_1_16' title="bbox 253 2950 2265 3464">
    <p class='ocr_par' dir='ltr' id='par_1_17' title="bbox 1287 2950 2265 3257">
     <span class='ocr_line' id='line_1_39' title="bbox 1287 2950 2264 3052; baseline -0.014 -20"><span class='ocrx_word' id='word_1_361' title='bbox 1287 2959 1380 3052; x_wconf 85' lang='lat' dir='ltr'>pulit</span> <span class='ocrx_word' id='word_1_362' title='bbox 1402 2959 1512 3030; x_wconf 88' lang='lat' dir='ltr'>multa</span> <span class='ocrx_word' id='word_1_363' title='bbox 1535 2957 1626 3032; x_wconf 87' lang='lat' dir='ltr'>levia</span> <span class='ocrx_word' id='word_1_364' title='bbox 1649 2957 1807 3048; x_wconf 81' lang='lat' dir='ltr'>ingenia,</span> <span class='ocrx_word' id='word_1_365' title='bbox 1833 2971 1872 3030; x_wconf 90' lang='lat' dir='ltr'>ut</span> <span class='ocrx_word' id='word_1_366' title='bbox 1886 2953 1979 3027; x_wconf 89' lang='lat' dir='ltr'>banc</span> <span class='ocrx_word' id='word_1_367' title='bbox 1995 2955 2193 3028; x_wconf 85' lang='lat' dir='ltr'>doctrinam</span> <span class='ocrx_word' id='word_1_368' title='bbox 2212 2950 2264 3020; x_wconf 86' lang='lat' dir='ltr'>lo·</span> 
     </span>
     <span class='ocr_line' id='line_1_40' title="bbox 1288 3057 2265 3153; baseline -0.013 -20"><span class='ocrx_word' id='word_1_369' title='bbox 1288 3059 1417 3133; x_wconf 88' lang='lat' dir='ltr'>bannis</span> <span class='ocrx_word' id='word_1_370' title='bbox 1433 3061 1680 3151; x_wconf 79' lang='lat' dir='ltr'>depravarent,</span> <span class='ocrx_word' id='word_1_371' title='bbox 1706 3060 1911 3149; x_wconf 89' lang='lat' dir='ltr'>praesertim</span> <span class='ocrx_word' id='word_1_372' title='bbox 1926 3057 2064 3153; x_wconf 85' lang='lat' dir='ltr'>alioqui</span> <span class='ocrx_word' id='word_1_373' title='bbox 2078 3073 2172 3130; x_wconf 83' lang='lat' dir='ltr'>extra</span> <span class='ocrx_word' id='word_1_374' title='bbox 2186 3076 2265 3123; x_wconf 89' lang='lat' dir='ltr'>con-</span> 
     </span>
     <span class='ocr_line' id='line_1_41' title="bbox 1288 3153 2264 3257; baseline -0.014 -23"><span class='ocrx_word' id='word_1_375' title='bbox 1288 3178 1443 3257; x_wconf 85' lang='lat' dir='ltr'>spectum</span> <span class='ocrx_word' id='word_1_376' title='bbox 1466 3162 1615 3233; x_wconf 89' lang='lat' dir='ltr'>rationis</span> <span class='ocrx_word' id='word_1_377' title='bbox 1638 3162 1805 3253; x_wconf 88' lang='lat' dir='ltr'>positam:</span> <span class='ocrx_word' id='word_1_378' title='bbox 1831 3161 1911 3231; x_wconf 90' lang='lat' dir='ltr'>ideo</span> <span class='ocrx_word' id='word_1_379' title='bbox 1936 3161 2015 3251; x_wconf 89' lang='lat' dir='ltr'>piae</span> <span class='ocrx_word' id='word_1_380' title='bbox 2035 3172 2170 3229; x_wconf 82' lang='lat' dir='ltr'>menter</span> <span class='ocrx_word' id='word_1_381' title='bbox 2186 3153 2264 3224; x_wconf 92' lang='lat' dir='ltr'>dili·</span> 
     </span>
    </p>

    <p class='ocr_par' dir='ltr' id='par_1_18' title="bbox 253 3257 2263 3464">
     <span class='ocr_line' id='line_1_42' title="bbox 356 3257 2263 3360; baseline -0.005 -25"><span class='ocrx_word' id='word_1_382' title='bbox 356 3261 504 3335; x_wconf 89' lang='lat' dir='ltr'>Initium</span> <span class='ocrx_word' id='word_1_383' title='bbox 526 3257 711 3353; x_wconf 78' lang='lat' dir='ltr'>Evangelii</span> <span class='ocrx_word' id='word_1_384' title='bbox 737 3258 908 3334; x_wconf 76' lang='lat' dir='ltr'>lobannis</span> <span class='ocrx_word' id='word_1_385' title='bbox 934 3266 1054 3351; x_wconf 89' lang='lat' dir='ltr'>docet,</span> <span class='ocrx_word' id='word_1_386' title='bbox 1087 3266 1167 3360; x_wconf 88' lang='lat' dir='ltr'>quis</span> <span class='ocrx_word' id='word_1_387' title='bbox 1191 3268 1234 3338; x_wconf 93' lang='lat' dir='ltr'>sit</span> <span class='ocrx_word' id='word_1_388' title='bbox 1288 3278 1410 3356; x_wconf 71' lang='lat' dir='ltr'>genter</span> <span class='ocrx_word' id='word_1_389' title='bbox 1438 3267 1685 3335; x_wconf 87' lang='lat' dir='ltr'>admonendae</span> <span class='ocrx_word' id='word_1_390' title='bbox 1709 3275 1812 3348; x_wconf 93' lang='lat' dir='ltr'>sunt,</span> <span class='ocrx_word' id='word_1_391' title='bbox 1847 3276 1888 3333; x_wconf 93' lang='lat' dir='ltr'>ut</span> <span class='ocrx_word' id='word_1_392' title='bbox 1908 3285 2051 3347; x_wconf 88' lang='lat' dir='ltr'>veram,</span> <span class='ocrx_word' id='word_1_393' title='bbox 2083 3274 2211 3330; x_wconf 88' lang='lat' dir='ltr'>certam</span> <span class='ocrx_word' id='word_1_394' title='bbox 2234 3265 2263 3320; x_wconf 86' lang='grc' dir='ltr'>ιι</span> 
     </span>
     <span class='ocr_line' id='line_1_43' title="bbox 253 3357 2262 3464; baseline -0.008 -22"><span class='ocrx_word' id='word_1_395' title='bbox 253 3363 435 3464; x_wconf 82' lang='lat' dir='ltr'>Christus,</span> <span class='ocrx_word' id='word_1_396' title='bbox 461 3378 493 3436; x_wconf 90' lang='lat' dir='ltr'>et</span> <span class='ocrx_word' id='word_1_397' title='bbox 512 3389 616 3460; x_wconf 88' lang='lat' dir='ltr'>quam</span> <span class='ocrx_word' id='word_1_398' title='bbox 635 3367 681 3436; x_wconf 93' lang='lat' dir='ltr'>oh</span> <span class='ocrx_word' id='word_1_399' title='bbox 696 3389 834 3435; x_wconf 88' lang='lat' dir='ltr'>causam</span> <span class='ocrx_word' id='word_1_400' title='bbox 849 3367 984 3438; x_wconf 92' lang='lat' dir='ltr'>venerit</span> <span class='ocrx_word' id='word_1_401' title='bbox 999 3367 1037 3435; x_wconf 93' lang='lat' dir='ltr'>in</span> <span class='ocrx_word' id='word_1_402' title='bbox 1052 3369 1235 3451; x_wconf 90' lang='lat' dir='ltr'>mundum,</span> <span class='ocrx_word' id='word_1_403' title='bbox 1288 3379 1493 3458; x_wconf 87' lang='lat' dir='ltr'>perpetuam</span> <span class='ocrx_word' id='word_1_404' title='bbox 1509 3361 1700 3436; x_wconf 88' lang='lat' dir='ltr'>catholicae</span> <span class='ocrx_word' id='word_1_405' title='bbox 1716 3359 1893 3434; x_wconf 79' lang='lat' dir='ltr'>Ecclesiae</span> <span class='ocrx_word' id='word_1_406' title='bbox 1902 3357 1970 3432; x_wconf 86' lang='lat' dir='ltr'>Dei</span> <span class='ocrx_word' id='word_1_407' title='bbox 1985 3360 2197 3432; x_wconf 86' lang='lat' dir='ltr'>sententiam</span> <span class='ocrx_word' id='word_1_408' title='bbox 2213 3377 2262 3424; x_wconf 78' lang='lat' dir='ltr'>re·</span> 
     </span>
    </p>
   </div>
   <div class='ocr_carea' id='block_1_17' title="bbox 355 2904 1235 3184">
    <p class='ocr_par' dir='ltr' id='par_1_19' title="bbox 355 2904 1235 3184">
     <span class='ocr_line' id='line_1_44' title="bbox 355 2904 1235 3007; baseline -0.005 -23"><span class='ocrx_word' id='word_1_409' title='bbox 355 2931 610 3007; x_wconf 71' lang='lat' dir='ltr'>conspeximus</span> <span class='ocrx_word' id='word_1_410' title='bbox 635 2905 800 3004; x_wconf 76' lang='lat' dir='ltr'>glorium</span> <span class='ocrx_word' id='word_1_411' title='bbox 829 2905 924 2990; x_wconf 84' lang='lat' dir='ltr'>eius,</span> <span class='ocrx_word' id='word_1_412' title='bbox 950 2906 1115 3003; x_wconf 64' lang='lat' dir='ltr'>glorium</span> <span class='ocrx_word' id='word_1_413' title='bbox 1141 2904 1235 2980; x_wconf 79' lang='lat' dir='ltr'>velut</span> 
     </span>
     <span class='ocr_line' id='line_1_45' title="bbox 356 3003 1235 3106; baseline -0.003 -22"><span class='ocrx_word' id='word_1_414' title='bbox 356 3009 542 3105; x_wconf 77' lang='lat' dir='ltr'>unigeniti</span> <span class='ocrx_word' id='word_1_415' title='bbox 559 3034 585 3079; x_wconf 84' lang='lat' dir='ltr'>a</span> <span class='ocrx_word' id='word_1_416' title='bbox 607 3003 738 3097; x_wconf 83' lang='lat' dir='ltr'>Patre,</span> <span class='ocrx_word' id='word_1_417' title='bbox 768 3005 919 3106; x_wconf 80' lang='lat' dir='ltr'>plenum</span> <span class='ocrx_word' id='word_1_418' title='bbox 940 3010 1069 3105; x_wconf 74' lang='lat' dir='ltr'>gralia</span> <span class='ocrx_word' id='word_1_419' title='bbox 1090 3021 1122 3084; x_wconf 87' lang='lat' dir='ltr'>sl</span> <span class='ocrx_word' id='word_1_420' title='bbox 1145 3011 1235 3082; x_wconf 82' lang='lat' dir='ltr'>veri-</span> 
     </span>
     <span class='ocr_line' id='line_1_46' title="bbox 355 3122 441 3184; baseline -0.012 -1"><span class='ocrx_word' id='word_1_421' title='bbox 355 3122 441 3184; x_wconf 84' lang='lat' dir='ltr'>tots.</span> 
     </span>
    </p>
   </div>
   <div class='ocr_carea' id='block_1_18' title="bbox 149 3461 2261 3560">
    <p class='ocr_par' dir='ltr' id='par_1_20' title="bbox 149 3461 2261 3560">
     <span class='ocr_line' id='line_1_47' title="bbox 149 3461 2261 3560; baseline -0.006 -22"><span class='ocrx_word' id='word_1_422' title='bbox 149 3527 152 3538; x_wconf 91' lang='lat'>.</span> <span class='ocrx_word' id='word_1_423' title='bbox 255 3469 362 3560; x_wconf 88' lang='lat' dir='ltr'>Quod</span> <span class='ocrx_word' id='word_1_424' title='bbox 387 3468 432 3538; x_wconf 93' lang='lat' dir='ltr'>sit</span> <span class='ocrx_word' id='word_1_425' title='bbox 452 3467 640 3538; x_wconf 71' lang='lat' dir='ltr'>discrimen</span> <span class='ocrx_word' id='word_1_426' title='bbox 665 3468 750 3556; x_wconf 80' lang='lat' dir='ltr'>legis</span> <span class='ocrx_word' id='word_1_427' title='bbox 769 3481 801 3537; x_wconf 93' lang='lat' dir='ltr'>et</span> <span class='ocrx_word' id='word_1_428' title='bbox 817 3461 1020 3558; x_wconf 79' lang='lat' dir='ltr'>Evangelii,</span> <span class='ocrx_word' id='word_1_429' title='bbox 1045 3466 1147 3557; x_wconf 86' lang='lat' dir='ltr'>Quae</span> <span class='ocrx_word' id='word_1_430' title='bbox 1164 3471 1232 3538; x_wconf 89' lang='lat' dir='ltr'>sint</span> <span class='ocrx_word' id='word_1_431' title='bbox 1288 3468 1443 3552; x_wconf 90' lang='lat' dir='ltr'>tineant,</span> <span class='ocrx_word' id='word_1_432' title='bbox 1474 3481 1509 3538; x_wconf 93' lang='lat' dir='ltr'>et</span> <span class='ocrx_word' id='word_1_433' title='bbox 1536 3468 1678 3538; x_wconf 91' lang='lat' dir='ltr'>tradant</span> <span class='ocrx_word' id='word_1_434' title='bbox 1706 3465 1868 3558; x_wconf 86' lang='lat' dir='ltr'>posteris.</span> <span class='ocrx_word' id='word_1_435' title='bbox 1927 3461 2052 3536; x_wconf 91' lang='lat' dir='ltr'>Sumta</span> <span class='ocrx_word' id='word_1_436' title='bbox 2082 3474 2133 3531; x_wconf 87' lang='lat' dir='ltr'>est</span> <span class='ocrx_word' id='word_1_437' title='bbox 2155 3472 2261 3528; x_wconf 88' lang='lat' dir='ltr'>autem</span> 
     </span>
    </p>
   </div>
   <div class='ocr_carea' id='block_1_19' title="bbox 135 3561 2260 5378">
    <p class='ocr_par' dir='ltr' id='par_1_21' title="bbox 135 3561 2260 5378">
     <span class='ocr_line' id='line_1_48' title="bbox 254 3561 2260 3663; baseline -0.008 -23"><span class='ocrx_word' id='word_1_438' title='bbox 254 3569 397 3663; x_wconf 88' lang='lat' dir='ltr'>propria</span> <span class='ocrx_word' id='word_1_439' title='bbox 414 3563 550 3639; x_wconf 86' lang='lat' dir='ltr'>Christi</span> <span class='ocrx_word' id='word_1_440' title='bbox 572 3569 751 3638; x_wconf 85' lang='lat' dir='ltr'>beneficia.</span> <span class='ocrx_word' id='word_1_441' title='bbox 804 3564 901 3637; x_wconf 81' lang='lat' dir='ltr'>llaec</span> <span class='ocrx_word' id='word_1_442' title='bbox 924 3583 1007 3660; x_wconf 93' lang='lat' dir='ltr'>apto</span> <span class='ocrx_word' id='word_1_443' title='bbox 1028 3570 1155 3640; x_wconf 89' lang='lat' dir='ltr'>ordine</span> <span class='ocrx_word' id='word_1_444' title='bbox 1176 3597 1235 3640; x_wconf 82' lang='lat' dir='ltr'>ex·</span> <span class='ocrx_word' id='word_1_445' title='bbox 1289 3568 1446 3639; x_wconf 88' lang='lat' dir='ltr'>narratio</span> <span class='ocrx_word' id='word_1_446' title='bbox 1475 3591 1516 3638; x_wconf 82' lang='lat' dir='ltr'>ex</span> <span class='ocrx_word' id='word_1_447' title='bbox 1543 3563 1635 3639; x_wconf 89' lang='lat' dir='ltr'>Gen.</span> <span class='ocrx_word' id='word_1_448' title='bbox 1658 3569 1688 3640; x_wconf 90' lang='lat'>1.</span> <span class='ocrx_word' id='word_1_449' title='bbox 1714 3565 1765 3635; x_wconf 92' lang='lat' dir='ltr'>ibi</span> <span class='ocrx_word' id='word_1_450' title='bbox 1788 3565 2000 3637; x_wconf 88' lang='lat' dir='ltr'>describitur</span> <span class='ocrx_word' id='word_1_451' title='bbox 2023 3563 2119 3635; x_wconf 84' lang='lat' dir='ltr'>Deus</span> <span class='ocrx_word' id='word_1_452' title='bbox 2139 3561 2260 3630; x_wconf 83' lang='lat' dir='ltr'>dicens,</span> 
     </span>
     <span class='ocr_line' id='line_1_49' title="bbox 254 3662 2260 3764; baseline -0.008 -23"><span class='ocrx_word' id='word_1_453' title='bbox 254 3685 450 3764; x_wconf 88' lang='lat' dir='ltr'>ponuntur.</span> <span class='ocrx_word' id='word_1_454' title='bbox 502 3666 556 3739; x_wconf 84' lang='lat' dir='ltr'>Ac</span> <span class='ocrx_word' id='word_1_455' title='bbox 576 3682 617 3739; x_wconf 93' lang='lat' dir='ltr'>ut</span> <span class='ocrx_word' id='word_1_456' title='bbox 638 3668 698 3737; x_wconf 89' lang='lat' dir='ltr'>alii</span> <span class='ocrx_word' id='word_1_457' title='bbox 714 3663 957 3756; x_wconf 72' lang='lat' dir='ltr'>Evangeltuae</span> <span class='ocrx_word' id='word_1_458' title='bbox 982 3669 1085 3740; x_wconf 93' lang='lat' dir='ltr'>initio</span> <span class='ocrx_word' id='word_1_459' title='bbox 1104 3673 1236 3741; x_wconf 86' lang='lat' dir='ltr'>descri—</span> <span class='ocrx_word' id='word_1_460' title='bbox 1287 3672 1335 3742; x_wconf 92' lang='lat' dir='ltr'>ita</span> <span class='ocrx_word' id='word_1_461' title='bbox 1357 3666 1415 3738; x_wconf 89' lang='lat' dir='ltr'>hic</span> <span class='ocrx_word' id='word_1_462' title='bbox 1440 3664 1613 3738; x_wconf 89' lang='lat' dir='ltr'>lohannes</span> <span class='ocrx_word' id='word_1_463' title='bbox 1635 3668 1704 3752; x_wconf 90' lang='lat' dir='ltr'>ait,</span> <span class='ocrx_word' id='word_1_464' title='bbox 1728 3669 1773 3737; x_wconf 91' lang='lat' dir='ltr'>In</span> <span class='ocrx_word' id='word_1_465' title='bbox 1793 3666 1968 3760; x_wconf 92' lang='lat' dir='ltr'>principio</span> <span class='ocrx_word' id='word_1_466' title='bbox 1992 3667 2101 3737; x_wconf 82' lang='lat' dir='ltr'>luisse</span> <span class='ocrx_word' id='word_1_467' title='bbox 2123 3662 2260 3731; x_wconf 87' lang='lat' dir='ltr'>verbum</span> 
     </span>
     <span class='ocr_line' id='line_1_50' title="bbox 253 3764 2245 3868; baseline -0.003 -24"><span class='ocrx_word' id='word_1_468' title='bbox 253 3773 345 3844; x_wconf 91' lang='lat' dir='ltr'>bunt</span> <span class='ocrx_word' id='word_1_469' title='bbox 373 3764 592 3842; x_wconf 86' lang='lat' dir='ltr'>nativitatem</span> <span class='ocrx_word' id='word_1_470' title='bbox 623 3795 664 3838; x_wconf 88' lang='lat' dir='ltr'>ex</span> <span class='ocrx_word' id='word_1_471' title='bbox 683 3770 838 3858; x_wconf 82' lang='lat' dir='ltr'>virgine,</span> <span class='ocrx_word' id='word_1_472' title='bbox 873 3785 913 3839; x_wconf 96' lang='lat' dir='ltr'>ut</span> <span class='ocrx_word' id='word_1_473' title='bbox 934 3784 1106 3842; x_wconf 89' lang='lat' dir='ltr'>testentur</span> <span class='ocrx_word' id='word_1_474' title='bbox 1127 3767 1232 3841; x_wconf 89' lang='lat' dir='ltr'>Chri·</span> <span class='ocrx_word' id='word_1_475' title='bbox 1288 3772 1381 3864; x_wconf 92' lang='lat' dir='ltr'>apud</span> <span class='ocrx_word' id='word_1_476' title='bbox 1399 3771 1530 3840; x_wconf 90' lang='lat' dir='ltr'>Deum.</span> <span class='ocrx_word' id='word_1_477' title='bbox 1847 3855 1852 3866; x_wconf 28' lang='lat'>⁸</span> <span class='ocrx_word' id='word_1_478' title='bbox 2238 3853 2245 3868; x_wconf 33' lang='grc' dir='ltr'>ι</span> 
     </span>
     <span class='ocr_line' id='line_1_51' title="bbox 254 3861 2260 3959; baseline -0.011 -13"><span class='ocrx_word' id='word_1_479' title='bbox 254 3889 346 3948; x_wconf 90' lang='lat' dir='ltr'>stum</span> <span class='ocrx_word' id='word_1_480' title='bbox 369 3896 442 3942; x_wconf 91' lang='lat' dir='ltr'>esse</span> <span class='ocrx_word' id='word_1_481' title='bbox 464 3884 588 3940; x_wconf 89' lang='lat' dir='ltr'>natum</span> <span class='ocrx_word' id='word_1_482' title='bbox 610 3870 803 3940; x_wconf 86' lang='lat' dir='ltr'>exsemine</span> <span class='ocrx_word' id='word_1_483' title='bbox 824 3868 956 3941; x_wconf 88' lang='lat' dir='ltr'>David:</span> <span class='ocrx_word' id='word_1_484' title='bbox 988 3871 1036 3940; x_wconf 90' lang='lat' dir='ltr'>ita</span> <span class='ocrx_word' id='word_1_485' title='bbox 1061 3867 1236 3942; x_wconf 84' lang='lat' dir='ltr'>lohannes</span> <span class='ocrx_word' id='word_1_486' title='bbox 1389 3869 1549 3942; x_wconf 87' lang='lat' dir='ltr'>Primum</span> <span class='ocrx_word' id='word_1_487' title='bbox 1581 3891 1664 3959; x_wconf 75' lang='lat' dir='ltr'>ergo</span> <span class='ocrx_word' id='word_1_488' title='bbox 1693 3869 1807 3940; x_wconf 87' lang='lat' dir='ltr'>discas</span> <span class='ocrx_word' id='word_1_489' title='bbox 1836 3893 1877 3939; x_wconf 86' lang='lat' dir='ltr'>ex</span> <span class='ocrx_word' id='word_1_490' title='bbox 1907 3892 1949 3938; x_wconf 90' lang='lat' dir='ltr'>eo</span> <span class='ocrx_word' id='word_1_491' title='bbox 1976 3868 2077 3948; x_wconf 85' lang='lat' dir='ltr'>loco,</span> <span class='ocrx_word' id='word_1_492' title='bbox 2109 3861 2192 3956; x_wconf 85' lang='lat' dir='ltr'>quid</span> <span class='ocrx_word' id='word_1_493' title='bbox 2221 3865 2260 3922; x_wconf 89' lang='grc' dir='ltr'>ιιι</span> 
     </span>
     <span class='ocr_line' id='line_1_52' title="bbox 253 3963 2259 4068; baseline -0.006 -22"><span class='ocrx_word' id='word_1_494' title='bbox 253 3975 421 4046; x_wconf 88' lang='lat' dir='ltr'>describit</span> <span class='ocrx_word' id='word_1_495' title='bbox 436 3973 540 4042; x_wconf 91' lang='lat' dir='ltr'>initio</span> <span class='ocrx_word' id='word_1_496' title='bbox 557 3972 776 4041; x_wconf 89' lang='lat' dir='ltr'>nativitatem</span> <span class='ocrx_word' id='word_1_497' title='bbox 794 3985 989 4055; x_wconf 84' lang='lat' dir='ltr'>aeternam,</span> <span class='ocrx_word' id='word_1_498' title='bbox 1015 3972 1119 4051; x_wconf 90' lang='lat' dir='ltr'>dicit,</span> <span class='ocrx_word' id='word_1_499' title='bbox 1146 3997 1236 4068; x_wconf 89' lang='lat' dir='ltr'>quae</span> <span class='ocrx_word' id='word_1_500' title='bbox 1286 3967 1404 4046; x_wconf 80' lang='lat' dir='ltr'>Deus.</span> <span class='ocrx_word' id='word_1_501' title='bbox 1432 3969 1527 4062; x_wconf 86' lang='lat' dir='ltr'>Quia</span> <span class='ocrx_word' id='word_1_502' title='bbox 1542 3973 1636 4041; x_wconf 89' lang='lat' dir='ltr'>enim</span> <span class='ocrx_word' id='word_1_503' title='bbox 1653 3971 1750 4056; x_wconf 88' lang='lat' dir='ltr'>dicit,</span> <span class='ocrx_word' id='word_1_504' title='bbox 1771 3985 1823 4040; x_wconf 91' lang='lat' dir='ltr'>est</span> <span class='ocrx_word' id='word_1_505' title='bbox 1837 3970 2034 4058; x_wconf 84' lang='lat' dir='ltr'>substantia</span> <span class='ocrx_word' id='word_1_506' title='bbox 2051 3963 2259 4050; x_wconf 71' lang='lat' dir='ltr'>intelligens:</span> 
     </span>
     <span class='ocr_line' id='line_1_53' title="bbox 254 4064 2259 4169; baseline -0.008 -23"><span class='ocrx_word' id='word_1_507' title='bbox 254 4079 300 4147; x_wconf 89' lang='lat' dir='ltr'>sit</span> <span class='ocrx_word' id='word_1_508' title='bbox 328 4098 477 4168; x_wconf 87' lang='lat' dir='ltr'>persona</span> <span class='ocrx_word' id='word_1_509' title='bbox 500 4071 615 4145; x_wconf 86' lang='lat' dir='ltr'>Filius</span> <span class='ocrx_word' id='word_1_510' title='bbox 638 4073 709 4144; x_wconf 92' lang='lat' dir='ltr'>Dei</span> <span class='ocrx_word' id='word_1_511' title='bbox 731 4087 812 4145; x_wconf 91' lang='lat' dir='ltr'>ante</span> <span class='ocrx_word' id='word_1_512' title='bbox 834 4074 1085 4144; x_wconf 89' lang='lat' dir='ltr'>assumtionem</span> <span class='ocrx_word' id='word_1_513' title='bbox 1109 4069 1234 4146; x_wconf 90' lang='lat' dir='ltr'>buma-</span> <span class='ocrx_word' id='word_1_514' title='bbox 1288 4090 1323 4144; x_wconf 90' lang='lat' dir='ltr'>et</span> <span class='ocrx_word' id='word_1_515' title='bbox 1343 4075 1427 4169; x_wconf 90' lang='lat' dir='ltr'>quia</span> <span class='ocrx_word' id='word_1_516' title='bbox 1440 4087 1522 4143; x_wconf 89' lang='lat' dir='ltr'>ante</span> <span class='ocrx_word' id='word_1_517' title='bbox 1536 4073 1657 4142; x_wconf 89' lang='lat' dir='ltr'>omnia</span> <span class='ocrx_word' id='word_1_518' title='bbox 1671 4086 1742 4156; x_wconf 84' lang='lat' dir='ltr'>est,</span> <span class='ocrx_word' id='word_1_519' title='bbox 1766 4083 1819 4142; x_wconf 90' lang='grc' dir='ltr'>ιιι</span> <span class='ocrx_word' id='word_1_520' title='bbox 1833 4087 2010 4144; x_wconf 87' lang='lat' dir='ltr'>aeternus:</span> <span class='ocrx_word' id='word_1_521' title='bbox 2038 4064 2168 4158; x_wconf 84' lang='lat' dir='ltr'>etquis</span> <span class='ocrx_word' id='word_1_522' title='bbox 2183 4079 2259 4128; x_wconf 86' lang='lat' dir='ltr'>con·</span> 
     </span>
     <span class='ocr_line' id='line_1_54' title="bbox 252 4163 2258 4264; baseline -0.013 -13"><span class='ocrx_word' id='word_1_523' title='bbox 252 4199 319 4247; x_wconf 86' lang='lat' dir='ltr'>nae</span> <span class='ocrx_word' id='word_1_524' title='bbox 336 4189 493 4246; x_wconf 78' lang='lat' dir='ltr'>naturae·</span> <span class='ocrx_word' id='word_1_525' title='bbox 1287 4176 1379 4246; x_wconf 92' lang='lat' dir='ltr'>didit</span> <span class='ocrx_word' id='word_1_526' title='bbox 1394 4175 1533 4260; x_wconf 87' lang='lat' dir='ltr'>omnia,</span> <span class='ocrx_word' id='word_1_527' title='bbox 1560 4189 1610 4244; x_wconf 91' lang='lat' dir='ltr'>cst</span> <span class='ocrx_word' id='word_1_528' title='bbox 1627 4173 1872 4264; x_wconf 89' lang='lat' dir='ltr'>omnipotens,</span> <span class='ocrx_word' id='word_1_529' title='bbox 1898 4187 1932 4244; x_wconf 89' lang='lat' dir='ltr'>et</span> <span class='ocrx_word' id='word_1_530' title='bbox 1948 4187 2001 4243; x_wconf 89' lang='lat' dir='ltr'>est</span> <span class='ocrx_word' id='word_1_531' title='bbox 2015 4173 2150 4249; x_wconf 90' lang='lat' dir='ltr'>bouus,</span> <span class='ocrx_word' id='word_1_532' title='bbox 2173 4163 2258 4230; x_wconf 83' lang='lat' dir='ltr'>bona</span> 
     </span>
     <span class='ocr_line' id='line_1_55' title="bbox 358 4269 1762 4347; baseline -0.001 -1"><span class='ocrx_word' id='word_1_533' title='bbox 358 4277 439 4346; x_wconf 87' lang='lat' dir='ltr'>ldeo</span> <span class='ocrx_word' id='word_1_534' title='bbox 462 4289 578 4346; x_wconf 87' lang='lat' dir='ltr'>autem</span> <span class='ocrx_word' id='word_1_535' title='bbox 595 4270 771 4344; x_wconf 88' lang='lat' dir='ltr'>lohannes</span> <span class='ocrx_word' id='word_1_536' title='bbox 792 4277 835 4344; x_wconf 89' lang='lat' dir='ltr'>de</span> <span class='ocrx_word' id='word_1_537' title='bbox 856 4269 924 4343; x_wconf 86' lang='lat' dir='ltr'>boe</span> <span class='ocrx_word' id='word_1_538' title='bbox 943 4273 1092 4345; x_wconf 88' lang='lat' dir='ltr'>articulo</span> <span class='ocrx_word' id='word_1_539' title='bbox 1107 4277 1234 4347; x_wconf 88' lang='lat' dir='ltr'>clarius</span> <span class='ocrx_word' id='word_1_540' title='bbox 1288 4276 1411 4347; x_wconf 88' lang='lat' dir='ltr'>volens</span> <span class='ocrx_word' id='word_1_541' title='bbox 1427 4291 1460 4345; x_wconf 92' lang='lat' dir='ltr'>et</span> <span class='ocrx_word' id='word_1_542' title='bbox 1476 4277 1564 4346; x_wconf 90' lang='lat' dir='ltr'>dans</span> <span class='ocrx_word' id='word_1_543' title='bbox 1581 4276 1762 4346; x_wconf 89' lang='lat' dir='ltr'>creaturis.</span> 
     </span>
     <span class='ocr_line' id='line_1_56' title="bbox 252 4361 2256 4469; baseline -0.013 -17"><span class='ocrx_word' id='word_1_544' title='bbox 252 4379 457 4452; x_wconf 89' lang='lat' dir='ltr'>concionari</span> <span class='ocrx_word' id='word_1_545' title='bbox 480 4377 608 4460; x_wconf 90' lang='lat' dir='ltr'>voluit,</span> <span class='ocrx_word' id='word_1_546' title='bbox 640 4389 677 4446; x_wconf 89' lang='lat' dir='ltr'>nt</span> <span class='ocrx_word' id='word_1_547' title='bbox 699 4374 873 4445; x_wconf 89' lang='lat' dir='ltr'>Hebionis</span> <span class='ocrx_word' id='word_1_548' title='bbox 897 4388 931 4444; x_wconf 92' lang='lat' dir='ltr'>et</span> <span class='ocrx_word' id='word_1_549' title='bbox 952 4372 1115 4446; x_wconf 85' lang='lat' dir='ltr'>Corinthi</span> <span class='ocrx_word' id='word_1_550' title='bbox 1137 4403 1233 4449; x_wconf 88' lang='lat' dir='ltr'>erro·</span> <span class='ocrx_word' id='word_1_551' title='bbox 1390 4376 1574 4460; x_wconf 86' lang='lat' dir='ltr'>Secundo,</span> <span class='ocrx_word' id='word_1_552' title='bbox 1607 4379 1701 4469; x_wconf 89' lang='lat' dir='ltr'>quod</span> <span class='ocrx_word' id='word_1_553' title='bbox 1719 4373 1779 4448; x_wconf 91' lang='lat' dir='ltr'>bie</span> <span class='ocrx_word' id='word_1_554' title='bbox 1805 4377 1855 4447; x_wconf 92' lang='lat' dir='ltr'>ait</span> <span class='ocrx_word' id='word_1_555' title='bbox 1877 4371 2074 4454; x_wconf 88' lang='lat' dir='ltr'>lohannes,</span> <span class='ocrx_word' id='word_1_556' title='bbox 2108 4361 2256 4432; x_wconf 83' lang='lat' dir='ltr'>Verbum</span> 
     </span>
     <span class='ocr_line' id='line_1_57' title="bbox 252 4453 2256 4572; baseline -0.001 -20"><span class='ocrx_word' id='word_1_557' title='bbox 252 4505 328 4552; x_wconf 88' lang='lat' dir='ltr'>rem</span> <span class='ocrx_word' id='word_1_558' title='bbox 358 4479 545 4565; x_wconf 79' lang='lat' dir='ltr'>refutaret,</span> <span class='ocrx_word' id='word_1_559' title='bbox 578 4475 640 4572; x_wconf 88' lang='lat' dir='ltr'>qui</span> <span class='ocrx_word' id='word_1_560' title='bbox 661 4478 854 4547; x_wconf 86' lang='lat' dir='ltr'>docuerant</span> <span class='ocrx_word' id='word_1_561' title='bbox 874 4476 912 4544; x_wconf 93' lang='lat' dir='ltr'>in</span> <span class='ocrx_word' id='word_1_562' title='bbox 932 4471 1074 4548; x_wconf 86' lang='lat' dir='ltr'>Christo</span> <span class='ocrx_word' id='word_1_563' title='bbox 1096 4493 1232 4549; x_wconf 88' lang='lat' dir='ltr'>tantum</span> <span class='ocrx_word' id='word_1_564' title='bbox 1285 4478 1393 4548; x_wconf 86' lang='lat' dir='ltr'>luisse</span> <span class='ocrx_word' id='word_1_565' title='bbox 1415 4479 1454 4547; x_wconf 93' lang='lat' dir='ltr'>in</span> <span class='ocrx_word' id='word_1_566' title='bbox 1477 4479 1672 4571; x_wconf 90' lang='lat' dir='ltr'>principio,</span> <span class='ocrx_word' id='word_1_567' title='bbox 1704 4480 1817 4548; x_wconf 83' lang='lat' dir='ltr'>discas</span> <span class='ocrx_word' id='word_1_568' title='bbox 1839 4501 1920 4548; x_wconf 88' lang='lat' dir='ltr'>eum</span> <span class='ocrx_word' id='word_1_569' title='bbox 1945 4470 2014 4546; x_wconf 89' lang='lat' dir='ltr'>hoc</span> <span class='ocrx_word' id='word_1_570' title='bbox 2037 4469 2144 4548; x_wconf 81' lang='lat' dir='ltr'>velte,</span> <span class='ocrx_word' id='word_1_571' title='bbox 2169 4453 2256 4572; x_wconf 66' lang='lat' dir='ltr'>‘l¹{⁰d</span> 
     </span>
     <span class='ocr_line' id='line_1_58' title="bbox 253 4570 2256 4672; baseline -0.002 -18"><span class='ocrx_word' id='word_1_572' title='bbox 253 4605 326 4653; x_wconf 86' lang='lat' dir='ltr'>esse</span> <span class='ocrx_word' id='word_1_573' title='bbox 356 4576 547 4652; x_wconf 87' lang='lat' dir='ltr'>humanam</span> <span class='ocrx_word' id='word_1_574' title='bbox 568 4593 752 4664; x_wconf 89' lang='lat' dir='ltr'>naturam,</span> <span class='ocrx_word' id='word_1_575' title='bbox 782 4577 872 4648; x_wconf 88' lang='lat' dir='ltr'>sicut</span> <span class='ocrx_word' id='word_1_576' title='bbox 893 4599 990 4647; x_wconf 90' lang='lat' dir='ltr'>nuuc</span> <span class='ocrx_word' id='word_1_577' title='bbox 1012 4603 1153 4672; x_wconf 85' lang='lat' dir='ltr'>quoque</span> <span class='ocrx_word' id='word_1_578' title='bbox 1174 4579 1233 4650; x_wconf 88' lang='lat' dir='ltr'>lu·</span> <span class='ocrx_word' id='word_1_579' title='bbox 1287 4580 1393 4651; x_wconf 86' lang='lat' dir='ltr'>luerit</span> <span class='ocrx_word' id='word_1_580' title='bbox 1417 4595 1641 4652; x_wconf 90' lang='lat' dir='ltr'>coaeternum</span> <span class='ocrx_word' id='word_1_581' title='bbox 1657 4578 1766 4649; x_wconf 90' lang='lat' dir='ltr'>Patri.</span> <span class='ocrx_word' id='word_1_582' title='bbox 1812 4576 1918 4662; x_wconf 89' lang='lat' dir='ltr'>Erat,</span> <span class='ocrx_word' id='word_1_583' title='bbox 1944 4574 2081 4669; x_wconf 66' lang='lat' dir='ltr'>inquit,</span> <span class='ocrx_word' id='word_1_584' title='bbox 2105 4570 2143 4636; x_wconf 66' lang='lat'>5¹¹</span> <span class='ocrx_word' id='word_1_585' title='bbox 2165 4577 2256 4652; x_wconf 57' lang='grc' dir='ltr'>ΡΜ·</span> 
     </span>
     <span class='ocr_line' id='line_1_59' title="bbox 135 4663 2256 4774; baseline -0.006 -17"><span class='ocrx_word' id='word_1_586' title='bbox 135 4671 138 4676; x_wconf 87' lang='lat'>.</span> <span class='ocrx_word' id='word_1_587' title='bbox 253 4685 332 4756; x_wconf 86' lang='lat' dir='ltr'>daei</span> <span class='ocrx_word' id='word_1_588' title='bbox 348 4685 392 4752; x_wconf 91' lang='lat' dir='ltr'>de</span> <span class='ocrx_word' id='word_1_589' title='bbox 408 4677 540 4752; x_wconf 77' lang='lat' dir='ltr'>Messio</span> <span class='ocrx_word' id='word_1_590' title='bbox 554 4681 746 4750; x_wconf 90' lang='lat' dir='ltr'>somniant:</span> <span class='ocrx_word' id='word_1_591' title='bbox 780 4673 898 4749; x_wconf 88' lang='lat' dir='ltr'>bosut</span> <span class='ocrx_word' id='word_1_592' title='bbox 919 4679 1086 4752; x_wconf 81' lang='lat' dir='ltr'>relocaret</span> <span class='ocrx_word' id='word_1_593' title='bbox 1103 4677 1233 4753; x_wconf 85' lang='lat' dir='ltr'>lohan-</span> <span class='ocrx_word' id='word_1_594' title='bbox 1288 4683 1401 4773; x_wconf 91' lang='lat' dir='ltr'>cipio,</span> <span class='ocrx_word' id='word_1_595' title='bbox 1427 4683 1526 4774; x_wconf 88' lang='lat' dir='ltr'>qnasi</span> <span class='ocrx_word' id='word_1_596' title='bbox 1541 4683 1688 4750; x_wconf 85' lang='lat' dir='ltr'>diceret:</span> <span class='ocrx_word' id='word_1_597' title='bbox 1725 4678 2091 4755; x_wconf 83' lang='lat' dir='ltr'>Nonestconditutn,</span> <span class='ocrx_word' id='word_1_598' title='bbox 2116 4667 2173 4736; x_wconf 65' lang='lat' dir='ltr'>sed</span> <span class='ocrx_word' id='word_1_599' title='bbox 2190 4663 2256 4727; x_wconf 53' lang='grc' dir='ltr'>θη*</span> 
     </span>
     <span class='ocr_line' id='line_1_60' title="bbox 252 4776 2237 4878; baseline -0.005 -22"><span class='ocrx_word' id='word_1_600' title='bbox 252 4809 335 4871; x_wconf 92' lang='lat' dir='ltr'>nes,</span> <span class='ocrx_word' id='word_1_601' title='bbox 360 4796 508 4855; x_wconf 87' lang='lat' dir='ltr'>testatur</span> <span class='ocrx_word' id='word_1_602' title='bbox 532 4782 571 4850; x_wconf 92' lang='lat' dir='ltr'>iu</span> <span class='ocrx_word' id='word_1_603' title='bbox 585 4776 728 4852; x_wconf 87' lang='lat' dir='ltr'>Christo</span> <span class='ocrx_word' id='word_1_604' title='bbox 751 4781 841 4850; x_wconf 86' lang='lat' dir='ltr'>duas</span> <span class='ocrx_word' id='word_1_605' title='bbox 858 4801 931 4849; x_wconf 83' lang='lat' dir='ltr'>esse</span> <span class='ocrx_word' id='word_1_606' title='bbox 952 4794 1115 4868; x_wconf 87' lang='lat' dir='ltr'>naturas,</span> <span class='ocrx_word' id='word_1_607' title='bbox 1140 4784 1234 4853; x_wconf 87' lang='lat' dir='ltr'>divi·</span> <span class='ocrx_word' id='word_1_608' title='bbox 1285 4797 1367 4854; x_wconf 91' lang='lat' dir='ltr'>aute</span> <span class='ocrx_word' id='word_1_609' title='bbox 1385 4783 1636 4854; x_wconf 88' lang='lat' dir='ltr'>conditionem.</span> <span class='ocrx_word' id='word_1_610' title='bbox 2186 4861 2195 4878; x_wconf 31' lang='grc' dir='ltr'>ι</span> <span class='ocrx_word' id='word_1_611' title='bbox 2230 4855 2237 4872; x_wconf 47' lang='grc'>,</span> 
     </span>
     <span class='ocr_line' id='line_1_61' title="bbox 252 4869 2255 4978; baseline -0.012 -22"><span class='ocrx_word' id='word_1_612' title='bbox 252 4899 385 4957; x_wconf 88' lang='lat' dir='ltr'>namet</span> <span class='ocrx_word' id='word_1_613' title='bbox 401 4882 611 4965; x_wconf 85' lang='lat' dir='ltr'>humanam,</span> <span class='ocrx_word' id='word_1_614' title='bbox 636 4905 675 4952; x_wconf 90' lang='lat' dir='ltr'>ae</span> <span class='ocrx_word' id='word_1_615' title='bbox 687 4884 731 4950; x_wconf 93' lang='lat' dir='ltr'>de</span> <span class='ocrx_word' id='word_1_616' title='bbox 745 4881 868 4952; x_wconf 89' lang='lat' dir='ltr'>divina</span> <span class='ocrx_word' id='word_1_617' title='bbox 881 4881 932 4950; x_wconf 89' lang='lat' dir='ltr'>sic</span> <span class='ocrx_word' id='word_1_618' title='bbox 946 4881 1047 4952; x_wconf 90' lang='lat' dir='ltr'>dicit:</span> <span class='ocrx_word' id='word_1_619' title='bbox 1076 4882 1117 4952; x_wconf 91' lang='lat' dir='ltr'>lu</span> <span class='ocrx_word' id='word_1_620' title='bbox 1134 4885 1233 4978; x_wconf 85' lang='lat' dir='ltr'>priu-</span> <span class='ocrx_word' id='word_1_621' title='bbox 1389 4882 1510 4973; x_wconf 86' lang='lat' dir='ltr'>Quare</span> <span class='ocrx_word' id='word_1_622' title='bbox 1529 4896 1646 4952; x_wconf 88' lang='lat' dir='ltr'>autem</span> <span class='ocrx_word' id='word_1_623' title='bbox 1668 4895 1772 4954; x_wconf 86' lang='lat' dir='ltr'>vooat</span> <span class='ocrx_word' id='word_1_624' title='bbox 1790 4879 1972 4952; x_wconf 85' lang='lat' dir='ltr'>Verbum?</span> <span class='ocrx_word' id='word_1_625' title='bbox 2023 4873 2092 4944; x_wconf 80' lang='lat' dir='ltr'>llic</span> <span class='ocrx_word' id='word_1_626' title='bbox 2108 4869 2255 4978; x_wconf 64' lang='lat' dir='ltr'>firmum·</span> 
     </span>
     <span class='ocr_line' id='line_1_62' title="bbox 252 4967 2255 5077; baseline -0.004 -20"><span class='ocrx_word' id='word_1_627' title='bbox 252 4988 346 5077; x_wconf 91' lang='lat' dir='ltr'>cipio</span> <span class='ocrx_word' id='word_1_628' title='bbox 360 5003 432 5058; x_wconf 92' lang='lat' dir='ltr'>erat</span> <span class='ocrx_word' id='word_1_629' title='bbox 447 4986 612 5066; x_wconf 80' lang='lat' dir='ltr'>verbum,</span> <span class='ocrx_word' id='word_1_630' title='bbox 638 5001 673 5053; x_wconf 91' lang='grc' dir='ltr'>ιι</span> <span class='ocrx_word' id='word_1_631' title='bbox 687 4983 835 5054; x_wconf 87' lang='lat' dir='ltr'>verbum</span> <span class='ocrx_word' id='word_1_632' title='bbox 850 4994 924 5053; x_wconf 88' lang='lat' dir='ltr'>erat</span> <span class='ocrx_word' id='word_1_633' title='bbox 938 4984 1031 5075; x_wconf 87' lang='lat' dir='ltr'>apud</span> <span class='ocrx_word' id='word_1_634' title='bbox 1040 4980 1175 5072; x_wconf 89' lang='lat' dir='ltr'>Deum,</span> <span class='ocrx_word' id='word_1_635' title='bbox 1201 5001 1233 5058; x_wconf 88' lang='lat' dir='ltr'>et</span> <span class='ocrx_word' id='word_1_636' title='bbox 1287 4983 1355 5054; x_wconf 86' lang='lat' dir='ltr'>mis</span> <span class='ocrx_word' id='word_1_637' title='bbox 1370 4985 1570 5076; x_wconf 86' lang='lat' dir='ltr'>pectoribus</span> <span class='ocrx_word' id='word_1_638' title='bbox 1582 4985 1794 5055; x_wconf 86' lang='lat' dir='ltr'>retineamus</span> <span class='ocrx_word' id='word_1_639' title='bbox 1804 4983 2026 5062; x_wconf 88' lang='lat' dir='ltr'>sententiam,</span> <span class='ocrx_word' id='word_1_640' title='bbox 2052 4969 2144 5068; x_wconf 78' lang='lat' dir='ltr'>quod</span> <span class='ocrx_word' id='word_1_641' title='bbox 2158 4967 2255 5056; x_wconf 59' lang='lat'><em>2⁰7⁰?</em></span> 
     </span>
     <span class='ocr_line' id='line_1_63' title="bbox 251 5077 2254 5177; baseline -0.015 -19"><span class='ocrx_word' id='word_1_642' title='bbox 251 5085 348 5158; x_wconf 88' lang='lat' dir='ltr'>Deus</span> <span class='ocrx_word' id='word_1_643' title='bbox 363 5103 437 5157; x_wconf 86' lang='lat' dir='ltr'>erat</span> <span class='ocrx_word' id='word_1_644' title='bbox 453 5088 610 5157; x_wconf 88' lang='lat' dir='ltr'>verbum.</span> <span class='ocrx_word' id='word_1_645' title='bbox 1285 5087 1458 5176; x_wconf 70' lang='lat' dir='ltr'>significet</span> <span class='ocrx_word' id='word_1_646' title='bbox 1478 5110 1684 5177; x_wconf 85' lang='lat' dir='ltr'>personam,</span> <span class='ocrx_word' id='word_1_647' title='bbox 1708 5102 1749 5156; x_wconf 96' lang='lat' dir='ltr'>ut</span> <span class='ocrx_word' id='word_1_648' title='bbox 1771 5098 1892 5177; x_wconf 87' lang='lat' dir='ltr'>postea</span> <span class='ocrx_word' id='word_1_649' title='bbox 1911 5097 2024 5155; x_wconf 81' lang='lat' dir='ltr'>textus</span> <span class='ocrx_word' id='word_1_650' title='bbox 2040 5077 2131 5146; x_wconf 88' lang='lat' dir='ltr'>clare</span> <span class='ocrx_word' id='word_1_651' title='bbox 2144 5077 2254 5138; x_wconf 89' lang='lat' dir='ltr'>osteu-</span> 
     </span>
     <span class='ocr_line' id='line_1_64' title="bbox 355 5178 2252 5285; baseline -0.008 -30"><span class='ocrx_word' id='word_1_652' title='bbox 355 5187 550 5258; x_wconf 84' lang='lat' dir='ltr'>Oredamus</span> <span class='ocrx_word' id='word_1_653' title='bbox 566 5185 644 5255; x_wconf 88' lang='lat' dir='ltr'>voci</span> <span class='ocrx_word' id='word_1_654' title='bbox 659 5182 812 5275; x_wconf 89' lang='lat' dir='ltr'>Spiritus</span> <span class='ocrx_word' id='word_1_655' title='bbox 826 5184 937 5256; x_wconf 86' lang='lat' dir='ltr'>sancti</span> <span class='ocrx_word' id='word_1_656' title='bbox 951 5186 996 5253; x_wconf 89' lang='lat' dir='ltr'>de</span> <span class='ocrx_word' id='word_1_657' title='bbox 1011 5186 1082 5256; x_wconf 91' lang='lat' dir='ltr'>Dei</span> <span class='ocrx_word' id='word_1_658' title='bbox 1096 5202 1233 5270; x_wconf 90' lang='lat' dir='ltr'>natura,</span> <span class='ocrx_word' id='word_1_659' title='bbox 1285 5188 1351 5261; x_wconf 86' lang='lat' dir='ltr'>dit.</span> <span class='ocrx_word' id='word_1_660' title='bbox 1403 5183 1478 5258; x_wconf 90' lang='lat' dir='ltr'>Cur</span> <span class='ocrx_word' id='word_1_661' title='bbox 1498 5202 1615 5258; x_wconf 92' lang='lat' dir='ltr'>autem</span> <span class='ocrx_word' id='word_1_662' title='bbox 1638 5201 1784 5259; x_wconf 86' lang='lat' dir='ltr'>vocetur</span> <span class='ocrx_word' id='word_1_663' title='bbox 1805 5179 1934 5285; x_wconf 73' lang='grc' dir='ltr'><strong><em>λόγος,</em></strong></span> <span class='ocrx_word' id='word_1_664' title='bbox 1957 5183 2019 5256; x_wconf 86' lang='lat' dir='ltr'>alii</span> <span class='ocrx_word' id='word_1_665' title='bbox 2034 5178 2138 5247; x_wconf 89' lang='lat' dir='ltr'>aliam</span> <span class='ocrx_word' id='word_1_666' title='bbox 2155 5181 2252 5277; x_wconf 71' lang='grc' dir='ltr'>ιιιιῦ·</span> 
     </span>
     <span class='ocr_line' id='line_1_65' title="bbox 251 5265 2252 5378; baseline -0.017 -18"><span class='ocrx_word' id='word_1_667' title='bbox 251 5311 326 5361; x_wconf 88' lang='lat' dir='ltr'>nou</span> <span class='ocrx_word' id='word_1_668' title='bbox 349 5283 514 5359; x_wconf 89' lang='lat' dir='ltr'>humanis</span> <span class='ocrx_word' id='word_1_669' title='bbox 537 5287 828 5378; x_wconf 69' lang='lat' dir='ltr'>cogitationibus,</span> <span class='ocrx_word' id='word_1_670' title='bbox 862 5301 895 5358; x_wconf 92' lang='lat' dir='ltr'>et</span> <span class='ocrx_word' id='word_1_671' title='bbox 916 5303 1144 5377; x_wconf 78' lang='lat' dir='ltr'>agnoscamus</span> <span class='ocrx_word' id='word_1_672' title='bbox 1166 5291 1233 5360; x_wconf 86' lang='lat' dir='ltr'>im·</span> <span class='ocrx_word' id='word_1_673' title='bbox 1284 5289 1451 5360; x_wconf 89' lang='lat' dir='ltr'>sitionem</span> <span class='ocrx_word' id='word_1_674' title='bbox 1474 5289 1714 5364; x_wconf 70' lang='lat' dir='ltr'>tradiderunt,</span> <span class='ocrx_word' id='word_1_675' title='bbox 1762 5282 1940 5360; x_wconf 85' lang='lat' dir='ltr'>lohannes</span> <span class='ocrx_word' id='word_1_676' title='bbox 1960 5278 2084 5356; x_wconf 86' lang='lat' dir='ltr'>sumsit</span> <span class='ocrx_word' id='word_1_677' title='bbox 2098 5298 2118 5344; x_wconf 90' lang='lat' dir='ltr'>a</span> <span class='ocrx_word' id='word_1_678' title='bbox 2134 5265 2252 5340; x_wconf 84' lang='lat' dir='ltr'>Morte,</span> 
     </span>
    </p>
   </div>
   <div class='ocr_carea' id='block_1_20' title="bbox 0 0 2312 5814">
    <p class='ocr_par' dir='ltr' id='par_1_22' title="bbox 0 0 2312 5814">
     <span class='ocr_line' id='line_1_66' title="bbox 0 0 2312 5814; baseline 0 0"><span class='ocrx_word' id='word_1_679' title='bbox 0 0 2312 5814; x_wconf 95' lang='lat' dir='ltr'> </span> 
     </span>
    </p>
   </div>
  </div>
 </body>
</html>
