4590 5808
53 143 116 218 689

52 312 141 410 primi
155 313 402 406 desperatione.
455 307 511 384 Ex
524 305 592 384 hac
614 313 854 392 declaratione
878 315 1016 406 perspi-

52 441 141 490 cuum
158 430 190 489 et
206 415 429 487 manifestum
447 430 518 496 est,
545 409 732 510 prohiberi
748 410 841 486 hane
855 415 1015 488 solicitu-

53 521 170 604 dinem,
194 541 282 612 quae
296 531 349 590 est
362 517 580 600 diffidentia,
604 518 781 592 dubitatio
801 531 836 590 et
850 520 1015 610 despera-

5 595 7 694 l
52 623 93 692 tio
107 624 144 692 de
157 621 287 692 auxilio
307 620 444 694 divino.
631 691 635 702 ,

5 725 6 730 ’
133 723 249 796 Altera
273 723 465 794 solicitudo
494 734 546 792 est
571 720 610 790 in
635 725 801 793 credente
823 745 926 806 cura,
959 729 1015 792 εἐ-

51 825 160 897 dulitas
180 839 213 897 et
234 825 438 914 diligentia,
473 825 648 894 divinitus
670 825 835 896 ordinata
861 824 1015 895 iaciendi

5 937 7 1030 ξ
49 930 166 998 labores
178 927 232 998 sui
247 929 315 997 loci
331 940 365 998 ει
374 951 464 1001 ,snae
480 927 686 998 vocationis.
719 923 884 1019 Exempli
896 941 1016 1002 causa.

5 1041 6 1128 t
50 1029 145 1100 David
166 1044 216 1102 est
237 1030 430 1120 imperator
457 1052 518 1100 sen
541 1029 614 1099 dux
638 1029 820 1099 exercitus.
883 1025 925 1098 ln
948 1025 1015 1098 bac

5 1139 6 1160 ¹
50 1133 208 1203 vocatione
222 1135 387 1204 obeunda
402 1155 541 1202 necesse
558 1144 608 1202 est
623 1131 739 1222 ipsum
762 1126 934 1201 adhibere
957 1132 1014 1202 iu-

48 1249 119 1306 stam
136 1235 375 1326 diligentiam,
403 1247 437 1304 ct
454 1233 716 1304 solicitudinem
740 1233 858 1324 copias
881 1234 1017 1303 milita-

5 1325 7 1420 Ι
47 1336 269 1422 resdncendi,
294 1335 552 1419 distribuendi,
580 1335 780 1405 collocandi
805 1335 843 1404 in
862 1335 1015 1408 insidiis.

48 1441 137 1523 Item,
161 1439 356 1510 dimicandi
373 1461 452 1510 cum
470 1433 587 1520 hoste,
620 1437 860 1529 prospiciendi
877 1462 918 1508 ex
935 1438 1015 1533 qui-

47 1545 98 1613 bus
115 1541 196 1612 locis
217 1540 387 1610 exercitui
412 1553 628 1610 commeatus
648 1541 834 1609 commode
863 1563 1014 1633 suppor-

47 1643 99 1714 tari
112 1667 166 1715 seu
182 1637 353 1726 convehi,
378 1655 413 1712 et
429 1665 484 1710 res
499 1641 732 1712 frumentaria
754 1642 913 1732 expediri
933 1665 1014 1734 pos·

48 1748 97 1830 sit,
121 1745 326 1838 explorandi
351 1744 506 1837 denique
528 1743 593 1813 ubi
617 1744 840 1814 subsederint
864 1759 897 1814 et
918 1769 1014 1814 com-

47 1861 206 1920 morentur
227 1841 366 1929 hostes,
408 1847 447 1914 in
468 1845 627 1932 summa,
668 1835 809 1938 oportet
834 1845 951 1940 ipsum
975 1861 1015 1917 ut

49 1951 185 2022 sedulum
199 1963 233 2020 et
249 1972 366 2020 acrem
381 1949 532 2019 militem
552 1971 626 2016 non
643 1971 716 2018 esse
734 1946 921 2037 ignavum,
948 1973 1013 2018 nec

5 2079 6 2144 t
49 2053 199 2124 ebriosum
224 2064 286 2121 aut
313 2051 547 2121 temulentum
572 2051 610 2118 iu
633 2050 792 2120 iacienda
819 2051 1013 2122 vocatione.

49 2152 102 2224 Sed
116 2157 155 2224 ad
171 2151 265 2224 hanc
280 2177 400 2226 curam
417 2167 450 2224 et
466 2151 685 2246 diligentiam
708 2151 906 2222 vocationis
928 2176 1012 2244 pro-

5 2251 7 2280 ³
49 2258 137 2346 priam
150 2257 284 2328 accedit
299 2255 338 2324 in
354 2259 460 2326 corde
475 2253 688 2337 consolatio,
702 2255 958 2346 ‚tranquillitas
979 2266 1013 2324 et

5 2385 7 2472 p
48 2359 174 2441 laetitia,
199 2359 384 2444 videlicet,
410 2360 505 2452 quod
531 2357 689 2431 retinens
711 2356 822 2426 animi
848 2370 1012 2429 constan-

5 2475 7 2630 .
47 2460 111 2530 tiam
126 2463 234 2532 credit
247 2457 363 2548 Deum
380 2459 448 2529 sibi
464 2462 598 2542 adesse,
620 2481 655 2528 se
670 2459 853 2551 respicere,
879 2482 1013 2543 curare,

5 2633 7 2760 Ι
47 2577 154 2652 tegere,
179 2563 249 2633 sibi
266 2563 523 2654 opitulaturum
540 2583 632 2645 esse,
659 2560 811 2654 ideoque
825 2561 941 2634 laetus
954 2561 1013 2630 in-

47 2681 142 2746 vocat,
173 2666 248 2740 imo
269 2664 415 2756 suscipit
429 2688 469 2733 ac
480 2663 630 2734 sustinet
645 2686 686 2733 eo
702 2662 876 2753 promtius
891 2677 926 2735 et
939 2664 1013 2734 ala·

48 2769 121 2838 erius
150 2773 275 2838 omnes
309 2767 468 2853 labores,
504 2759 589 2858 ‘quia
626 2765 691 2834 scit
723 2788 760 2834 se
794 2780 956 2837 vocatum
993 2791 1012 2834 a

5 2937 6 2970 ,
46 2867 104 2940 Deo
125 2870 239 2942 iuvari
260 2882 294 2940 et
317 2868 462 2938 delendi
484 2866 674 2952 divinitus,
709 2880 744 2937 et
763 2881 880 2956 sperat
896 2870 1011 2938 bonos

48 2973 100 3042 erit
123 2995 149 3046 s.

5 3043 6 3104 l
103 2998 222 3144 ullaec
256 3070 445 3143 solicitudo
475 3071 610 3140 laboris
639 3086 673 3143 ει
694 3067 899 3159 diligentiae
926 3091 1012 3136 con-

5 3169 6 3206 ³
47 3175 141 3248 iuncta
161 3201 243 3248 cnm
264 3175 351 3258 lide,
379 3187 429 3243 εει
447 3174 609 3242 ordinata
634 3186 670 3241 et
692 3172 856 3240 mandata
879 3169 1013 3238 divini-

272 139 357 217 Xll.
408 136 806 216 ANNOTATIONES
831 137 898 214 ΕΤ
925 137 1206 218 coucloutss
1233 142 1284 216 [Ν
1310 141 1497 224 EVANG.
1526 147 1807 231 ΜΑΤΤΗΑΕΙ.
1983 165 2058 238 690

1168 312 1316 388 Necesse
1349 331 1413 422 est⁵
1439 319 1598 410 singulos
1630 321 1854 402 Christianos
1890 339 2060 410 omnibus

1068 418 1289 511 temporibus
1304 445 1409 492 nosse
1432 424 1632 495 doctrinam
1656 431 1701 498 de
1724 434 1956 532 distinctione
1974 467 2059 534 pro-

1066 521 1296 608 missionum,
1320 537 1409 606 sunt,
1420 525 1516 596 enim
1533 529 1693 620 duplices
1710 537 1973 624 promissiones.

1168 638 1289 715 Prima
1315 657 1349 714 et
1378 666 1515 715 summa
1542 649 1733 748 promissio
1764 669 1831 739 est,
1871 662 2058 747 promissio

1066 743 1199 833 gratiae
1215 767 1278 815 seu
1294 747 1595 819 reconciliationis
1613 764 1646 822 et
1661 753 1754 824 vitae
1770 773 1932 832 aeternae
1950 770 2057 854 gratis
2126 807 2134 820 ·

1067 847 1206 916 dandae
1222 862 1369 940 propter
1385 851 1616 924 mediatorem
1632 850 1828 934 Christum.

1170 958 1252 1036 Alia
1270 982 1319 1038 est
1337 969 1524 1060 promissio
1540 973 1584 1041 de
1601 963 1705 1044 bouis
1718 984 1922 1055 necessariis
1938 988 1976 1058 in
1993 985 2057 1059 hac

1067 1067 1158 1152 vita,
1185 1090 1247 1140 seu
1262 1073 1305 1140 de
1323 1072 1500 1163 corporali
1516 1073 1648 1144 assailio
1665 1077 1703 1144 in
1727 1082 1827 1150 omni
1844 1107 1971 1172 genere
1994 1117 2058 1162 nc·

1067 1169 1268 1270 cessitatum
1295 1184 1329 1242 et
1351 1173 1613 1264 periculorum,
1653 1193 1693 1250 ut
1717 1183 1760 1250 de
1783 1186 1899 1270 victu,
1933 1195 2058 1264 deleu-

1067 1271 1187 1358 sioue,
1213 1274 1309 1344 bona
1327 1277 1552 1358 valetudine,
1581 1293 1644 1353 etc.

1167 1403 1237 1476 Hic
1253 1429 1335 1497 ergo
1354 1410 1454 1494 scias,
1472 1423 1668 1507 utrumque
1684 1439 1796 1505 genus
1812 1393 2056 1511 promissionis

1066 1508 1136 1577 fide
1151 1509 1282 1600 accipi,
1309 1524 1344 1580 ει
1358 1513 1621 1600 consolatione,
1645 1542 1751 1611 quam
1768 1529 1937 1616 proponit
1959 1544 2057 1602 utra-

1066 1633 1135 1704 que
1152 1611 1362 1710 promissio,
1390 1629 1524 1686 meutes
1539 1617 1628 1707 erigi
1642 1632 1748 1714 atque
1767 1624 1805 1694 in
1821 1623 1897 1698 Deo
1914 1634 2057 1724 acquie-

1067 1737 1163 1782 scere
1178 1727 1364 1820 oportere,
1391 1730 1626 1790 veruntamen
1648 1746 1789 1824 semper
1810 1725 2054 1806 inchoandum

1067 1837 1142 1886 esse
1168 1839 1188 1886 a
1213 1817 1455 1909 promissione
1486 1821 1618 1909 gratiae
1653 1823 1701 1896 et'
1719 1829 1845 1900 salutis
1880 1848 2053 1908 aeternae.

1065 1914 1267 2037 Antequam
1284 1921 1376 2010 petis
1391 1926 1587 2011 praesentia
1611 1949 1673 1997 seu
1699 1935 1898 2022 corporalia
1922 1919 2056 2010 henan

1066 2043 1147 2104 cra,
1168 2035 1307 2110 oportet
1324 2021 1429 2094 initio
1447 2038 1480 2094 te
1502 2026 1672 2115 cogitare,
1699 2046 1821 2104 utrum
1843 2052 1974 2110 statuat
1994 2068 2055 2114 cor

1065 2134 1167 2192 tuum
1190 2147 1227 2192 se
1249 2117 1380 2193 habere
1402 2122 1518 2196 Deum
1542 2129 1754 2222 propitium,
1800 2151 1834 2209 et
1855 2161 1892 2208 se
1915 2144 2054 2232 placere

1065 2219 1154 2295 Deo.
1202 2221 1272 2294 Hic
1285 2248 1423 2296 necesse
1442 2241 1494 2298 εει
1510 2245 1544 2300 ιε
1559 2229 1691 2302 intueri
1705 2223 1924 2310 salvatorem
1942 2244 2055 2316 filium

1065 2323 1152 2410 Dei,
1178 2339 1212 2396 et
1234 2350 1316 2397 vera
1340 2329 1459 2398 cordis
1481 2329 1609 2401 fiducia
1630 2349 1802 2426 statuere,
1836 2346 1933 2436 quod
1957 2365 2053 2420 ceno

1065 2429 1166 2499 Dens
1190 2428 1348 2520 placatus
1373 2445 1518 2523 propter
1543 2433 1657 2504 lilium
1682 2451 1716 2508 te
1739 2443 1848 2531 gratis
1880 2447 2054 2521 immensa

1065 2529 1223 2602 bonitate
1240 2531 1399 2624 recipiat,
1418 2535 1513 2627 quod
1529 2539 1687 2609 remittat
1700 2543 1765 2614 tibi
1781 2563 1933 2638 peccata,
1957 2555 2054 2644 quod

1064 2631 1314 2704 reconciliatus
1341 2636 1427 2706 velit
1459 2638 1601 2725 agnosci
1631 2664 1729 2712 suam
1762 2649 2054 2736 miscricordiam,

1064 2738 1182 2907 quoqfi
1178 2759 1261 2806 vere
1277 2747 1310 2805 te
1329 2737 1480 2809 vivificet
1497 2762 1537 2809 ac
1560 2736 1748 2818 haeredem
1770 2764 1933 2823 aeternae
1958 2758 2053 2828 salu-

1064 2839 1145 2907 tise
1186 2838 1265 2908 ciat.

1166 2971 1263 3042 llaec
1304 2973 1417 3061 prima
1450 2977 1640 3067 promissio
1673 2996 1725 3053 est
1759 2989 1947 3082 praecipua
1982 3021 2050 3066 vox
2106 2965 2113 2972 .

1065 3071 1253 3164 Evangelii
1277 3075 1459 3163 depromta
1485 3103 1525 3147 ex
1547 3081 1629 3152 sinu
1653 3088 1788 3157 aeterni
1806 3087 1941 3178 Patris,
1977 3121 2052 3166 ma-

1065 3189 1194 3270 netque
1210 3190 1380 3269 perpetuo
1396 3191 1470 3252 rata
1487 3194 1521 3252 ει
1533 3182 1645 3268 lirma,
1673 3203 1705 3259 et
1722 3190 1865 3262 immota
1882 3199 2052 3284 credenti,

5 3269 6 3352 ζ
48 3291 103 3364 tus,
125 3276 258 3351 ethaeo
279 3275 448 3365 sedulitas
464 3295 524 3345 seu
546 3299 629 3345 cura
653 3274 833 3342 faciendae
855 3273 1012 3341 vocatio·
1061 3277 1138 3349 sive
1160 3273 1289 3350 habeat
1310 3280 1404 3348 bona
1428 3287 1642 3374 corporalia,
1657 3337 1661 3347 «
1678 3291 1751 3360 sive
1777 3319 1849 3362 non
1871 3301 2052 3390 contingat

5 3389 6 3406 ²
48 3379 89 3448 uis
112 3405 180 3452 non
202 3379 375 3450 admiscet
399 3377 552 3466 negotiis
576 3388 611 3445 ει
633 3375 806 3446 ordinatis
830 3373 1013 3444 laboribus

46 3481 154 3554 iniusta
177 3481 346 3566 consilia,
388 3493 422 3550 et
444 3480 553 3550 malas
576 3478 762 3570 practicas,
801 3476 891 3546 sicut
913 3477 1013 3569 prior

5 3583 7 3622 f
47 3583 93 3654 illa
110 3585 297 3656 solicitudo
311 3581 532 3652 diffidentiae
546 3595 642 3650 metu
657 3578 772 3649 staturi
796 3579 1011 3648 incommodi

5 3707 7 3776 ι
46 3686 274 3776 inpraesentia
290 3707 391 3776 saepe
405 3683 518 3753 utitur
532 3683 649 3773 pravis
663 3681 832 3764 consiliis,
858 3692 891 3750 et
906 3705 1028 3774 quae-1

5 3795 6 3826 ³
48 3789 82 3860 rit
95 3789 292 3861 inconcessa
309 3785 491 3875 praesidia.
530 3785 600 3856 Sed
619 3785 756 3854 coie’rcet
773 3807 809 3854 εε
826 3783 927 3851 incra.
938 3807 1013 3851 mc-

48 3905 102 3975 tas,
120 3906 208 3963 recte
226 3890 372 3981 suscipit
389 3901 422 3957 et
439 3886 576 3978 placide
592 3886 717 3958 tolerat
739 3885 877 3954 labores
900 3907 919 3952 a
935 3881 1012 3956 Deo

47 3995 227 4080 mandatos,
263 4016 326 4061 nec
354 4017 372 4060 a
395 3990 517 4079 regula
540 3989 689 4060 discedit
711 3999 855 4079 propter
878 3987 1014 4056 lecturas

49 4095 177 4168 incertas
200 4119 279 4188 spes
302 4107 362 4164 aut
383 4106 509 4163 metus.
561 4089 616 4162 De
631 4114 700 4186 qua
718 4089 904 4180 diligentia
922 4087 1013 4159 Pau-

48 4197 90 4267 lus
102 4199 268 4292 praecipit
283 4193 392 4270 Rom.
413 4195 488 4269 12:
503 4213 506 4218 “
523 4191 598 4283 Qui
615 4194 742 4277 servit,
777 4192 906 4262 serviat
927 4191 1013 4260 fide-

50 4297 129 4384 liter,
154 4303 215 4395 qui
232 4313 388 4392 praeest,
414 4299 458 4366 sit
475 4296 643 4386 diligens,
670 4309 732 4366 etc.
786 4291 888 4373 Item,
914 4291 1013 4362 Psal-

50 4425 93 4471 mo
107 4405 206 4477 128.:
234 4402 388 4474 Labores
404 4423 576 4469 manuum
599 4412 742 4468 tuarum
760 4396 844 4490 quia
862 4399 1013 4466 mandu-

50 4505 142 4585 cabis,
166 4510 290 4578 beatus
307 4529 360 4588 es,
386 4517 419 4574 et
434 4503 525 4572 hene
542 4500 607 4569 tibi
624 4509 705 4570 crite
736 4495 739 4502 ’

130 4606 281 4700 Cognito
313 4606 421 4696 igitur
446 4618 480 4675 et
501 4606 621 4673 dextre
642 4603 824 4674 intellecto
849 4595 917 4671 hoc
940 4601 1014 4670 dis·

50 4708 180 4783 crimine
210 4707 466 4790 solicitudinis,
503 4705 695 4786 cruciantis
729 4703 888 4774 animum
919 4703 1014 4773 ‹lilli-

50 4809 169 4898 dentia,
195 4827 230 4883 et
246 4807 484 4883 solicitudinis
502 4831 564 4878 seu
580 4807 785 4898 diligentiae
800 4807 839 4875 in
856 4807 1014 4876 iacienda

50 4917 231 4998 vocatione,
256 4914 314 4985 cui
336 4911 513 5004 praelucet
531 4910 617 4982 fides
634 4911 860 5009 acquiescens
874 4909 912 4976 in
928 4907 1016 4991 Deo,

51 5017 253 5089 mediocriter
266 5028 383 5108 potest
397 5012 548 5102 intelligi
560 5007 620 5084 hio
635 5026 767 5097 textus,
793 5011 855 5108 qui
871 5010 1015 5106 quidem

54 5113 199 5198 plurimas
225 5122 393 5190 salutares
417 5117 791 5200 commonefactiones,
836 5111 1016 5186 doctrinas

53 5229 80 5285 et
105 5222 352 5293 consolationes
382 5217 605 5289 dulcissimas
635 5219 822 5312 proponit,
864 5237 1015 5312 quarum

54 5319 166 5394 scilicet
180 5319 264 5395 haec
282 5338 334 5394 est
349 5343 499 5398 summa.

94 5428 260 5503 lisama,
288 5430 392 5498 Oeen.
446 5427 530 5491 Voa.
554 5425 650 5492 xlv.

1064 3379 1097 3450 ei
1115 3379 1488 3472 liberatiocorporulis
1509 3385 1549 3453 iu
1572 3383 1637 3457 hac
1659 3395 1801 3462 mortali
1824 3399 1907 3469 vita.
1959 3403 2050 3474 Nam

1064 3483 1169 3552 iidem
1194 3495 1334 3574 oportet
1354 3483 1422 3552 niti
1451 3480 1517 3554 hac
1547 3503 1688 3562 aeterna
1722 3499 1977 3589 promissione,
2018 3521 2052 3578 et

1065 3580 1132 3653 hoc
1151 3607 1329 3655 summum
1346 3585 1482 3656 bonum
1499 3591 1670 3679 retinere,
1696 3598 1835 3669 etiamsi
1858 3608 2050 3678 amittenda

1064 3699 1148 3756 aunt
1164 3687 1284 3756 omnia
1299 3687 1394 3758 bona
1415 3695 1643 3780 temporalia,
1675 3711 1707 3769 et
1731 3701 1806 3790 ipsa
1831 3707 1902 3775 vita
1924 3689 2074 3801 corpo·¹

1064 3789 1150 3858 ralis
1165 3789 1434 3880 profundenda,
1462 3807 1500 3863 ut
1515 3791 1630 3868 David
1647 3823 1809 3874 exccrssus
1827 3831 1933 3896 regno
1956 3825 1989 3881 et
2012 3815 2050 3881 iu

1066 3891 1210 3960 exilium
1228 3891 1369 3982 pulsus,
1402 3907 1520 3965 tamen
1536 3902 1813 3990 amplectebatur
1828 3922 1861 3978 ει
1876 3912 2050 3984 retinebat

1065 3993 1341 4064 consolationem
1365 4019 1425 4063 sen
1450 4022 1569 4066 vocem
1589 4003 1838 4092 absolutionis,
1866 4037 1933 4103 qua
1951 4017 2049 4084 dixe-

1066 4109 1119 4165 rat
1138 4096 1169 4164 ei
1186 4091 1363 4187 Propheta
1383 4093 1541 4178 Nathan:
1568 4099 1744 4178 Dominus
1762 4113 1906 4186 abstulit
1930 4141 2050 4206 pecca-

1066 4211 1271 4267 tumtunm.
1323 4195 1446 4292 ltaque
1462 4199 1662 4276 firmissime
1677 4213 1839 4284 credebat
1862 4239 1898 4285 se
1917 4213 2049 4290 habere
2072 4201 2074 4206 s
2144 4259 2146 4262 ·

1066 4299 1310 4369 remissionem
1346 4314 1588 4392 peccatorum,
1640 4323 1673 4380 et
1712 4319 2048 4408 reconciliationem,

1066 4425 1216 4494 suasque
1237 4426 1357 4493 preces
1380 4405 1507 4496 recipi,
1542 4423 1576 4479 et
1598 4433 1634 4480 se
1656 4437 1729 4485 esse
1749 4415 1934 4490 haeredem
1958 4427 2050 4496 vitae.

1066 4515 1249 4587 aeternae,
1280 4505 1416 4574 etiamsi
1439 4523 1563 4580 exertus
1586 4507 1747 4587 universa
1774 4527 1835 4589 s'ua
1856 4525 1968 4618 gloria
1993 4553 2050 4598 re-

1066 4628 1176 4696 gnum
1201 4605 1386 4690 amiserat,
1426 4633 1490 4678 nec
1514 4613 1550 4680 id
1575 4630 1711 4706 poterat
1734 4623 1807 4693 suis
1830 4628 1989 4698 consiliis
2016 4645 2051 4699 et

1068 4707 1204 4777 viribus
1221 4731 1437 4800 recuperare.
1489 4713 1575 4786 Ideo
1599 4732 1632 4789 et
1650 4717 1715 4790 lob
1738 4723 1854 4819 iuquit
1880 4753 1953 4819 cap.
1974 4731 2051 4806 ts:

1066 4807 1288 4880 Etiamsime
1303 4812 1470 4886 occiderit
1478 4815 1589 4902 Deus,
1603 4825 1751 4911 sperabo
1768 4826 1779 4896 i
1785 4853 1808 4897 u
1823 4852 1914 4903 ειιιιι.
1948 4831 2050 4904 Hanc

1067 4926 1246 4982 aeternam
1273 4927 1306 4982 et
1330 4914 1511 4987 immotam
1535 4923 1831 5009 consolationem,
1873 4956 1962 5023 quae
1985 4960 2050 5006 nec

1068 5039 1108 5084 ex
1125 5015 1330 5084 conditione
1342 5031 1483 5089 nostrae
1499 5021 1692 5108 dignitatis,
1717 5054 1780 5102 nec
1798 5057 1837 5100 ex
1852 5033 1936 5103 ullis
1952 5059 2050 5110 com-

1066 5116 1184 5186 modis
1212 5119 1455 5208 corporalibus
1486 5125 1632 5212 pendet,
1669 5133 1773 5200 nobis
1801 5155 2052 5226 proponamus,

1067 5240 1216 5312 eamque
1232 5218 1335 5290 initio
1352 5219 1419 5290 lide
1435 5225 1587 5316 amplexi
1606 5244 1773 5326 tanquam
1795 5237 1949 5328 sigillum
1973 5268 2051 5314 cor·

1067 5321 1173 5392 dibus
1187 5323 1319 5393 nostris
1335 5323 1593 5412 imprimamus.

1291 5425 1427 5498 ’44
