4620 5814
77 147 159 226 585
299 183 300 188 Ν
333 148 416 228 llll.
479 141 874 224 ANNOTATIONDS
898 139 969 222 ET
992 77 1277 236 CONCIDNDS
1302 149 1354 226 ΙΝ
1378 145 1562 227 rivalte.
1587 145 1871 223 ΜΑΤΤΗΑΕΙ.
2039 144 2114 222 580

184 321 504 395 Hoc-mirandum
536 321 727 394 eonsilium
749 321 789 390 iu
810 315 878 393 hac
899 313 971 396 vita
996 343 1070 391 non
1224 324 1384 396 Primum
1406 322 1663 418 imputatione,
1687 322 1820 393 donata
1840 319 1947 392 nobis
1971 320 2111 394 iusticia

77 428 170 498 satis
184 425 436 516 intelligimus,
460 425 522 528 ted
537 417 702 496 erithace
716 423 889 516 sapientia
904 424 1072 496 discenda
1122 424 1269 504 Christi.
1317 426 1366 499 Et
1382 423 1475 500 hanc
1489 439 1629 517 oportet
1645 425 1715 495 fide
1733 423 1855 516 accipi.

76 529 119 598 in
134 528 236 600 coelo
251 528 291 596 in
306 540 379 599 tota
395 527 611 600 aeternitate.
643 524 747 598 Nunc
761 539 880 600 tamen
895 525 1071 596 incoanda
1224 531 1361 604 Deinde
1375 544 1410 601 et
1425 529 1655 600 renovatione
1667 540 1808 597 nostrae
1821 538 1987 611 naturae,
2018 549 2109 620 quae

79 645 136 702 cst
150 626 240 700 haee
254 629 504 702 consideratio.
540 623 588 700 Et
602 627 870 711 utineoaretur,
890 627 1072 700 institutae
1120 633 1304 706 renovatio
1321 633 1360 702 in
1374 627 1526 704 hacvita
1541 631 1722 718 incoatur,
1747 638 1875 720 etpost
1891 621 1984 699 hanc
1998 627 2108 702 vitam

75 733 228 804 fuerunt
245 745 299 805 tot
314 732 542 802 mactationes
557 730 595 800 iu
610 729 697 820 lege.
748 728 826 801 llae
849 751 974 801 omnes
993 732 1071 800 sue·
1120 736 1331 830 perficietur.

75 848 169 905 runt
197 833 276 928 typi
306 845 341 906 et
369 833 475 926 signa,
499 826 607 904 huius
635 830 751 904 futuri
774 832 935 904 sacrificii
957 830 1072 904 admi-

76 935 202 1008 randi.
641 1001 644 1008 .

184 1035 356 1108 Vuttnos
369 1034 465 1108 Dcus
480 1038 633 1130 cogitare
649 1058 724 1108 esse
742 1035 869 1108 seciam
890 1049 925 1110 ct
944 1035 1071 1127 inten-
1237 1041 1401 1117 Christus
1421 1041 1546 1133 implet
1566 1042 1677 1130 legem
1696 1039 1868 1113 docendo.
1917 1032 1999 1107 Etsi
2012 1035 2110 1106 enim

74 1155 150 1213 tcm
167 1141 259 1211 iram
276 1162 378 1211 suem
392 1139 560 1211 adversus
575 1153 767 1232 peccatum,
791 1153 826 1211 ct
838 1139 946 1210 tuisse
960 1138 1073 1210 inaxi-
1121 1143 1284 1221 Christus
1300 1170 1375 1217 non
1389 1146 1469 1216 idco
1484 1141 1726 1236 principaliter
1740 1141 1862 1225 venit,
1888 1151 1928 1210 ut
1947 1139 2040 1229 leges
2054 1138 2107 1207 tc-

75 1266 178 1312 m³m
194 1264 355 1328 eausam,
379 1239 617 1335 qumFffiffl
632 1241 826 1335 Pitfflssst·
858 1239 1073 1312 Nimiiduri
1122 1263 1196 1335 rat,
1229 1250 1313 1342 quia
1335 1250 1515 1318 lerantea
1538 1259 1572 1315 et
1595 1241 1787 1327 nutriuit,
1821 1254 1855 1312 et
1875 1240 2108 1334 promulgata,
2187 1243 2189 1250 ’

75 1365 205 1415 sumus
218 1366 341 1414 omnes
355 1339 530 1430 homines,
546 1357 580 1415 et
594 1338 688 1415 hanc
701 1341 985 1434 magnitudinem
998 1343 1072 1416 irae
1122 1353 1183 1423 scd
1205 1365 1244 1422 ut
1268 1351 1344 1442 ipsc
1363 1349 1423 1420 fiat
1443 1347 1603 1418 victims:
1630 1358 1747 1418 tamen
1764 1343 1891 1427 simul,
1916 1341 2106 1413 urdictum

74 1444 148 1516 Dci
165 1467 242 1514 non
257 1467 444 1536 possumus
460 1445 669 1535 intelligere.
720 1443 790 1516 scd
806 1455 925 1516 tamen
939 1444 1072 1536 ccgita-
1122 1468 1192 1540 cst,
1224 1463 1319 1524 taxat
1335 1443 1786 1526 ccccccst‘harisacocum,=
1807 1458 1841 1516 ct
1860 1443 2017 1514 ostendit
2038 1467 2107 1536 pu-

75 1547 129 1617 fi⁰
147 1547 328 1626 limanda
346 1559 413 1632 ⁶⁵1,
444 1559 479 1616 ‘l
495 1542 593 1617 ⁰²⁰⁸
605 1548 763 1618 ⁰1³1¹d⁰⁸
779 1559 850 1628 0⁵¹2
880 1560 922 1620 1¹2
941 1547 982 1616 5¹1
1003 1570 1070 1617 1¹⁰·
1121 1579 1197 1627 ram
1214 1553 1423 1625 seutentiam
1442 1551 1547 1642 legis,
1571 1562 1613 1621 ut
1630 1562 1804 1618 monstret
1825 1545 2105 1636 magnitudinem
2138 1573 2146 1590 ν
2201 1588 2209 1607 1

76 1649 136 1720 bis
155 1649 325 1718 accendat
339 1646 510 1718 scintillas
524 1643 632 1721 huius
645 1648 735 1719 lueis
751 1661 787 1718 et
800 1639 1005 1740 sapientiae,
1029 1660 1072 1720 ut
1121 1658 1271 1752 peccati,
1297 1671 1414 1752 etnos
1428 1649 1547 1726 trahat
1569 1652 1614 1722 ad
1636 1649 1904 1743 poenitentiam.
1956 1644 2041 1719 ldeo
2066 1647 2106 1716 in

77 1773 157 1820 non
173 1771 320 1842 parvam
337 1771 414 1819 rem
429 1749 669 1821 existimemus
682 1771 758 1821 esse
768 1731 961 1842 peceatum.
1121 1756 1190 1830 hoc
1203 1747 1315 1852 capit'e
1329 1757 1453 1828 recitat
1474 1755 1566 1825 dieta
1580 1752 1666 1843 legis
1671 1801 1684 1837 ,
1718 1763 1754 1824 et
1769 1744 1997 1842 reprehendit
2017 1743 2106 1842 pha·

183 1848 400 1944 Quanquam
424 1851 532 1940 igitur
552 1851 616 1922 alii
635 1865 773 1922 tantum
792 1847 851 1920 hic
873 1854 1072 1948 loquuntur
1120 1863 1263 1934 ritate„
1279 1857 1585 1952 interpretationes
1600 1870 1666 1929 etc.

78 1952 125 2021 de
137 1952 249 2045 typis,
274 1945 439 2023 Christus
453 1951 577 2046 implet
592 1953 686 2044 leges
700 1954 961 2040 communiales,
986 1953 1070 2048 quia

79 2053 157 2143 ipse
178 2053 221 2124 fit
241 2051 406 2138 victima,
432 2077 521 2147 quae
540 2067 593 2126 est
611 2055 804 2146 significata
828 2079 892 2148 per
910 2077 1074 2142 reremoq

76 2155 159 2222 nias
173 2164 209 2224 et
223 2154 454 2225 mactationes
468 2158 660 2248 pecudum:
691 2169 808 2226 tamen
829 2157 947 2230 sciatis
967 2155 1070 2248 prin·
1169 2157 1251 2260 Qui
1261 2156 1411 2232 solverit
1433 2181 1548 2228 unum
1571 2149 1615 2226 de
1637 2148 1831 2224 mandatis
1852 2147 2039 2232 minimis,
2073 2158 2113 2223 et.

76 2255 231 2346 cipalem
250 2255 493 2348 impletionem
511 2279 603 2340 esse,
635 2261 732 2352 quod
753 2257 887 2348 patitur
905 2279 1069 2352 poenam,
1119 2263 1173 2338 ,cic
1188 2260 1349 2336 docuerit
1363 2254 1531 2332 domines
1544 2271 1610 2332 etc.

78 2380 188 2450 quam
213 2379 279 2426 nos
303 2357 493 2430 debuimus
512 2353 693 2455 iusticiae,
729 2371 876 2452 propter
890 2377 1068 2434 artemam
1159 2363 1264 2448 ¹Nisi
1282 2358 1527 2437 abundaveris
1548 2355 1697 2430 iusticia
1719 2363 1836 2426 vestro
1857 2377 1973 2452 supro
1998 2350 2107 2424 iusti-

76 2457 212 2548 legem,
236 2481 328 2552 (1¹¹³e
340 2470 393 2531 ²⁸²
407 2461 550 2532 mima
565 2461 606 2530 5¹¹
618 2459 812 2552 D²⁰⁸¹⁰fl⁰·
1121 2469 1218 2543 cium
1232 2461 1535 2540 Pharisaeorum.
1600 2453 1794 2534 Veteribus
1817 2451 1970 2528 dictum:
2012 2449 2105 2530 Non

1121 2567 1269 2645 occides.
1372 2615 1377 2634 ι

405 2660 456 2714 ⁰⁰
484 2657 610 2714 *ΗΜ
638 2663 756 2716 ”⁰⁶⁰³
1172 2671 1261 2770 Ego
1278 2679 1398 2744 autem
1417 2663 1499 2739 dico
1515 2662 1631 2736 vobis:
1658 2658 1738 2762 Qui
1753 2659 1906 2761 frustra
1929 2657 2104 2732 irascitur
2208 2729 2211 2740 ,

180 2777 400 2852 Nonsolnm
423 2805 574 2871 poenam
597 2783 769 2874 persolvit
791 2779 973 2874 Christus,
1008 2787 1068 2858 sed
1112 2775 1241 2878 fratri
1254 2799 1342 2864 suo,
1368 2795 1449 2842 reus
1466 2777 1516 2840 esi
1533 2761 1666 2838 iudicii
1685 2781 1749 2840 etc·

75 2881 256 2972 persoluta
274 2904 387 2969 poena
403 2894 523 2971 postea
548 2884 654 2954 nobis
678 2885 783 2955 etiam
805 2909 867 2957 sua
889 2888 984 2959 hona
1005 2913 1069 2982 ap·
1393 2894 1399 2902 “

75 2981 204 3072 plicat,
237 2993 275 3050 et
295 2983 450 3054 restituit
470 2985 577 3055 nobis
598 2985 771 3056 iusticiam
787 3001 820 3057 et
836 2989 956 3061 vitam.
1008 2991 1069 3064 sic

74 3081 200 3173 implet
214 3082 346 3173 legem,
371 3098 520 3156 renovat
534 3109 600 3157 nos
613 3088 695 3158 dato
710 3086 1002 3182 Spirituganeto,
1026 3107 1069 3164 ut
1221 3079 1290 3154 llic
1304 3080 1430 3174 incipit
1442 3077 1618 3150 Dominus
1631 3068 1889 3168 reprehendere
1909 3072 2021 3144 malas
2043 3071 2102 3140 in·

73 3183 149 3252 iam
163 3183 375 3274 incipiamus
391 3207 464 3256 esse
479 3187 636 3258 innubis
654 3189 758 3269 tales,
791 3191 911 3283 quales
924 3193 979 3266 lex
995 3216 1068 3266 esse
1118 3185 1387 3276 terpretationcs
1402 3176 1687 3252 Pharisaeorum.
1743 3172 1792 3248 Et
1807 3176 1877 3246 iam
1892 3176 2021 3245 iterum
2038 3175 2103 3244 ad·
2139 3269 2146 3284 ⁰

80 3285 197 3355 docet·
268 3315 280 3334 ’
373 3325 381 3332 ·
1118 3301 1316 3360 monetnos
1332 3280 1458 3356 dehac
1475 3280 1654 3353 communi
1671 3279 1852 3360 doctrina,
1883 3277 1979 3371 quod
1994 3299 2102 3368 opor·
2188 3283 2195 3288 '

179 3382 365 3458 Renovate
386 3400 512 3459 natura
538 3403 657 3461 nostra
685 3403 720 3461 et
749 3406 869 3484 postea
899 3419 1066 3468 consum.
1118 3402 1167 3462 tet
1188 3411 1327 3477 semper
1346 3387 1386 3457 in
1412 3395 1602 3476 conspectu
1625 3402 1698 3450 esse
1725 3381 1914 3450 discrimen
1941 3377 2045 3468 Legis
2067 3389 2103 3446 et

74 3499 170 3555 mata
193 3487 349 3559 novitate
374 3489 412 3557 in
435 3486 730 3578 Resurrectione,
767 3495 898 3568 erimus
921 3523 1066 3593 prorsus
1115 3488 1314 3580 Evangelii.

73 3589 181 3671 tales,
209 3589 329 3681 quales
346 3612 421 3659 esse
437 3590 493 3660 lex
508 3594 620 3664 docet.
681 3592 818 3666 Interea
839 3623 922 3670 vero
946 3616 1065 3672 tamen
1217 3587 1266 3662 Et
1286 3589 1517 3662 assuefaciant
1535 3610 1571 3657 se
1594 3607 1718 3656 omues
1740 3579 1922 3668 homines,
1955 3595 1997 3652 ut
2019 3603 2100 3652 eum

74 3703 282 3780 reputamur
295 3690 397 3777 iusti,
424 3691 597 3784 imputata
612 3695 718 3767 nobis
732 3697 843 3790 ipsius
857 3695 993 3774 Christi
1007 3703 1064 3774 iu.
1115 3693 1268 3766 audiunt
1283 3715 1415 3764 nomen
1431 3690 1529 3780 legis,
1543 3689 1655 3760 sciant
1672 3687 1748 3758 fieri
1763 3686 1979 3757 mentionem
1987 3679 2101 3754 Deca-

72 3790 186 3864 aricia.
1114 3795 1198 3888 logi.
1231 3790 1376 3888 Eiquia
1392 3788 1727 3866 Christus'vultiam
1743 3787 1981 3868 esseDoctor,
2006 3796 2101 3856 taxat

174 3889 278 3962 Hanc
291 3893 488 3964 doctrinam
507 3896 668 3989 quotidie
683 3899 826 3973 auditis.
869 3898 918 3974 Et
932 3917 984 3974 est
1000 3928 1063 3975 ue·
1114 3921 1267 3980 errores,
1292 3897 1423 3990 quibus
1438 3893 1632 3982 Deealogus
1646 3892 1858 3986 depravatus
1871 3902 1923 3958 est
1938 3911 1957 3957 a
1972 3880 2101 3955 Phari·

71 3993 219 4064 eessaria
236 3995 445 4069 consolatio.
496 3991 540 4066 lh
556 3993 622 4070 hae
636 3999 708 4070 vita
729 4023 851 4074 sumus
871 4005 955 4074 iusti
977 4031 1062 4098 pro-
1113 4000 1220 4084 saeis,
1244 4013 1279 4070 et
1298 3998 1439 4068 orditur
1466 4021 1487 4066 a
1510 3994 1704 4086 praeceptis
1726 3991 1966 4062 crassioribus.
2017 3983 2100 4055 Non

69 4111 149 4187 pter
175 4092 309 4164 Filium
334 4092 404 4166 Dei
429 4095 601 4190 imputata
635 4100 740 4171 nobis
773 4103 884 4195 ipsius
910 4107 1062 4196 iusticia,
1112 4101 1263 4186 occides,
1288 4096 1371 4172 Non
1387 4094 1644 4179 moechaberis,
1671 4094 1753 4187 quia
1770 4093 1808 4162 in
1823 4086 1878 4161 his
1893 4087 2003 4181 magis
2018 4109 2100 4158 seu·
2203 4095 2207 4104 '

70 4220 177 4290 *luam
195 4207 333 4286 ⁰P⁰¹lel
351 4197 421 4267 fide
435 4198 558 4289 acciiii·
851 4185 857 4198 ⁸
1114 4203 1220 4275 timus
1240 4213 1379 4272 nostras
1395 4199 1543 4268 vitiosas
1559 4177 1769 4287 cupiditates
1783 4206 1816 4264 et
1833 4185 2010 4274 ἀταξίαν,
2032 4191 2098 4263 tittb

82 4361 86 4368 ,
171 4295 220 4368 Et
236 4321 316 4367 eum
331 4297 370 4366 in
385 4299 479 4369 reris
492 4301 685 4391 pavoribus
702 4307 809 4376 eorda
826 4308 1063 4397 vivificantur,
1114 4307 1331 4398 tnotbnuttg,
1358 4324 1464 4396 quam
1480 4301 1518 4369 in
1533 4298 1649 4392 primo
1666 4309 1860 4389 praecepto·
1902 4288 2098 4376 Esliffllem

66 4399 137 4468 iarn
152 4397 318 4469 incoatur
333 4400 535 4473 obedientia
551 4401 591 4472 in
605 4403 728 4492 nohis,
754 4430 845 4501 quae
861 4411 1062 4504 perficietur
1112 4407 1151 4476 in
1167 4429 1303 4477 summa
1319 4400 1378 4475 hic
1391 4399 1590 4473 communis
1603 4424 1703 4471 error
1716 4393 2000 4470 Pharisaeomm.

68 4496 258 4591 posthanc
278 4501 397 4571 vitam.
1214 4506 1286 4577 Lex
1299 4501 1369 4576 Dei
1386 4497 1551 4596 prohibet
1571 4527 1645 4573 non
1667 4514 1804 4573 tautum
1829 4521 1934 4592 opera
1955 4503 2099 4569 exterus

168 4598 223 4672 lta
239 4599 325 4672 dicit
340 4598 588 4678 PaulusRom.
599 4605 655 4681 8.:
682 4603 736 4678 De
751 4623 894 4702 peccato
910 4613 1059 4685 damna.
1110 4609 1305 4704 pugnantia
1320 4631 1400 4679 cum
1415 4607 1506 4695 lege,
1533 4618 1575 4677 ut
1589 4617 1771 4676 externum
1788 4597 2099 4672 homicidiumaut

1453 921 1501 973 lie
1529 919 1657 984 quarto
1682 916 1788 969 modo.

1331 2073 1343 2092 ,
1412 2023 1610 2112 Legatur
1647 2033 1811 2092 textus.

1475 2937 1738 3014 'Enarratio
1833 2928 1840 2934 ’

68 4705 120 4773 vit
135 4715 318 4794 peccatum
333 4703 373 4772 iu
388 4726 513 4791 carne,
537 4719 580 4778 ut
601 4708 740 4782 iusticia
761 4711 849 4802 legis
871 4712 1060 4808 impleatur
1109 4727 1295 4784 externum
1318 4707 1550 4781 adulterium.
1615 4704 1686 4777 Sed
1709 4703 1786 4775 vult
1809 4703 1915 4773 etiam
1939 4725 2001 4773 eor
2022 4721 2096 4771 esse
2219 4739 2221 4742 ·

68 4806 106 4874 5¹¹
121 4803 241 4877 mliii·
1110 4826 1203 4886 recte
1217 4813 1421 4884 ordinatum
1439 4825 1473 4882 et
1490 4808 1605 4880 simile
1619 4807 1687 4898 legi
1702 4803 1789 4891 Dei,
1820 4819 1862 4878 ut
1879 4811 1954 4873 ndn
1969 4803 2097 4880 solum,

169 4903 241 4976 iiic
255 4905 416 4999 loquitur
429 4907 474 4977 de
487 4907 628 4982 duobus
648 4907 707 4983 his
719 4914 854 5000 modis,
877 4916 922 4986 de
937 4939 1059 5009 perso-
1109 4938 1156 4986 ne
1178 4913 1267 4988 Saul
1287 4913 1422 4985 occidat
1442 4908 1636 4995 Davidem,
1675 4909 1735 4979 sed
1757 4907 1835 4979 vult
1857 4906 1965 4994 etiam
1987 4916 2029 4974 ut
2050 4903 2107 4978 sit.

67 5005 206 5079 tutione
228 5028 381 5099 poenae,
418 5031 499 5081 eum
520 5009 588 5100 ait,
626 5009 810 5088 Christum
824 5015 963 5090 ‘factum
986 5043 1059 5092 esse
1110 5016 1197 5090 Saul
1212 5030 1441 5095 correctum,
1467 5015 1562 5107 quod
1577 5023 1723 5105 propter
1739 5006 1855 5082 Deum
1872 5029 1956 5076 vero
1971 5005 2099 5078 affeetu

1 5112 2 5121 '
68 5121 248 5201 peccatum
263 5131 328 5201 vro
348 5110 464 5184 notu.
824 5166 827 5172 ·
1109 5117 1251 5214 totttct
1268 5119 1393 5207 diligat
1407 5109 1596 5186 Davidem.
2127 5201 2135 5216 .

167 5208 226 5280 De
244 5225 411 5305 “luente
430 5213 620 5300 beneficlm
645 5239 727 5288 eum
749 5217 819 5300 ait,
845 5215 895 5292 Ut
917 5219 1058 5294 iusticia
1211 5220 1284 5294 Sed
1304 5214 1486 5290 Pharisaei
1507 5216 1701 5308 docebant,
1734 5214 1845 5303 legem
1866 5207 1934 5280 Dei
1957 5223 2098 5284 tanturn

66 5311 153 5405 legis
167 5312 377 5406 impleretur
391 5314 430 5386 in
444 5313 570 5406 nobis,
595 5316 633 5389 id
650 5317 690 5392 ur
702 5317 904 5414 dupliciter.
1076 5339 1083 5387 t
1107 5322 1209 5402 locui
1225 5324 1269 5394 de
1283 5319 1437 5394 externis
1451 5319 1564 5393 iactis.
1622 5313 1671 5389 lit
1685 5339 1758 5388 uon
1774 5311 1875 5406 loqui
1889 5315 1935 5386 de
1949 5313 2098 5386 interio-
