4714 5826
101 171 165 242 tat

140 332 245 434 Quid
263 335 379 432 igitur
402 330 612 430 eligendum
636 335 718 406 est?
768 332 819 408 ln
840 334 976 406 vivente
991 357 1073 432 spes

189 447 258 522 est,
291 436 346 511 Et
368 435 571 508 meliorest
597 437 703 512 canis
727 437 827 511 vivus
851 435 951 510 leone
974 459 1072 506 mor-

186 552 264 612 tuo.

186 691 299 764 Antea
316 693 460 764 recitata
477 707 528 763 εει
546 694 707 787 querela,
734 693 829 785 quod
846 691 948 764 iustis
964 705 998 762 ει
1014 693 1072 758 in·
1106 741 1108 746 .

95 797 187 866 iustis
221 795 351 866 similia
391 795 571 866 eveniant:
624 791 711 864 haec
746 793 906 862 conlusio
953 794 1072 864 turbat

96 910 238 982 mentes,
271 911 305 968 ει
335 897 548 986 langucsocit
577 896 797 968 voluntatem
820 910 912 965 recte
933 894 1072 983 agendi.

96 995 249 1091 Opponit
272 1021 354 1087 ergo
375 993 459 1067 huic
481 998 672 1067 offensioni
698 1011 930 1088 praeceptum.
996 995 1072 1064 lmo

96 1100 219 1192 iuquit:
247 1099 395 1171 Necesse
411 1113 593 1170 esttamen
604 1101 684 1170 Deo
698 1097 854 1182 obedire,
882 1111 915 1167 et
930 1121 948 1166 a
964 1119 1072 1189 quac-

96 1203 200 1273 stione
226 1224 371 1272 exorsus
399 1213 460 1272 cst.
520 1200 619 1290 Quid
636 1201 752 1290 igitur
774 1199 975 1288 eligendum
998 1197 1072 1268 est?

96 1299 196 1374 lllstue
231 1303 416 1393 eligendus
450 1303 569 1383 labor,
615 1325 695 1371 cum
731 1323 804 1370 non
836 1301 1073 1389 respondeant

96 1403 262 1496 praemia?
313 1402 519 1494 Respondet
537 1401 724 1474 Salomon:
751 1397 815 1472 Εει
834 1402 982 1470 omuino
1008 1426 1070 1470 vo-

96 1506 215 1575 cationi
228 1507 565 1594 obtemperandum,
589 1520 624 1575 et
638 1516 784 1572 eventus
798 1499 875 1573 Deo
892 1525 1071 1572 commen-

97 1607 195 1676 dandi
224 1621 326 1686 scrut,
359 1619 399 1675 ut
432 1629 539 1696 supra
568 1605 828 1695 saepedictum
852 1619 921 1676 cst:
963 1601 1071 1672 Com-

97 1709 211 1776 mendo
231 1707 308 1777 Deo
332 1705 426 1776 viam
449 1722 564 1790 tuam,
597 1722 631 1778 et
655 1707 728 1795 ipse
749 1707 861 1778 faciet.
924 1702 972 1775 Αι
997 1727 1069 1773 non

98 1809 215 1900 poteris
239 1833 313 1878 esse
332 1809 416 1877 felix
433 1809 622 1898 praeliator
637 1809 751 1901 qualis
768 1807 835 1876 fuit
854 1807 935 1876 Asa.
988 1805 1070 1874 Non

20 1975 21 1980 ,
96 1923 183 2000 potes
201 1933 276 1979 esse
300 1911 370 1979 dur
392 1910 520 1978 similis
537 1907 715 2000 Scipioni,
740 1905 797 1978 Sis
819 1908 927 1997 igitur
944 1907 1070 1976 similis

98 2011 214 2094 Fabio,
241 2012 352 2080 modo
366 2011 497 2079 servias
511 2024 572 2080 tuo
590 2013 667 2079 loco
681 2008 850 2087 fideliter,
875 2007 1069 2078 sicutPau-

97 2113 143 2180 lus
164 2111 297 2202 inquit:
325 2109 403 2180 Hoc
419 2112 633 2204 requiritur,
658 2111 773 2178 fidelis
789 2125 827 2180 ut
845 2111 888 2179 sit
905 2110 1069 2200 quisque.

97 2211 303 2283 Sufficientia
326 2235 410 2280 vero
427 2226 547 2281 nostra
561 2210 603 2280 'ex
620 2211 696 2281 Deo
711 2225 772 2281 est·
826 2208 947 2303 lnquit
961 2209 1069 2297 igitur

96 2312 268 2384 Salomon:
311 2312 353 2382 ln
382 2312 521 2384 vivente
551 2337 629 2404 spes
657 2327 728 2392 est,
770 2311 805 2406 id
839 2325 905 2390 εει,
946 2313 1069 2379 vivens

96 2429 163 2503 agat
180 2413 318 2508 aliquid
339 2413 435 2484 iuxta
458 2415 689 2487 vocationem.
742 2410 789 2482 Et
808 2413 1000 2482 meliorest
1016 2413 1069 2480 vi-

97 2538 149 2584 vos
169 2517 264 2586 canis
291 2515 393 2585 leone
417 2529 578 2598 mortuo,
602 2516 640 2584 id
665 2527 732 2596 est,
759 2514 893 2584 etiamsi
913 2537 986 2582 non
1004 2538 1068 2603 po·
1107 2525 1108 2528 ’

97 2631 137 2686 ιιι
161 2641 231 2686 εεεε
261 2617 340 2700 leo,
380 2617 427 2684 sis
451 2617 640 2685 mediocris
661 2617 809 2688 catulus.
876 2611 973 2702 Quid
998 2615 1067 2682 iam

97 2721 288 2812 quaerimus
323 2719 458 2802 leones,
501 2713 662 2787 heroicos
698 2720 804 2787 duces
834 2730 867 2785 et
891 2717 1068 2805 guberna-

96 2834 193 2900 tores,
223 2819 351 2914 quales
374 2819 427 2887 illi
449 2832 582 2888 veteres
606 2820 751 2889 suerunt
771 2815 939 2901 Gedeon,
965 2815 1067 2888 Sam·
1127 2847 1129 2854 a

19 2975 20 2984 ,
97 2941 168 3004 son,
197 2918 342 2990 David?
394 2918 545 2992 Utamur
568 2921 716 3004 nostris,
750 2920 813 3012 qui
835 2920 970 2990 etiamsi
993 2943 1068 2988 non

97 3037 165 3092 sont
191 3023 263 3092 illis
293 3021 444 3100 similes,
475 3035 516 3091 ut
547 3023 684 3105 leones,
719 3033 801 3090 sunt
832 3033 948 3090 autem
972 3019 1069 3089 velut

97 3125 207 3213 catuli,
244 3121 397 3214 Aliquid
421 3145 484 3190 suo
508 3122 586 3191 loco
610 3135 733 3211 agant,
758 3135 793 3191 et
815 3135 918 3190 orent
941 3120 1069 3205 Deum,

96 3239 128 3292 ut
150 3227 247 3295 laciat
273 3247 332 3294 eos
357 3247 437 3290 vasa
461 3221 734 3294 misericordiae.
787 3219 829 3290 ln
846 3217 911 3290 hac
925 3235 1066 3292 senten·

95 3325 133 3394 tia
145 3328 202 3394 diu
219 3339 462 3396 commoratur
479 3322 662 3398 Salomon.
712 3320 808 3392 Dicit
822 3335 981 3392 mortuos
997 3323 1066 3390 iam

97 3428 280 3496 discessisse
296 3427 342 3495 ab
365 3421 473 3496 huius
496 3425 588 3495 vitae
603 3425 876 3514 gubernatione,
899 3447 1067 3515 praesen-

96 3529 177 3598 tibus
199 3529 372 3598 utendum
389 3550 479 3608 esse,
506 3541 539 3598 et
555 3528 654 3596 iubet
670 3525 847 3596 vocationi
865 3548 1007 3614 parere,
1033 3537 1068 3593 et

96 3631 301 3720 acquiescere
318 3627 354 3694 in
366 3625 442 3697 Deo
457 3628 545 3712 lide,
571 3640 604 3698 et
620 3630 713 3698 borsa
729 3627 954 3712 couscientia,
981 3651 1068 3718 qua-

96 3730 272 3825 lescunque
288 3729 363 3799 siut
379 3742 536 3799 eventus.

142 3929 181 4002 V
176 3912 431 4015 ade,comede
446 3930 483 4001 in
501 3927 649 4001 luetieiu
665 3954 799 4028 panem
818 3939 937 4011 tuum,
964 3925 1068 4026 Quia

182 4031 270 4103 Deo
283 4029 429 4127 placent
447 4033 650 4130 operatua.
727 4073 736 4082 -

186 4186 226 4256 ld
256 4201 326 4270 cst,
356 4209 445 4279 quae
472 4184 556 4254 facis
584 4185 679 4254 iuxta
706 4185 945 4262 vocatiouem,
979 4183 1070 4253 sicut

97 4301 201 4374 postea
226 4287 329 4357 dicit:
358 4285 453 4356 llaec
473 4300 525 4355 est
546 4309 626 4376 pars
651 4287 689 4354 in
712 4287 783 4355 vita
807 4301 841 4356 et
864 4285 986 4356 labore
1007 4299 1069 4356 tuo

96 4413 189 4479 quem
208 4390 275 4462 tibi
293 4388 393 4457 dedit
408 4385 517 4460 Deus.

186 4487 233 4560 Et
257 4503 394 4579 postea:
419 4480 539 4566 Omne
560 4482 662 4586 quod
684 4485 819 4556 invenit
840 4511 975 4558 munus
992 4495 1070 4568 tun,

92 4589 377 4690 sortitersacito.
430 4587 509 4659 Hoc
524 4593 658 4660 dictum
675 4591 863 4677 diligenter
879 4591 1070 4660 observan-

97 4695 171 4762 dum
201 4707 270 4776 est,
303 4693 397 4784 quod
426 4693 569 4783 quidem
593 4691 676 4762 satis
701 4691 884 4781 perspicue
906 4693 1071 4776 ostendit,

97 4817 160 4862 non
195 4793 313 4864 doceri
352 4818 371 4862 a
398 4791 590 4864 Salomone
627 4793 860 4862 desertionem
897 4793 1072 4862 societatis

97 4896 286 4965 commuuio
307 4909 367 4966 aut
386 4893 635 4983 negociorum,
662 4909 723 4965 aut
744 4894 863 4964 ocium
879 4888 1071 4962 monacho-

99 5019 186 5074 mm‚
212 4998 273 5066 sed
291 4997 443 5088 proponi
460 4994 703 5086 gravissimam
720 4995 917 5066 doctrinam
936 5006 972 5064 et
986 5017 1071 5064 con-

19 5149 20 5178 ,
99 5099 310 5168 solationem.
364 5096 469 5167 lubet
490 5121 556 5167 nos
573 5098 730 5166 studiose
749 5098 992 5188 obtemperare
1008 5121 1071 5166 vo-

19 5191 20 5214 *
100 5199 219 5269 cationi
250 5212 284 5270 ει
308 5213 453 5270 eventus
476 5196 553 5269 Deo
576 5201 842 5282 commendare,
874 5196 1069 5289 etquidem

101 5298 293 5372 lidelitotem
318 5315 351 5372 rt
375 5300 595 5390 diligentiam
620 5301 793 5392 postulat,
820 5323 898 5370 cum
922 5293 982 5368 bic
1004 5300 1070 5369 ait:

650 165 711 238 ιιι.
764 161 1063 240 uuanuatto
1099 164 1150 240 m
1184 147 1558 240 acmusrasrau.

2044 169 2117 242 tot

1125 333 1284 407 Fortiter
1313 359 1469 428 operare.
1529 330 1576 407 Et
1602 337 1700 408 addit
1727 339 2007 408 consolationem
2032 344 2112 411 dul·

1123 437 1314 506 cissimam:
1347 435 1407 512 Pii
1434 437 1545 507 sciant
1571 439 1677 507 talem
1706 462 1848 510 cursum
1880 441 1975 511 iuxta
1997 468 2113 512 voca-

1122 538 1257 608 tionem
1269 536 1344 608 Deo
1359 539 1509 628 placere,
1536 553 1569 608 ει
1584 540 1775 629 gubernari
1791 541 1975 622 divinitus,
1998 569 2113 637 quan-

1122 665 1229 730 quam
1247 640 1356 708 multa
1373 639 1537 710 incidunt
1551 641 1823 732 impedimenta,
1849 643 1982 713 multae
1998 647 2112 714 olien-

1122 742 1250 814 siones.
1303 741 1389 810 Mox
1406 755 1523 810 autern
1541 742 1609 810 alia
1627 741 1781 812 obiectio
1795 745 1952 815 additur.

1173 955 1282 1058 Quid
1298 956 1446 1059 prodest
1468 956 1657 1044 laborare,
1685 985 1763 1032 cum
1781 964 1919 1036 nonsit
1937 964 2109 1037 velocium

1223 1086 1350 1134 cursus
1365 1086 1427 1133 nec
1438 1061 1601 1160 sortium
1620 1061 1798 1134 victoria?

1222 1229 1453 1321 Respondeo:
1483 1227 1575 1301 Volo
1599 1245 1638 1302 ut
1655 1232 1814 1314 labores,
1841 1249 2007 1306 ettamen
2026 1239 2107 1310 volo

1121 1328 1284 1402 homiues
1306 1355 1380 1402 non
1405 1332 1581 1402 confidere
1609 1334 1750 1425 propria
1770 1336 1939 1427 sapientia
1957 1353 1990 1407 et
2005 1341 2108 1410 lorti-

1120 1434 1263 1516 tudiue,
1296 1456 1370 1502 nou
1402 1457 1543 1502 movere
1568 1457 1623 1503 res
1649 1458 1722 1503 non
1747 1439 1956 1507 necessarias
1980 1441 2108 1510 fiducia

1120 1536 1283 1628 propriae
1314 1533 1505 1626 sapientiae
1536 1551 1596 1608 aut
1626 1536 1862 1606 fortitudinis:
1897 1544 1955 1609 sed
1990 1558 2107 1632 petere

1120 1651 1154 1708 et
1184 1648 1365 1726 expectare
1391 1636 1563 1706 auxilium
1596 1661 1615 1706 a
1647 1636 1742 1722 Deo,
1783 1654 1817 1708 et
1846 1642 2107 1737 qualescunque

1121 1753 1205 1808 sunt
1235 1751 1398 1822 eventus,
1429 1761 1504 1805 non
1532 1739 1677 1808 delicere
1702 1762 1720 1807 a
1743 1739 1840 1824 Deo,
1871 1767 1937 1810 nec
1959 1745 2106 1814 fremere

1120 1841 1288 1908 adversus
1310 1863 1411 1923 eum,
1441 1840 1502 1907 sed
1527 1861 1714 1930 agnoscere
1736 1856 1893 1912 nostram
1916 1843 2105 1916 iufirmita-

1119 1955 1200 2011 tem.
1252 1939 1376 2011 Simile
1399 1940 1532 2010 dictum
1556 1955 1607 2010 εει
1630 1941 1701 2008 illi:
1728 1939 1811 2011 Scio
1835 1941 2006 2029 Domine,
2032 1970 2105 2016 non

1120 2057 1171 2112 est
1201 2036 1358 2110 hominis
1388 2041 1445 2110 via
1476 2039 1561 2112 eius.
1630 2041 1734 2110 ltem:
1777 2041 1858 2112 Non
1888 2059 2001 2135 potest
2033 2049 2101 2116 sibi

1119 2139 1227 2212 homo
1250 2164 1388 2210 strauere
1402 2140 1609 2233 quicquam,
1635 2141 1704 2210 nisi
1720 2143 1840 2211 datum
1856 2145 1900 2215 sit
1918 2148 1949 2213 ei
1966 2150 2009 2216 de
2025 2174 2103 2218 coe-

1119 2246 1166 2315 lo.
1220 2239 1314 2312 llaec
1337 2243 1429 2312 dicta
1453 2243 1498 2310 de
1520 2243 1706 2312 eventibus
1731 2242 1944 2336 loquuntur,
1978 2262 2016 2318 ut
2039 2274 2103 2320 suo

1119 2345 1198 2414 loco
1221 2345 1443 2428 dictumest,
1466 2365 1539 2412 non
1556 2339 1623 2412 hoc
1642 2343 1785 2430 volunt,
1809 2370 1952 2435 prorsus
1968 2351 2103 2420 nullam

1119 2469 1191 2516 esse
1210 2446 1408 2516 libertatem
1426 2447 1464 2512 in
1482 2443 1556 2536 ipsa
1573 2445 1742 2515 electione
1762 2445 1966 2523 volontatis.

1167 2660 1328 2758 Tempus
1347 2673 1377 2734 et
1395 2689 1500 2736 casus
1518 2663 1639 2736 valent
1657 2665 1696 2735 in
1713 2666 1896 2739 omnihus.

1221 2835 1396 2926 Congruit
1425 2860 1503 2906 cum
1537 2837 1648 2907 dicto:
1689 2835 1767 2906 Nisi
1799 2835 1974 2909 Dominus
2007 2848 2103 2913 aedi-

1118 2936 1274 3006 ficaverit
1286 2941 1449 3017 domum,
1470 2929 1600 3008 frustra
1615 2939 1753 3010 laborat
1766 2939 1828 3032 qui
1841 2941 2000 3014 aedificat
2014 2971 2102 3018 eam.

1119 3037 1208 3108 Nam
1234 3032 1302 3107 boc
1325 3040 1419 3123 vult,
1446 3052 1530 3108 tunc
1551 3041 1694 3110 demum
1717 3041 1836 3110 felices
1858 3064 1930 3111 εεεε
1945 3061 2103 3128 εοηιιιιιε,

1120 3138 1263 3232 quando
1288 3138 1384 3210 Deus
1414 3162 1473 3208 eos
1500 3140 1664 3226 adiuvat,
1695 3144 1755 3212 dat
1778 3142 1861 3212 felix
1882 3163 2102 3219 momentum

1119 3253 1153 3309 et
1175 3241 1268 3329 regit'
1287 3255 1441 3312 eventus.
1494 3239 1576 3310 Non
1595 3244 1689 3311 enim
1706 3243 1952 3332 intelligantur
1965 3262 2103 3340 tempus

1120 3355 1153 3410 ει
1177 3365 1277 3411 casus
1297 3341 1607 3436 Epicureoumore.
1660 3341 1728 3414 Sed
1751 3341 1979 3434 reprehendit
1999 3349 2103 3421 Salo-

1120 3467 1206 3510 mon
1220 3443 1385 3512 fiduciam
1401 3457 1602 3513 nostrarum
1616 3443 1747 3512 virium
1762 3460 1797 3515 et
1811 3462 1951 3517 nostrae
1964 3451 2103 3539 sapien-

1120 3545 1218 3626 tiae‚'
1233 3567 1323 3635 quae
1340 3544 1553 3634 imaginatur
1568 3545 1725 3614 sulficere
1742 3542 1934 3616 humanam
1953 3553 2104 3641 diligen-

1119 3645 1204 3713 tiam
1227 3644 1302 3713 sine
1322 3642 1410 3715 Deo.
1464 3643 1517 3716 Ac
1542 3670 1621 3716 mox
1643 3649 1742 3717 addit
1765 3648 1915 3717 vicinam
1938 3656 2104 3724 admoui-

1120 3746 1254 3818 tionem
1283 3744 1454 3817 Salomon
1484 3751 1529 3816 de
1560 3763 1679 3820 nostra
1711 3749 1931 3821 infirmitate:
1974 3751 2102 3826 Nescit

1120 3841 1230 3916 homo
1241 3841 1359 3939 finem
1382 3873 1507 3928 suum,
1541 3843 1609 3917 sed
1629 3846 1723 3920 velut
1741 3851 1855 3948 piscis
1880 3853 2040 3942 cupitur,
2065 3859 2103 3926 id

1121 3963 1189 4032 est,
1212 3944 1374 4018 homines
1397 3973 1497 4040 saepe
1520 3951 1617 4018 falsis
1642 3954 1930 4041 persuasionibus
1947 3972 1978 4027 et
1995 3961 2102 4028 stulta

1121 4074 1180 4142 spe
1197 4051 1332 4120 incitati
1350 4052 1553 4130 sonmniaut
1571 4051 1683 4119 bonos
1700 4047 1857 4137 eventus,
1885 4081 1962 4125 cum
1983 4074 2101 4129 tamen

1121 4152 1159 4218 in
1186 4153 1304 4220 medio
1327 4176 1432 4222 cursu
1457 4153 1592 4242 magnis
1618 4153 1875 4224 calamitatibus
1897 4159 2102 4249 oppriman-

1120 4267 1195 4340 tur,
1223 4266 1261 4322 ut
1278 4255 1405 4323 accidit
1419 4253 1556 4338 Mario,
1582 4251 1767 4344 Pompeio,
1796 4255 1887 4325 lulio
1902 4273 1936 4328 ει
1952 4263 2029 4331 aliis
2046 4266 2103 4330 in-

1121 4355 1401 4425 numerabilibus
1439 4356 1705 4451 erumpentibus
1745 4371 1839 4429 extra
1873 4357 2100 4433 vocationem.
2217 4361 2220 4368 ’

1120 4454 1200 4525 Huc
1223 4458 1397 4544 pertinent
1419 4457 1618 4525 communia
1642 4459 1749 4526 dicta:
1778 4455 1912 4529 Omnia
1937 4479 2017 4534 suut
2036 4461 2100 4534 loo-

1121 4557 1257 4626 minum
1283 4558 1380 4629 tenui
1406 4559 1593 4648 pendentia
1611 4558 1688 4639 fito,
1714 4555 1762 4630 Et
1778 4563 1896 4632 subito
1913 4589 1995 4632 casu
2012 4591 2101 4658 quae

1121 4658 1263 4726 valuere
1296 4673 1416 4732 rutmt.
1487 4657 1590 4728 item:
1629 4652 1780 4750 μάταιοι
1808 4658 1871 4733 ‹ieoi
1902 4661 2103 4758 ἐπιθυμίας

1119 4751 1262 4850 μάταιοι
1290 4755 1512 4858 λογίζονται.
1573 4757 1820 4850 Repetendum
1850 4778 1902 4832 est
1931 4788 2012 4853 ergo
2047 4770 2105 4833 ‹li-

1121 4875 1218 4930 ctum
1240 4863 1442 4953 saepissime
1465 4863 1534 4930 iam
1559 4861 1757 4931 recitatum:
1784 4861 2002 4935 Commenda
2026 4866 2102 4938 Deo

1121 4961 1216 5029 viam
1240 4975 1356 5048 tuam,
1383 4979 1417 5034 ει
1437 4983 1539 5054 spera
1562 4961 1600 5030 iu
1624 4987 1722 5048 eum,
1748 4978 1781 5034 et
1802 4965 1875 5055 ipse
1896 4967 2009 5042 faciet.
2063 4969 2100 5038 ld

1122 5078 1191 5143 est,
1217 5064 1322 5134 iacies
1346 5065 1538 5135 necessaria
1562 5064 1656 5133 iuxta
1681 5065 1922 5154 vocationem,
1950 5084 1984 5141 et
2010 5085 2105 5163 petas

1121 5178 1154 5234 te
1170 5165 1284 5237 iuvari
1302 5191 1320 5236 a
1337 5168 1417 5238 Deo
1434 5189 1568 5236 memor
1583 5179 1663 5235 tuae
1679 5167 1903 5242 infirmitatis.
