4622 5818
219 214 300 288 948

329 383 421 454 Cum
451 375 561 466 igitur
590 365 718 440 talium
745 355 923 432 invocatio
948 369 984 428 ct
1003 353 1119 436 studia
1145 352 1225 444 pla-

228 501 331 564 ceant
345 483 440 566 Deo,
466 484 629 570 parentes
650 471 721 538 sint
742 460 860 536 seduli
881 460 920 528 in
944 453 1225 528 adsuefaciendis

230 587 351 686 pueris
365 585 412 656 ad
426 574 666 676 precationem
685 580 721 641 et
736 566 779 635 ad
794 563 1014 632 discendum.
1064 555 1135 628 Hic
1157 554 1227 626 sibi

232 699 437 788 proponant
453 682 588 753 dictum
601 671 706 742 Pauli
727 661 858 758 Ephes.
874 663 930 736 6.:
956 658 1121 732 Educate
1141 681 1228 750 pue-

234 816 295 867 ros
309 794 349 864 in
363 782 550 880 disciplina
571 789 608 848 et
619 770 782 846 doctrina
797 763 956 840 Domini.

337 889 419 964 Duo
445 878 635 978 praecipit,
662 887 704 945 ut
724 868 827 964 pueri
852 869 1068 945 doceantur,
1093 876 1129 934 et
1150 883 1231 954 qur-

241 1001 324 1070 dem
343 995 386 1064 de
401 987 491 1068 Deo,
518 979 713 1052 secundou
936 969 945 984 “
986 967 995 984 ’
1041 966 1049 983 ’

239 1108 426 1188 regantur,
457 1109 534 1160 non
557 1079 771 1152 concedatur
791 1071 935 1142 licentia
960 1066 1130 1162 potandi,
1155 1059 1234 1134 hel-

165 1181 172 1190 *
241 1196 387 1278 luandi,
420 1185 621 1272 scortandi,
655 1193 690 1251 ct
715 1177 784 1248 alia
810 1173 936 1244 delicta
959 1168 1134 1257 faciendi,
1167 1166 1235 1236 sic·

239 1317 281 1376 ut
311 1320 408 1370 nunc
451 1283 724 1364 dissolutissime
764 1277 857 1346 vivit
895 1269 1146 1353 adolescentia,
1202 1279 1237 1336 ct

241 1397 493 1476 miserabiliter
540 1382 782 1476 corrumpitur
820 1375 996 1448 sodalitiis
1040 1371 1160 1466 pravis
1202 1381 1237 1438 ct

243 1501 426 1596 exemplis.

579 1651 709 1708 tertie
733 1643 906 1702 doctrine.

349 1768 474 1844 Tertia
490 1762 652 1834 doctrina
677 1753 881 1846 gravissima
905 1759 977 1833 est,
1003 1759 1037 1816 et
1056 1744 1161 1816 nobis
1185 1759 1241 1812 se-

248 1881 357 1952 nibus
373 1865 650 1944 consolationem
667 1854 841 1947 egregiam
858 1849 1040 1943 proponit.

353 1973 428 2046 Nos
451 1991 554 2040 senes
576 1962 684 2033 etiam
711 1978 832 2027 sumus
856 1952 977 2045 pueri,
1002 1964 1038 2020 et
1059 1948 1163 2018 valde
1184 1944 1243 2014 in·

125 2065 128 2074 ¹
251 2080 355 2154 firmi.
409 2071 525 2145 Multa
543 2065 638 2136 enim
656 2083 730 2131 non
746 2053 997 2146 intelligimus,
1024 2065 1058 2122 et
1073 2047 1253 2137 habemus

230 2199 397 2272 magnas
421 2170 645 2244 infirmitates
665 2164 704 2232 in
729 2160 854 2244 corde,
886 2155 998 2227 multa
1029 2154 1135 2224 stulte
1158 2148 1246 2220 faci-

255 2307 344 2357 mus.
410 2274 491 2348 Etsi
516 2285 635 2342 autem
660 2261 773 2334 multa
793 2283 868 2328 non
898 2255 1149 2346 intelligimus,
1192 2265 1244 2322 aa.

254 2409 338 2457 men
367 2382 462 2454 Dens
491 2371 620 2462 accipit
641 2363 923 2441 invocationem,
961 2359 1133 2448 approbat
1162 2353 1247 2450 obe-

256 2485 428 2560 dientiam
445 2495 648 2571 quanquam
664 2459 876 2536 mendicam.
927 2457 1072 2551 Recipit
1093 2472 1128 2528 ct
1150 2466 1248 2526 curat

258 2605 293 2661 et
316 2581 476 2658 defendit
499 2597 584 2661 nos,
617 2570 710 2640 sicut
737 2577 849 2636 mater
872 2583 1009 2656 pueros.
1072 2557 1149 2628 lmo
1172 2580 1249 2626 am·

258 2691 353 2786 plius
377 2683 465 2756 dicit
479 2675 538 2750 hic
554 2671 766 2746 versiculus:
792 2663 889 2738 Dens
913 2685 1057 2752 magnas
1072 2683 1129 2729 res
1144 2656 1251 2727 efficit

259 2816 324 2888 per
353 2798 513 2858 nostram
545 2774 827 2853 invocationem,
867 2764 1141 2846 confessionem,
1182 2757 1251 2826 mi-

249 2890 448 2972 nisterium
474 2879 638 2953 docendi.
691 2873 775 2943 ldeo
797 2869 932 2962 inquit:
968 2863 1146 2936 Perfecisti
1174 2862 1252 2929 lau-

233 2991 236 2997 *
262 3000 355 3069 dem.
404 2988 501 3063 Deus
522 2979 657 3074 perlicit
672 2997 770 3046 suam
787 2971 949 3050 landem,
975 2967 1110 3056 colligit
1128 2959 1252 3036 Eccle-

263 3099 377 3174 siam,
402 3085 563 3182 reprimit
586 3077 777 3160 Diabolos,
812 3075 872 3143 dat
903 3071 1008 3141 nobis
1036 3070 1129 3138 bona
1152 3087 1253 3156 prae-

264 3197 377 3272 sentia
398 3207 433 3264 et
453 3201 617 3264 aeterna,
652 3173 831 3273 perhanc
856 3197 977 3244 vocem
1007 3182 1191 3240 sonantem
1215 3165 1254 3232 in

263 3295 440 3385 Ecclesia,
488 3313 552 3386 per
582 3281 745 3356 homines
778 3277 956 3346 infirmos:
1008 3295 1090 3342 nam
1120 3271 1162 3340 ad
1189 3288 1255 3336 nos

267 3421 391 3474 omnes
413 3395 564 3488 pertinet
585 3389 736 3457 dictumz
771 3375 826 3452 Er
850 3403 911 3450 ore
936 3373 1128 3446 infantium
1153 3370 1257 3451 etla-

267 3500 437 3578 ctentium
450 3489 627 3587 perfecisti
641 3485 795 3557 laudem.

373 3599 493 3689 Quare
508 3607 626 3663 autem
649 3585 750 3657 dicit:
772 3579 1006 3652 lactentium?
1037 3575 1131 3668 Quia
1147 3571 1259 3662 signi·

184 3723 188 3732 “
268 3710 349 3779 licat
362 3724 428 3772 nos
444 3713 568 3769 omnes
583 3693 621 3758 in
629 3685 787 3760 Ecclesia
804 3679 853 3752 ali
870 3684 958 3753 lactc
975 3681 1117 3763 divino,
1144 3677 1179 3746 id
1198 3687 1260 3757 est,

269 3808 382 3878 verbo
398 3800 465 3874 Dei
481 3812 515 3868 et
527 3791 666 3888 Spiritu
682 3800 815 3858 sancto.
869 3783 952 3854 Non
966 3785 1057 3854 fiunt
1079 3780 1141 3849 illa
1165 3777 1261 3847 salu-

271 3910 361 3981 taria
385 3925 492 3997 opera
522 3897 653 3967 virtute
682 3887 850 3961 humana.
908 3879 957 3954 Et
986 3879 1055 3958 hic¹
1076 3881 1262 3956 discamus,

272 4011 388 4086 Deum
407 4004 495 4076 velle
512 3997 616 4071 nobis
637 3990 826 4087 opitulari,
851 3985 942 4058 sicut
957 3979 1159 4076 saepissime
1173 3975 1264 4048 dici-

273 4129 349 4184 tur:
389 4105 503 4178 Petite
524 4115 559 4172 et
581 4094 770 4189 accipietis.
830 4089 938 4162 ltem:
979 4084 1065 4158 Sine
1093 4107 1150 4152 me
1170 4073 1265 4149 nihil

276 4207 420 4308 potestis
441 4209 587 4278 facere.'
620 4199 695 4288 Qui
717 4205 838 4264 manet
858 4192 898 4260 in
919 4214 995 4274 me,
1028 4188 1183 4258 fructum
1205 4205 1266 4251 co-

243 4395 245 4398 ,
276 4317 416 4408 piosum
430 4311 530 4381 feret.
578 4293 657 4392 Ego
677 4321 754 4369 sum
769 4292 871 4377 vitis,
896 4314 960 4361 vos
975 4289 1147 4383 palmites.

328 4507 453 4588 Mane
469 4501 616 4600 rediens
630 4501 685 4698 iqi
687 4495 829 4585 urbem,
854 4490 1052 4578 esuriebat,
1079 4498 1110 4562 et
1127 4483 1217 4561 vidit

523 4629 526 4636 ’
689 4625 786 4683 cum,
823 4607 886 4672 etc.

197 4829 203 4844 ,
381 4747 478 4822 Haec
496 4759 547 4816 est
561 4743 636 4815 dies
650 4738 811 4833 proxima
833 4745 913 4826 post
935 4731 1033 4801 diem
1056 4728 1270 4821 palmarum,

280 4877 402 4932 rursus
421 4851 525 4947 plena
547 4845 786 4916 maximorum
809 4833 1040 4908 certaminum
1064 4828 1271 4918 intemplo,

263 5017 265 5022 .
282 4977 316 5031 et
331 4985 372 5028 eo
391 4955 449 5027 die
468 4951 549 5020 illas
565 4941 760 5017 horrendas
775 4931 1169 5030 imprecationesssdixit:
1196 4929 1271 5000 Vae

265 5087 268 5096 ⁴
283 5061 385 5132 vobis
400 5055 544 5130 Scribas
557 5063 592 5120 et
607 5042 801 5116 Pharisaei.
852 5036 900 5110 Et
915 5036 1045 5108 multas
1060 5035 1167 5106 utiles
1185 5055 1272 5102 con·

193 5391 195 5396 ·
284 5365 333 5434 tia
349 5379 513 5428 verorum
530 5371 565 5426 et
581 5354 750 5424 falsorum
768 5349 939 5420 cultuum.

723 275 728 284 ¹
787 263 792 271 ,
821 183 946 262 culn.
974 177 1091 258 nnn
1114 177 1324 257 sctttPTa
1352 181 1654 262 nxncnnca

1586 369 1701 444 Prinas
1716 367 1877 424 llrtorla
1895 370 1952 421 ert

1326 471 1371 546 de
1391 469 1648 546 maledictione
1658 468 1776 568 ficus,
1803 465 1895 543 etde
1919 460 2089 569 efficacia
2104 458 2213 559 fidei.
2302 463 2303 466 ’

1377 625 1536 697 Historia
1551 649 1617 718 per
1632 649 1705 696 sese
1722 637 1773 698 est
1789 619 2022 707 miraculum,
2048 631 2081 690 et
2103 633 2155 689 est
2170 614 2260 689 testi-

1277 727 1438 800 monium
1462 729 1671 799 deductore
1693 740 1726 801 et
1748 721 1929 810 doctrina,
1954 721 2045 793 sicut
2068 721 2138 790 alia
2159 717 2260 814 multa
2302 743 2303 772 1

1201 857 1210 878 ·
1279 831 1462 906 miracula.
1526 827 1600 900 Nec
1631 829 1768 918 indiget
1789 828 1858 896 alia
1888 827 1994 914 longa
2025 820 2261 901 declaratione,
2302 831 2303 834 ’

1280 959 1346 1004 nec
1369 957 1459 1024 opus
1482 945 1533 1002 est
1554 928 1614 1000 hic
1638 929 1897 1022 disputatione,
1936 928 2117 1020 quomodo
2140 921 2262 994 fuerint

1281 1039 1321 1105 in
1341 1031 1503 1117 Christo,
1527 1033 1659 1114 fames,
1685 1032 1782 1117 sitis,
1807 1029 2011 1118 defatigatio
2035 1027 2212 1120 corporis,
2235 1034 2263 1092 ct

1283 1138 1414 1208 deinde
1432 1136 1495 1205 alii
1511 1135 1689 1228 adlectus,
1714 1135 1786 1218 ira,
1810 1133 1965 1215 laetitia,
1991 1144 2025 1199 et
2046 1128 2200 1200 tristitia.

1389 1268 1601 1362 Quanquam
1626 1269 1695 1341 fuit
1719 1269 1795 1338 sine
1820 1251 1981 1360 peccato,
2008 1283 2128 1334 tamen
2153 1277 2265 1332 natura

1286 1367 1444 1444 humana
1465 1371 1504 1440 in
1527 1395 1569 1440 eo
1591 1372 1661 1442 fnit
1683 1395 1765 1440 vere
1791 1384 1917 1440 natura
1948 1363 2107 1438 humana
2131 1363 2267 1454 integra,

1287 1471 1423 1547 habens
1452 1497 1576 1544 omnes
1605 1472 1780 1565 potentias
1809 1465 1989 1540 humanae
2016 1480 2164 1536 naturae
2194 1490 2265 1557 pro·
2302 1533 2303 1538 ,

1289 1578 1402 1670 prias,
1430 1599 1512 1646 vere
1539 1576 1682 1660 esuriit,
1711 1599 1793 1644 vere
1810 1572 1919 1658 sitiit,
1944 1596 2026 1640 vere
2041 1570 2265 1640 tristatusest.

1392 1710 1611 1802 significatio
1630 1724 1747 1780 autem
1764 1711 1803 1779 in
1827 1709 1895 1778 ficu
1919 1705 2100 1799 proposita
2114 1720 2175 1780 cst.
2194 1701 2268 1772 „Fi-

1292 1841 1353 1888 cns
1379 1815 1547 1904 fignificat
1583 1835 1796 1907 synagogam
1828 1811 1988 1904 quolibet
2022 1823 2201 1896 tempore,
2237 1803 2267 1872 id
2302 1829 2303 1832 ¹

1293 1933 1364 2002 est,
1398 1931 1482 1987 tunc
1505 1918 1677 2008 populum
1705 1914 1938 1995 ludaeorum,
1973 1924 2006 1980 et
2033 1933 2132 1980 nunc
2150 1907 2268 1998 Papam
2302 1895 2303 1900 ἵ

1293 2036 1329 2093 et
1351 2012 1569 2102 Monachus,
1596 2020 1634 2086 id
1659 2029 1728 2101 est,
1753 2016 1853 2096 illos,
1880 2013 1944 2106 qui
1967 2012 2037 2082 sibi
2059 2011 2201 2082 titulum
2223 2031 2270 2076 ar·

1295 2138 1421 2212 rogant
1447 2116 1641 2204 Ecclesiae,
1672 2133 1708 2189 et
1729 2115 1862 2188 habent
1882 2116 1986 2199 folia,
2012 2115 2142 2197 idest,
2168 2132 2271 2178 veram
2302 2103 2303 2192 l

1295 2224 1515 2307 doctrinam,
1542 2236 1577 2290 et
1593 2244 1695 2290 veros
1719 2219 1855 2302 cultus,
1882 2217 1972 2288 sicut
1994 2217 2100 2286 etiam
2123 2214 2207 2284 alias
2226 2213 2271 2279 fo·
2302 2209 2303 2294 l

1296 2329 1345 2398 lia
1381 2324 1439 2396 lici
1478 2323 1680 2413 significant
1716 2318 1934 2416 hypocrisin.
2017 2314 2066 2388 Ut
2105 2313 2219 2388 Adam
2245 2325 2271 2380 et
2302 2313 2303 2390 J

1296 2427 1398 2502 Heva
1414 2438 1537 2516 tegunt
1551 2448 1587 2494 se
1607 2425 1705 2495 foliis
1726 2425 1799 2509 fici,
1833 2423 1949 2504 idest,
1975 2432 2104 2489 natura
2123 2414 2272 2489 humana,
2302 2481 2303 2484 ,

1300 2544 1487 2623 postquam
1511 2527 1628 2596 amisit
1651 2549 1770 2596 veram
1803 2522 1995 2602 iustitiam,
2034 2521 2165 2589 deinde
2189 2519 2271 2587 illam
2302 2511 2303 2594 ᾖ

1300 2655 1398 2702 suam
1416 2627 1778 2717 deformitatemtegit
1799 2626 2037 2720 qualicunque
2059 2622 2175 2720 specie
2188 2616 2274 2688 iusti·
2302 2631 2303 2652 i

1299 2733 1371 2804 tiae
1394 2745 1557 2802 externae
1581 2745 1646 2804 etc.
1698 2725 1747 2802 Et
1769 2725 1856 2804 haec
1880 2742 1999 2798 tamen
2024 2747 2100 2793 non
2124 2725 2274 2794 liberata
2302 2781 2303 2788 ,

1301 2847 1634 2928 peccatoetmorte.
1721 2833 1724 2838 ’
2302 2823 2303 2826 ’

1405 2953 1508 3022 Sicut
1536 2949 1646 3040 igitur
1680 2951 1766 3019 licus
1797 2948 1949 3040 arefacta
1988 2959 2040 3016 est
2071 2957 2152 3037 post
2183 2940 2303 3032 male-j

1303 3055 1512 3129 dictionem:
1548 3053 1599 3122 sic
1621 3055 1770 3123 arefacta
1796 3063 1848 3120 est
1866 3069 2062 3143 synagoga,
2093 3062 2130 3118 et
2152 3045 2277 3114 arefient
2302 3035 2303 3116 ζ

1305 3180 1428 3230 omnes
1443 3179 1594 3248 pompae
1609 3153 1792 3225 Pontificis
1806 3165 1841 3221 et
1853 3149 2112 3241 Episcoporum
2130 3159 2164 3218 et
2178 3144 2277 3217 Gano-
2302 3139 2303 3224 j

1306 3263 1468 3332 nieorum
1491 3271 1525 3328 et
1544 3251 1828 3339 Monachorum,
1853 3267 1897 3322 'et
1916 3254 2106 3344 deinceps,
2139 3273 2214 3319 curn
2229 3241 2278 3310 alii
2302 3231 2303 3324 l

1307 3363 1413 3433 etiarn
1444 3360 1650 3452 relinquent
1678 3358 1828 3428 verbum
1856 3367 1892 3426 et
1919 3375 2021 3426 veros
2043 3356 2178 3434 cultus,
2211 3339 2303 3420 runci

1308 3466 1412 3536 etiam
1428 3461 1581 3534 arefient.
2302 3467 2303 3482 ³

1624 3659 1795 3724 sequitur
1817 3627 1987 3710 doctrina

1629 3761 1672 3836 de
1692 3757 1861 3866 efficacia
1872 3757 1980 3856 fidei.

1416 3923 1530 3994 Valde
1561 3919 1745 4018 magnifica
1773 3915 1961 4009 promissio
1989 3910 2049 3986 hic
2079 3913 2281 4008 proponitur,

1314 4053 1403 4124 quae
1419 4043 1452 4098 ct
1475 4025 1769 4118 postulatlidem,
1794 4032 1831 4089 et
1855 4017 2018 4087 adfirmat
2040 4017 2279 4090 invocationem
2302 4009 2303 4022 ¹

1315 4133 1355 4202 in
1385 4132 1454 4202 lide
1482 4128 1655 4200 efficacem
1693 4145 1779 4192 esse.
1846 4115 1895 4190 Et
1927 4121 2089 4192 additum
2123 4133 2174 4190 cst
2204 4117 2282 4184 iura·

1317 4248 1491 4305 mentum:

1319 4453 1434 4528 Amen
1450 4448 1532 4523 dico
1549 4445 1662 4528 vobis,
1681 4448 1821 4526 omnia,
1836 4433 1930 4540 ajune
1944 4441 2070 4537 petetis
2087 4433 2282 4511 irroratione

1540 4561 1657 4621 oestro
1674 4542 1872 4631 eredentes,
1898 4541 2095 4641 accipietis.

1422 4706 1586 4782 Observa
1607 4700 1813 4796 particulam
1840 4701 1987 4782 omnia,
2011 4714 2046 4770 et
2062 4698 2188 4776 discas,
2212 4711 2283 4784 qoo-

1320 4818 1428 4888 modo
1444 4825 1537 4884 recte
1552 4823 1588 4879 et
1609 4829 1692 4876 vere
1715 4799 1944 4890 intelligenda
1960 4802 2023 4870 sit:
2050 4801 2183 4881 omnia,
2205 4791 2303 4862 scili?

1321 4935 1375 4993 cet
1397 4921 1510 5000 bona,
1547 4933 1636 5003 quae
1655 4929 1729 4977 non
1751 4919 1911 4996 pugnant
1930 4925 2010 4972 cnm
2032 4898 2201 4971 mandatis
2221 4887 2283 4962 Dei.

1320 5021 1371 5096 Et
1385 5021 1541 5113 primum
1555 5012 1665 5094 scias,
1689 5006 1809 5079 omnia
1824 5005 1900 5074 sine
1922 5005 1994 5075 ulla
2018 5003 2212 5094 exceptione
2231 4997 2283 5060 in·

284 5163 402 5233 ciones
414 5155 542 5227 habuit
557 5153 603 5222 de
617 5148 821 5220 discrimine
840 5140 939 5231 regni
957 5136 1107 5209 Messiae
1123 5151 1159 5205 et
1172 5135 1272 5224 regni
1319 5121 1476 5219 patrari,
1503 5139 1592 5210 quae
1611 5124 1692 5184 sunt
1712 5105 1907 5178 neccssaria

284 5260 476 5335 mundani,
501 5260 546 5326 de
573 5250 696 5345 poenis
717 5245 1008 5325 incredulorum,
1035 5240 1079 5309 de
1103 5237 1272 5310 differen·
1321 5243 1363 5300 ut
1387 5221 1630 5296 remissionem
1661 5223 1902 5302 peccatorum,

483 5345 485 5348 Ι
1323 5333 1413 5402 ritus
1430 5321 1558 5408 sancti,
1585 5329 1618 5389 ct
1635 5315 1951 5412 vitamlaeternam.
2010 5309 2105 5382 llaec
2127 5312 2213 5380 bom
2232 5318 2283 5368 no·

1931 5109 1975 5178 ad
1996 5107 2141 5178 salutem
2158 5099 2283 5178 animae.

1929 5223 1962 5278 et
1984 5207 2203 5278 donationem
2218 5192 2282 5283 spi-
