4616 5818
97 149 176 229 245

155 317 202 396 V
196 343 251 392 ere
266 317 466 415 languores
481 321 625 388 nostros
648 312 724 411 ipsc
747 308 854 400 tulit,
887 322 919 383 et
945 307 1089 384 dolores

207 431 352 492 nostros
366 419 442 517 ipse
454 414 643 502 sustinuit,
663 438 730 486 nos
746 415 992 511 reputavimus
1009 437 1088 484 eum

206 535 387 621 tanquam
404 515 612 622 adflictum,
638 526 670 587 et
685 541 710 586 a
727 513 812 586 Deo
824 539 1036 613 percussum
1059 525 1089 585 et

203 625 413 724 proiectum.
465 616 543 693 Sed
554 614 769 692 vulneratus
783 629 833 688 est
847 627 995 716 propter
1009 641 1090 716 pec-

205 737 288 796 eato
313 735 462 812 nostra,
492 733 525 794 et
546 716 719 820 adflictus
736 726 886 818 propter
909 719 1090 818 iniquita-

205 839 256 898 tes
273 836 433 899 nostras.

150 924 314 1000 Poenam
333 927 408 1024 ipse
423 925 599 1018 sustinet,
633 933 672 995 ut
696 920 802 994 nobis
822 945 905 1022 pau
929 932 960 993 et
985 926 1089 993 venia

204 1025 440 1116 concedatur,
473 1037 504 1098 et
530 1024 742 1112 vulneribus
768 1025 845 1098 eius
870 1049 937 1096 nos
960 1025 1092 1100 sanati

204 1154 345 1205 sumus.

150 1227 293 1305 Omnes
308 1257 375 1306 nos
389 1229 502 1332 quasi
519 1253 599 1302 oves
620 1228 843 1318 erravimus,
874 1225 1022 1324 singuli
1043 1228 1083 1298 in

206 1337 275 1408 aiis
291 1335 392 1420 suis,
418 1343 450 1404 et
464 1330 656 1405 Dominus
678 1332 825 1404 coniecit
848 1331 888 1400 in
911 1355 990 1400 eum
1015 1330 1090 1402 ini-

206 1435 364 1534 quitates
381 1434 544 1506 omnium
561 1443 739 1511 nostrum.
782 1421 884 1504 Cum
900 1430 1088 1532 affligere-

204 1549 266 1608 tur
281 1547 313 1608 et
327 1533 607 1624 humiliaretur,
640 1561 713 1606 non
736 1533 881 1633 aperuit
906 1559 946 1606 os
969 1559 1088 1617 suum,

204 1639 299 1710 sicut
316 1665 438 1732 agnus
456 1639 522 1738 qui
535 1633 591 1708 ad
604 1637 861 1710 mactationem
879 1630 1035 1720 ducitur,
1056 1645 1088 1707 et

202 1741 298 1810 sicut
313 1741 407 1828 ocis,
433 1763 527 1839 quae
546 1739 755 1810 obmutescit
777 1762 900 1812 coram
922 1735 1089 1810 tondente

205 1839 347 1939 ipsam,
375 1867 436 1914 nec
451 1841 570 1938 aperit
585 1867 625 1914 os
641 1867 761 1916 suum.

152 1939 223 2014 Ex
239 1943 441 2042 afflictione
455 1954 487 2015 et
501 1967 619 2040 poena
640 1940 822 2015 liberatus
843 1950 913 2022 est,
949 1951 981 2013 et
1004 1965 1088 2040 ques

203 2045 397 2116 enarrabit
423 2043 547 2117 secula
575 2044 680 2132 eius?
711 2037 806 2116 Cum
828 2041 1015 2115 abscissus
1035 2053 1087 2113 est

204 2143 248 2216 de
278 2155 377 2217 terra
407 2146 619 2232 viventium,
649 2155 798 2246 propter
818 2141 935 2214 scelus
957 2143 1091 2242 populi

200 2251 366 2344 percussi
378 2273 476 2335 eum,
503 2257 534 2318 et
547 2247 712 2345 sepultus
728 2254 780 2316 est
793 2247 886 2318 sicut
905 2244 1029 2342 impii,
1055 2256 1087 2314 et

205 2359 372 2422 mortuus
396 2349 489 2421 sicut
523 2344 665 2423 divites.
727 2346 812 2446 Ipse
846 2369 921 2416 non
954 2344 1087 2417 iniuste

207 2451 298 2544 egit,
325 2477 387 2524 nec
411 2448 520 2522 dolus
535 2450 619 2545 suit
640 2451 680 2520 in
704 2472 762 2520 ore
785 2449 882 2533 eius,
914 2444 982 2518 sed
1002 2446 1088 2518 Deo

199 2549 346 2648 placuit
361 2579 440 2625 eum
454 2561 629 2626 conterere
646 2550 862 2651 afflictione.
906 2543 1009 2646 Quia
1026 2547 1087 2620 de-

94 2717 97 2722 .
206 2649 264 2722 dit
282 2655 452 2725 animam
465 2679 574 2728 suam
599 2663 637 2726 ut
661 2662 749 2724 esset
769 2645 894 2720 lcostia
917 2675 986 2750 pro
1006 2676 1086 2749 pec-

205 2763 306 2842 cato,
333 2754 466 2829 uidebit
481 2755 634 2850 longam
646 2751 913 2852 posteritatem,
946 2762 977 2823 et
1002 2778 1087 2823 con-

202 2854 335 2928 silium
355 2856 435 2932 Dei
450 2856 618 2957 feliciter
637 2851 841 2954 perficietur
861 2878 976 2924 manu
999 2853 1087 2940 eius,

201 2958 293 3055 quia
318 2958 506 3032 laboravit
527 2955 658 3030 anima
682 2957 776 3042 eius,
808 2956 963 3054 fruetur
984 2954 1087 3026 rolu-

230 3069 315 3135 tale.

151 3083 350 3235 El'serrus
365 3186 465 3234 meus
488 3162 607 3234 iustus
631 3155 845 3250 iustificabit
870 3159 1007 3231 noticia
1026 3159 1089 3231 sui

200 3259 356 3347 multos,
383 3263 474 3363 quia
487 3273 634 3360 peccata
652 3287 774 3334 eorum
798 3262 875 3359 ipse
894 3260 1084 3338 sustinuit.

205 3359 299 3436 Ideo
322 3363 545 3439 distribuam
563 3364 596 3435 ei
608 3389 787 3459 magnam
810 3359 1087 3451 haereditatem,

205 3475 238 3536 et
251 3468 375 3565 sortes
397 3465 594 3564 spoliabit,
628 3465 718 3566 quia
736 3460 894 3537 tradidit
917 3465 1085 3536 animam

204 3569 365 3640 suumin
379 3580 541 3656 mortem,
558 3579 589 3640 et
605 3593 685 3639 cum
700 3564 887 3638 sceleratis
897 3578 1086 3664 reputatus

205 3680 276 3752 est,
304 3673 426 3770 etipse
438 3680 585 3764 peccata
600 3669 800 3742 multorum
822 3669 1019 3754 sustinuit,
1054 3679 1086 3741 et

200 3796 271 3868 pro
287 3772 623 3868 transgressoribus
640 3769 802 3869 rogarit.

235 3996 305 4078 De
324 3999 454 4108 Agna
471 4004 644 4080 mactato
662 3996 705 4077 in
723 3957 948 4078 Paschnte.

388 4137 443 4212 Ex
464 4142 578 4240 capite
596 4141 655 4211 12.
673 4135 801 4211 Exodi.

200 4273 347 4348 Certum
369 4290 421 4347 est
447 4291 597 4346 veterem
622 4275 731 4346 ritum
756 4277 980 4347 mactationis
1003 4277 1084 4368 agni

98 4380 212 4451 tantis
227 4379 407 4447 miraculis
420 4379 644 4462 institutum,
670 4401 744 4448 non
767 4379 881 4446 solum
903 4379 1011 4447 fuisse
1036 4381 1084 4447 si-

98 4505 211 4572 gnum
243 4483 438 4548 admoneus
471 4483 514 4549 de
545 4479 730 4570 praeterita
763 4479 990 4568 liberatione,
1023 4483 1084 4550 sed

99 4583 206 4652 etiam
228 4585 273 4652 de
293 4581 430 4660 sutura,
469 4594 502 4650 et
525 4583 569 4650 de
591 4603 701 4669 agno,
735 4574 895 4662 horest,
928 4581 1083 4666 victima,

100 4705 286 4775 perquam
302 4704 384 4750 vera
409 4697 441 4752 et
462 4697 602 4754 aeterna
624 4682 788 4751 liberatio
810 4685 976 4750 donanda
999 4699 1084 4758 erat.

101 4785 187 4854 lden
202 4797 237 4855 et
254 4782 385 4852 Paulus
406 4783 541 4853 confert
564 4799 663 4855 vetus
678 4777 810 4854 Pascha
834 4807 913 4852 cnm
929 4777 1085 4869 Christo,

99 4888 284 4980 inquiens:
303 4879 436 4954 Pascha
452 4898 613 4954 nostrum
631 4885 833 4954 immolatus
849 4898 899 4954 est
913 4879 1085 4956 Christus.

204 4987 256 5059 Ut
276 5001 392 5055 atatem
416 4986 453 5054 in
480 4999 600 5054 nostro
624 4983 810 5070 Paschate,
841 4985 876 5054 id
905 4999 976 5069 est,
1005 5011 1084 5076 pas-

100 5091 201 5165 sione
218 5083 373 5170 Christi,
400 5087 615 5180 conspicitur
631 5087 835 5176 magnitudo
852 5085 923 5156 irae
938 5083 1005 5158 Dei
1022 5077 1087 5156 ad-⁸

99 5214 223 5262 versus
252 5193 450 5282 peccatum:
485 5202 521 5258 et
550 5210 672 5260 rursm
699 5187 940 5258 misericordia
966 5189 1002 5257 in
1028 5190 1085 5258 in-

101 5295 266 5364 concinne
293 5291 385 5364 vitae
414 5305 593 5372 aeternae,
627 5313 689 5383 per
708 5291 1018 5378 resurrectionem,
1052 5307 1086 5364 et

639 142 722 228 xri,
772 137 1166 214 annonarronns
1198 140 1247 212 ns
1281 139 1585 214 nannenus.

2049 143 2125 218 246

1139 311 1410 403 promissionem
1440 309 1662 382 liberationis
1690 325 1873 402 apeccato
1896 325 1930 383 ct
1954 335 1972 382 n
1998 327 2122 385 morte.

1140 413 1191 484 lta
1214 415 1253 483 in
1273 409 1439 485 Paschate
1463 415 1573 484 veteri
1597 427 1669 484 tnta
1696 409 1843 483 historia
1865 414 2121 500 consideretur,

1138 531 1234 588 utet
1260 517 1310 586 ira
1336 515 1402 586 Dei
1424 518 1592 586 adversus
1615 529 1752 606 peccata
1775 514 2050 608 Aegyptiorum,
2086 533 2120 590 et

1139 618 1381 690 misericordie
1394 621 1433 688 in
1450 619 1659 688 liberatione
1676 616 1849 688 Ecclesiae
1864 634 2085 706 agnoscatur.

1241 719 1360 790 Triste
1378 721 1576 812 exemplum
1592 720 1671 803 luit,
1688 741 1836 808 regnum
1854 719 1943 790 illud
1962 721 2123 791 omniurn

1139 835 1212 890 toto
1228 823 1314 893 orbe
1332 835 1506 892 terrarum
1522 820 1824 904 florentissimum,
1839 822 1956 892 subito
1967 824 2122 893 tumultu

1139 923 1305 1020 dissipari
1318 937 1352 994 et
1366 925 1495 1008 everti,
1521 937 1703 994 consumta
1720 923 1872 992 maxima
1890 937 1987 1012 parte
2004 919 2123 994 bomi-

1140 1050 1247 1108 num,
1273 1027 1489 1097 continuatis
1510 1025 1671 1096 cladibus
1692 1023 1972 1114 multiplicibus,
1997 1027 2122 1097 deletis

1141 1127 1382 1218 principibus,
1409 1141 1541 1198 mutata
1559 1141 1632 1198 tota
1648 1127 1746 1215 regni
1769 1127 1891 1196 forma.
1944 1126 2022 1196 Hae
2044 1129 2122 1198 lne-

1138 1243 1221 1298 runt
1263 1255 1396 1320 poenae
1431 1229 1672 1309 idololatriae,
1721 1229 1876 1316 magiae,
1917 1229 2122 1312 libidinum,

1137 1332 1356 1401 crudelitatis
1371 1333 1539 1403 adversus
1554 1345 1702 1400 sanctos.

1239 1432 1399 1504 Primum
1429 1447 1546 1504 antem
1578 1432 1791 1503 describitur
1819 1446 1975 1524 tempus,
2007 1434 2122 1526 primo

1139 1557 1274 1619 mense,
1301 1536 1338 1605 id
1354 1527 1425 1619 est,
1450 1561 1571 1606 mense
1584 1537 1700 1606 lunari
1713 1585 1723 1620 ,
1758 1535 1820 1628 qui
1842 1537 2001 1626 proxime
2024 1558 2122 1606 sectr-

1138 1648 1194 1705 tns
1215 1651 1266 1708 est
1286 1638 1548 1732 aequinoctium
1571 1661 1740 1722 vernum,
1775 1637 1806 1704 is
1827 1638 1921 1706 enim
1945 1638 2013 1714 luit
2033 1639 2121 1708 anni

1139 1738 1291 1808 initium.
1341 1738 1408 1811 Die
1425 1741 1560 1811 decimo
1577 1740 1759 1827 eligendus
1774 1751 1824 1808 est
1840 1762 1950 1828 agnus
1976 1740 2121 1828 integer,

1137 1840 1343 1922 anniculus,
1376 1843 1571 1928 masculus,
1606 1855 1704 1912 etex
1728 1842 1826 1931 agnis
1850 1854 1883 1910 et
1907 1835 2049 1924 hoedis,
2084 1842 2120 1910 id

1137 1956 1205 2024 est,
1225 1951 1272 2011 ‘ex
1289 1945 1426 2036 reliquo
1444 1967 1546 2033 grege
1560 1945 1771 2026 sumendus,
1798 1956 1833 2012 et
1848 1944 2042 2013 servandus
2058 1968 2120 2013 ns·

1137 2068 1204 2134 que
1221 2047 1261 2110 ad
1282 2044 1382 2119 Xlll.
1402 2047 1517 2130 diem,
1552 2059 1636 2114 tnnc
1657 2067 1801 2138 vespere
1824 2047 2034 2114 mactandus
2058 2059 2121 2118 est.

1136 2143 1232 2214 Haec
1255 2147 1442 2238 descriptio
1463 2147 1630 2216 convenit
1651 2147 1695 2214 ad
1712 2140 1907 2216 Christum.
1962 2143 2122 2215 Genera-

1136 2246 1217 2314 liter
1249 2270 1359 2336 agnus
1389 2263 1422 2318 et
1447 2247 1649 2338 praesertim
1674 2261 1844 2316 mactatus
1870 2246 2043 2333 significat
2066 2247 2121 2316 vi·

1136 2348 1295 2440 etimarn3
1330 2374 1438 2441 quare
1463 2364 1497 2420 et
1520 2352 1586 2442 ipsi
1607 2346 1784 2420 lsraie‘litae
1805 2349 2051 2437 intelligebant
2074 2351 2123 2418 si-

1135 2447 1293 2538 gnificari
1327 2452 1432 2522 aliam
1467 2455 1645 2546 quandam
1679 2452 1879 2535 victimam,
1921 2474 1983 2540 per
2015 2475 2121 2545 quam

1137 2554 1359 2622 consecuturi
1389 2569 1502 2624 essent
1534 2578 1654 2624 veram
1677 2567 1711 2622 et
1734 2568 1912 2624 aeternam
1936 2553 2122 2633 liberatio·

1137 2677 1236 2738 nem,
1275 2669 1309 2725 et
1331 2679 1407 2724 earn
1429 2655 1607 2728 victimam
1632 2656 1815 2745 oportebat
1840 2677 1913 2724 esse
1937 2655 2121 2744 integram,

1136 2757 1212 2824 sine
1230 2771 1389 2846 peccato,
1415 2758 1626 2840 masculam,
1648 2757 1793 2827 fortem:
1827 2769 1977 2825 sumtam
2001 2780 2041 2824 ex
2065 2781 2121 2824 re-

1136 2857 1234 2947 liquo
1251 2881 1370 2948 grege,
1397 2861 1520 2944 idest,
1555 2884 1595 2929 ex
1617 2859 1750 2951 populo
1776 2857 1892 2928 lsrael.
1948 2853 2121 2948 Oportnit

1138 2959 1246 3048 igitur
1259 2956 1441 3032 Christum
1459 2962 1497 3030 in
1514 2959 1581 3032 hoc
1598 2962 1730 3052 populo
1746 2960 1863 3042 nasci,
1882 2972 1915 3030 et
1932 2983 2006 3028 non
2020 2959 2122 3042 alibi,

1091 3092 1097 3100 ·
1137 3062 1296 3151 oportuit
1320 3086 1401 3132 enm
1422 3064 1461 3131 in
1485 3060 1553 3133 hnc
1571 3064 1704 3154 populo
1728 3061 1948 3154 praedicare,
1974 3074 2007 3130 et
2031 3061 2120 3151 pati:

1135 3163 1218 3230 ideo
1245 3163 1343 3254 prins
1365 3167 1611 3255 segregabatur
1632 3187 1765 3254 agnus,
1802 3179 1842 3234 ut
1866 3162 2121 3253 significaretur

1138 3260 1423 3356 priustristnm
1440 3268 1559 3359 aliquo
1576 3279 1733 3356 tempore
1743 3266 2026 3356 praedicaturum
2034 3285 2118 3336 esse.

1241 3364 1285 3439 ll.
1313 3367 1463 3458 Vespere
1481 3369 1696 3446 mactabunt,
1713 3382 1746 3437 et
1764 3367 1933 3457 sanguine
1951 3389 2121 3456 consper-

1138 3479 1220 3556 gent
1261 3469 1404 3538 limina:
1450 3469 1712 3558 significabatur
1741 3463 1922 3538 Christum
1966 3489 2121 3556 vespere,

1138 3571 1227 3638 circa
1258 3570 1383 3639 mnndi
1418 3571 1522 3638 finem
1555 3583 1743 3640 venturum
1769 3594 1861 3652 esse,
1895 3584 1929 3638 et
1949 3570 2119 3656 sanguine

1137 3671 1212 3739 eins
1226 3675 1525 3762 conspergendam
1543 3668 1755 3757 Ecclesiam,
1789 3673 1826 3740 id
1848 3686 1917 3748 est,
1949 3671 2119 3760 sanguine

1138 3767 1271 3844 Christi
1288 3775 1505 3844 abluendum
1526 3789 1719 3866 peccatum.

1131 3911 1132 3915 ¹
1241 3872 1304 3944 ΙΙΙ.
1337 3874 1469 3946 Carnes
1492 3901 1586 3944 assae
1610 3879 1772 3945 edantur.
1810 3872 2040 3945 Manducatin
2057 3895 2124 3940 no-

1137 3991 1206 4046 stra
1223 3973 1323 4050 loon.
1340 3978 1376 4048 6.
1392 3978 1564 4069 descripta
1583 3991 1644 4050 cst.
1685 3977 1735 4048 Ut
1749 3973 1928 4070 Israii'litae
1945 3988 2122 4043 vescentes

1138 4101 1266 4167 agnum
1285 4081 1554 4158 nutriebantur,
1580 4079 1630 4148 sic
1651 4099 1717 4144 nos
1740 4100 1819 4144 cum
1843 4074 1969 4143 fidncia
1987 4063 2120 4145 Christi
2208 4074 2210 4078 ’

1137 4180 1175 4246 in
1208 4180 1299 4248 veris
1329 4182 1525 4251 terroribus
1548 4179 1734 4270 erigimur,
1767 4175 1939 4246 efficimur
1961 4179 2118 4246 membra

1136 4276 1288 4363 Christi,
1315 4283 1610 4372 vivificamnrper
1633 4301 1730 4350 eum:
1765 4278 1921 4348 ascerrdit
1941 4279 2055 4361 enirn,
2081 4293 2120 4348 ut

1137 4385 1194 4452 det
1213 4386 1305 4452 dono
1323 4379 1551 4466 bominibus,
1585 4399 1618 4454 et
1631 4407 1712 4450 vere
1728 4381 1774 4450 sit
1794 4381 1933 4464 efficax,
1963 4382 2022 4451 det
2039 4379 2121 4471 spi-

1136 4485 1243 4554 ritum
1279 4501 1451 4560 sanctum.
1510 4484 1579 4556 Sed
1610 4485 1840 4554 comedantur
1872 4505 2119 4552 carnesassae:
2171 4479 2176 4486 ’

1137 4609 1210 4654 non
1230 4587 1379 4656 dubium
1396 4602 1447 4658 est
1469 4588 1667 4680 passionem
1692 4585 1881 4674 significari
1904 4585 1977 4674 ipsa
1999 4584 2120 4674 appel-

1137 4688 1268 4758 latione
1285 4689 1366 4779 agni
1383 4702 1416 4759 et
1436 4690 1668 4760 mactationis.
1712 4686 1939 4776 Significatur
1953 4700 2067 4755 aretem
2086 4698 2120 4754 et

1136 4781 1196 4858 hie
1221 4791 1301 4878 agni
1327 4792 1457 4882 passio:
1492 4793 1575 4885 qnia
1592 4787 1755 4860 Christus
1779 4813 1859 4858 vere
1883 4800 2044 4878 expertus
2069 4801 2120 4874 est

1137 4893 1253 4982 ignem
1263 4943 1274 4975 ,
1299 4889 1451 4977 horest,
1477 4894 1648 4962 indicium
1663 4890 1741 4976 Dei,
1754 4892 1897 4961 subiens
1914 4909 2119 4977 poenaspro

1137 4992 1253 5061 nobis.
1303 4992 1372 5063 Sed
1389 4996 1556 5065 usitatum
1580 5011 1628 5063 est
1652 4991 1737 5064 baec
1762 4997 1805 5062 de
1828 4992 1995 5084 qualitate
2018 5013 2132 5058 man--

1137 5094 1344 5164 ducentium
1372 5096 1610 5189 interpretari.
1659 5095 1819 5167 Crudum
1844 5093 1954 5162 edunt
1975 5113 2117 5180 agnum,

1137 5197 1200 5287 qui
1229 5196 1298 5287 ipsi
1329 5197 1504 5268 carnalem
1537 5198 1746 5268 cruditatem
1771 5195 1943 5273 retinent,
1977 5195 2118 5270 scilicet,

1136 5292 1347 5390 Epicuream
1382 5315 1441 5371 ant
1475 5295 1730 5433 hypocriticam
1757 5297 1997 5380 secunaum,
2032 5317 2121 5386 qnae

1575 5401 1620 5468 16
