4580 5814
227 123 302 196 ιιε
605 67 608 76 ’
779 73 784 84 ’
823 107 947 180 anu.
974 101 1091 182 uun.
1119 103 1329 182 sentem
1356 105 1658 186 uxuonuca.
2165 114 2227 192 no

231 291 479 384 indignatione
493 301 527 357 et
543 285 689 356 fremitu
704 284 871 354 adversus
884 279 1013 353 Deum.
1062 279 1221 352 Proinde
1372 278 1469 354 Haec
1485 281 1604 354 omnia
1621 283 1659 352 in
1676 281 1781 356 nobis
1795 282 1899 355 initio
1910 284 2013 355 valde
2022 299 2101 356 suut
2110 285 2227 360 infirma

230 397 387 492 primurn
410 390 617 460 mandatum
643 385 693 458 sic
715 385 903 478 praecipit:
938 381 1074 476 Diligas
1093 381 1220 456 Domi·
1271 397 1305 454 et
1326 383 1514 474 languida,
1538 384 1671 474 agnitio
1695 386 1827 470 nostri,
1854 411 1956 456 verus
1978 387 2079 457 dolor
2093 403 2124 459 et
2137 414 2229 478 pavor

232 523 319 571 num
339 497 461 567 Deum
480 507 582 563 tunm
604 515 645 561 ex
668 502 743 558 toto
767 491 967 559 cordetuo.
1021 485 1108 557 Item
1132 486 1224 557 San·
1272 484 1416 555 intuens
1444 487 1534 556 iram
1558 485 1626 557 Dei
1655 490 1821 558 adversus
1837 503 2034 580 peccatum,
2062 489 2229 572 invocatio,

234 618 311 674 ctu,
332 597 465 670 pmlus
488 590 751 666 airRom.10.:
777 587 895 660 Corde
920 589 1078 660 creditur
1100 591 1143 658 ad
1168 588 1224 657 iu·
1270 589 1377 674 fides,
1404 601 1438 658 ει
1460 591 1642 660 conversio
1662 594 1705 660 ad
1721 588 1857 674 Deum,
1882 613 1943 662 εειι
1966 591 2169 684 poenitentia
2184 595 2231 664 in-

225 695 388 780 'stitiam,
416 721 477 768 ore
500 710 617 766 autem
641 693 813 766 consessio
836 693 875 762 lit
896 693 940 761 ad
964 692 1132 770 salutem,
1159 705 1224 761 etc.
1273 687 1406 760 choans
1423 691 1615 760 novitatem
1630 691 1869 784 spiritualem:
1895 694 1954 762 sed
1970 707 2103 784 oportet
2117 719 2152 764 ea
2168 721 2231 766 ma·

234 801 283 878 Et
298 803 372 876 loel
388 807 426 876 2.
448 799 618 890 scriptum
640 809 709 866 est:
735 793 999 866 Convertimini
1015 795 1061 864 ad
1078 817 1134 862 me
1150 805 1224 862 toto
1273 795 1325 882 gis
1348 792 1530 886 magisque
1550 818 1721 877 crescere,
1746 795 1965 880 confirmari,
1992 797 2106 885 augeri
2123 809 2154 864 ct
2168 821 2232 866 cnr-

235 909 342 978 corde
365 918 500 988 vestro,
526 915 561 971 et
576 899 728 971 scindite
743 900 849 970 corda
868 910 1002 978 vestra,
1029 919 1103 966 non
1120 895 1226 965 vesti-
1272 895 1454 980 roborari,
1467 896 1570 992 ¹sicut
1583 893 1697 966 Marci
1713 897 1748 968 9.
1770 896 1950 988 trepidans
1962 894 2066 968 Pater
2087 899 2171 967 veris
2185 923 2232 988 ge·

111 1011 114 1017 ’
234 1023 352 1080 ιιιειιιε
368 1019 496 1078 vestra.
1274 997 1419 1067 mitibus
1443 1012 1477 1067 et
1492 998 1657 1093 lacrymis
1673 1013 1748 1068 orat
1764 1022 1799 1068 se
1815 1000 2033 1084 confirmari,
2058 1000 2232 1072 clamitans:

337 1123 501 1218 Denique
530 1116 617 1190 haec
644 1117 848 1207 gravissima
879 1113 1041 1186 doctrina
1067 1115 1111 1184 de
1135 1113 1227 1184 veris
1273 1096 1389 1170 Credo
1409 1095 1584 1181 Domine,
1608 1102 1666 1168 sed
1692 1124 1793 1193 opem
1817 1102 1870 1170 let
1891 1102 2123 1172 imbecillllall
2143 1127 2233 1176 meae.

238 1245 272 1301 et
307 1227 517 1298 ardentibus
556 1222 713 1292 motibus
751 1219 889 1304 cordis,
945 1218 1151 1307 improbans
1187 1239 1226 1284 ac
1275 1198 1361 1270 ilem
1379 1199 1417 1273 S·
1433 1195 1566 1271 Paulus
1579 1196 1736 1295 Philipp.
1753 1207 1789 1276 s.
1811 1204 1940 1275 latetur
1961 1227 1998 1275 se
2016 1189 2170 1276 nondum
2184 1231 2234 1296 pe-

237 1337 412 1403 damnans
432 1324 656 1422 hypocrisin,
682 1322 814 1415 ubique
831 1321 869 1390 iu
885 1321 994 1390 verbo
1009 1317 1077 1388 Dei
1094 1342 1227 1410 propo·
1273 1303 1370 1376 ssllUS
1398 1299 1723 1424 cqmprebflndlssffs
1758 1329 1822 1376 ¹¹²⁰
1849 1306 2043 1396 Perfectum
2071 1330 2157 1387 ²⁸⁵0»
2186 1311 2232 1376 sed

236 1435 353 1514 nitur,
380 1446 415 1503 et
429 1430 568 1499 assidue
583 1427 765 1516 repetitur.
1274 1428 1437 1497 persequi
1460 1430 1496 1474 se
1520 1431 1560 1475 ac
1578 1421 1720 1492 sectari,
1744 1420 1784 1478 ut
1801 1422 2037 1501 consequatur
2050 1423 2082 1478 et
2097 1433 2234 1498 compre-

342 1551 413 1622 sed
437 1548 532 1618 ,fleat
556 1545 704 1639 aliqui„
737 1539 796 1614 Ah
818 1543 997 1646 quomodo
1021 1555 1144 1632 potem
1166 1563 1228 1609 cor
1274 1503 1405 1580 hendat
1429 1508 1490 1576 illa
1513 1509 1671 1598 ingentia
1693 1531 1754 1578 seu
1773 1508 1932 1582 coelestia
1950 1512 2064 1594 hona,
2089 1513 2236 1604 quemad·

240 1679 358 1728 meum
396 1664 533 1722 mmm
569 1672 630 1718 ,eu
662 1646 853 1736 reingere?
892 1644 1071 1738 quomod,
1101 1656 1226 1734 potem
1275 1612 1421 1730 modum
1444 1609 1518 1729 ipse
1542 1607 1817 1702 comprehensus
1840 1626 1874 1683 ει
1898 1612 2076 1732 explorate
2097 1613 2235 1729 cognitus

239 1780 365 1830 exuere
387 1769 421 1824 et
441 1752 594 1823 abiicere
619 1762 779 1820 conatam
803 1743 1035 1844 hypocrisin?
1069 1760 1225 1836 optarem
1274 1726 1320 1783 ⁸¹¹
1341 1707 1533 1786 ΝΜΟ·
1576 1711 1761 1784 N⁰⁸D²¹¹⁸
1781 1709 1867 1784 hm
1888 1714 2056 1804 ¹³⁰8U¹d³
2080 1730 2113 1786 el
2135 1729 2234 1784 lembi

240 1859 405 1953 equidem
430 1869 464 1925 e,
485 1849 708 1945 summopere
730 1850 835 1918 ,elim
862 1849 1004 1942 penitus
1027 1848 1150 1916 ardere
1167 1869 1228 1915 cm.
1274 1815 1376 1883 initia
1399 1815 1476 1884 vult
1499 1815 1660 1899 relicere,
1691 1817 1781 1886 sicut
1805 1817 1955 1887 affirmat
1976 1813 2105 1890 Psalm.
2123 1816 2171 1888 8.:
2192 1812 2234 1884 Ειι
2284 1835 2285 1838 ’

238 1985 358 2032 ιιιειιιιι
379 1954 636 2048 fulgentissima
658 1955 736 2024 lucc
759 1953 860 2033 fidei,
895 1965 930 2021 et
949 1949 1115 2020 incendio
1138 1974 1228 2042 quo-

239 2066 321 2134 dam
339 2057 538 2131 dilectionis
555 2077 635 2146 erga
649 2052 777 2126 Deum.

1275 1942 1335 1987 ore
1359 1917 1549 1987 infantium
1571 1931 1605 1986 et
1626 1918 1831 1988 lactentium
1852 1941 1888 1987 se
1911 1919 2033 1987 laudes
2050 1941 2126 1988 suas
2141 1919 2236 2010 perle-

1274 2033 1426 2092 ctorum,
1480 2018 1566 2088 ltem
1576 2017 1709 2090 Paulus
1727 2019 1813 2090 dicit
1827 2043 1999 2113 expresse,
2021 2014 2235 2092 Roman.14.:

1273 2122 1459 2191 Infirmum
1475 2122 1514 2190 in
1531 2121 1599 2190 lide
1614 2122 1778 2192 assumite
1793 2145 1853 2193 seu
1868 2122 2032 2212 recipite,
2057 2120 2147 2212 Deus
2161 2124 2237 2190 enim

1274 2223 1378 2294 illum
1409 2223 1552 2316 recepit.
1611 2222 1716 2309 ltem,
1750 2219 1969 2316 Philippa:
2004 2223 2101 2294 Deus
2121 2223 2236 2314 estqui
2284 2303 2285 2318 χ

1275 2326 1383 2396 eflicit
1404 2327 1442 2395 iu
1466 2325 1583 2410 vobis,
1612 2339 1651 2395 ut
1674 2326 1790 2396 velitis
1806 2342 1841 2397 ct
1856 2340 1895 2397 nt
1910 2327 2113 2418 perficiatis,
2137 2327 2236 2417 utipsi
2284 2387 2285 2394 ,

1275 2441 1372 2518 grata
1389 2428 1488 2501 liant.
2284 2443 2285 2508 j

1377 2527 1481 2599 Hanc
1513 2529 1752 2601 dulcissimam
1785 2531 2065 2604 consolationem
2094 2549 2239 2624 perpetuo
2284 2531 2285 2612 l

1275 2645 1502 2722 mementote,
1529 2644 1564 2702 et
1579 2633 1707 2702 animis
1724 2633 1866 2706 infixam
1883 2635 2122 2706 circumferte:
2145 2659 2239 2728 quan·
2284 2663 2285 2694 ι

1276 2739 1464 2826 docunque
1480 2747 1655 2804 cortuum
1671 2735 1772 2806 affert
1787 2732 1872 2805 haec
1885 2736 2055 2809 salutaria
2071 2738 2166 2809 initia
2179 2738 2239 2829 pie·

1276 2837 1375 2922 tatis,
1401 2860 1463 2906 seu
1483 2836 1570 2906 boni
1592 2838 1784 2929 propositi,
1808 2853 1944 2909 tantum
1964 2855 2005 2911 ut
2022 2842 2124 2922 velit,
2149 2854 2238 2911 etcu-

1276 2941 1349 3033 piat
1375 2939 1544 3030 obsequi,
1580 2955 1614 3010 et
1643 2952 1819 3029 praestare
1846 2965 1948 3011 veros
1974 2938 2128 3014 honores
2154 2955 2240 3034 atque

1277 3043 1392 3112 cultus
1422 3036 1518 3125 Deo,
1549 3062 1589 3110 uc
1620 3042 1818 3113 doctrinam
1849 3045 2034 3116 coelestem
2065 3058 2241 3116 reverenter

1275 3143 1459 3234 amplecti,
1484 3155 1518 3212 ει
1531 3143 1693 3214 assentiri
1708 3145 2005 3237 promissionibus
2023 3147 2171 3232 divinis,
2191 3169 2241 3214 nec

1276 3259 1317 3316 ut
1340 3240 1453 3315 hostis
1467 3245 1538 3316 Dei
1553 3268 1748 3334 repugnare
1762 3243 1838 3317 Deo
1853 3243 2029 3334 trahenti,
2056 3263 2138 3329 tunc
2151 3249 2241 3316 veris-

1276 3347 1364 3416 sime
1387 3345 1483 3418 Deus
1516 3349 1614 3416 adest
1643 3349 1727 3434 tibi,
1760 3372 1802 3417 ac
1826 3349 1901 3439 ipse
1922 3352 1999 3421 vult
2023 3352 2199 3422 efficaciter
2215 3363 2241 3416 te

1277 3449 1503 3530 confirmare,
1531 3473 1670 3540 regere,
1697 3445 1910 3542 provehere,
1935 3466 1977 3523 ut
1991 3455 2184 3546 perficiatur
2196 3451 2241 3518 in-

1278 3548 1403 3621 choata
1427 3552 1466 3620 in
1490 3567 1524 3622 te
1543 3553 1658 3634 salus,
1683 3568 1724 3623 ut
1744 3553 1851 3624 facias
1874 3553 1941 3650 ipsi
1958 3572 2075 3646 grata,
2101 3555 2242 3644 utipsins

1278 3654 1411 3742 agnitio
1435 3671 1469 3722 et
1490 3654 1552 3723 lux
1573 3653 1768 3743 spiritualis
1791 3655 1830 3723 in
1853 3669 1971 3725 mente
1988 3671 2050 3728 tua
2064 3659 2168 3748 magis
2182 3679 2242 3724 ma·

1274 3757 1401 3848 gisque
1419 3758 1648 3842 accendatur,
1682 3771 1813 3830 crescat
1834 3772 1868 3829 et
1890 3774 2070 3849 augeatur.
2120 3757 2185 3828 Nec
2204 3759 2242 3824 ir·
2283 3763 2284 3842 j

1278 3858 1345 3928 rita
1363 3870 1414 3927 εει
1429 3857 1607 3928 invocatio
1624 3859 1773 3947 petentis
1788 3859 1988 3930 confirmari
2006 3876 2041 3931 ει
2057 3860 2172 3951 augeri
2185 3859 2243 3928 ini·

349 3959 394 4032 Et
414 3984 618 4079 quanquam
641 3953 728 4026 haec
750 3956 824 4045 ipsa
850 3952 1001 4044 agnitio,
1027 3956 1123 4025 unde
1144 3956 1232 4026 oriri
1278 3960 1327 4029 tia
1343 3959 1432 4029 lucis
1446 3960 1611 4045 divinae,
1637 3975 1672 4031 et
1684 3960 1872 4050 languidae
1886 3961 1969 4033 fidei
1985 3963 2208 4035 scintillulas
2283 3957 2284 3996 l

246 4055 411 4136 exercitia
431 4059 672 4154 poenitentiae
694 4069 851 4149 oportet,
876 4079 950 4125 non
971 4056 1137 4142 illustris,
1163 4059 1233 4128 ini·
1381 4060 1561 4132 Hactenus
1585 4063 1768 4133 audivistis
1783 4063 1826 4132 de
1843 4065 1961 4154 priore
1977 4089 2098 4149 causa,
2122 4075 2244 4155 propter

246 4168 296 4240 tio
321 4165 543 4258 praesertim,
569 4164 628 4232 sed
649 4159 863 4229 subobscura
889 4172 923 4229 et
944 4159 1230 4249 valdelanguida
1280 4186 1385 4255 quarn
1406 4160 1584 4233 Dominus
1611 4159 1671 4234 hic
1701 4165 1918 4235 mentionem
1942 4168 2027 4237 lacit
2048 4164 2240 4236 discriminis

246 4281 462 4360 est,·tamen
484 4281 535 4336 est
556 4263 757 4336 initium'et
778 4261 956 4352 quoddam
978 4263 1079 4352 quasi
1100 4264 1233 4355 tyroci-
1280 4266 1375 4334 inter
1396 4260 1616 4358 hypocritas,
1643 4279 1677 4337 et
1699 4290 1781 4335 vere
1803 4268 1880 4358 pios
1900 4292 1961 4338 seu
1976 4293 2059 4339 vere
2073 4272 2240 4339 credentes,
2283 4289 2284 4308 ι

246 4372 347 4440 nium
364 4371 409 4438 ad
428 4368 616 4438 salutarem
635 4362 928 4434 emendationem.
981 4360 1075 4450 Quia
1093 4387 1232 4434 necesse
1281 4365 1460 4450 videlicet,
1494 4390 1539 4435 ne
1564 4365 1813 4439 insecuritate
1837 4371 1988 4453 carnali,
2013 4373 2053 4441 in
2077 4366 2241 4465 hypocrisi,

246 4487 298 4542 εει
321 4471 479 4560 singulos
499 4469 644 4549 audire,
669 4465 823 4554 cogitare
844 4487 883 4534 ac
906 4465 1008 4534 firma
1029 4467 1231 4536 assensione
1280 4467 1319 4537 in
1337 4465 1527 4561 Cyclopico
1542 4470 1614 4541 Dei
1635 4483 1833 4554 contemtu,
1864 4485 1897 4540 et
1918 4473 1956 4540 in
1982 4475 2152 4544 simulatis
2168 4473 2240 4540 dun-

245 4572 410 4665 amplecti
438 4572 587 4642 verbum
609 4566 695 4654 Dei,
728 4567 796 4647 sic,
830 4579 871 4638 ut
891 4566 996 4636 simul
1019 4569 1233 4638 accendatur
1281 4565 1374 4642 taxat
1397 4571 1552 4660 gestibus
1574 4596 1722 4663 operum
1746 4586 1969 4644 externorum
1989 4592 2241 4666 perseveremus,

245 4673 425 4745 invocatio
454 4671 660 4763 confugiens
690 4672 734 4739 ad
757 4666 893 4748 Deum,
925 4680 959 4737 ct
986 4681 1109 4758 petens
1130 4669 1231 4738 auxi-
1279 4673 1340 4742 sed
1364 4686 1404 4742 ut
1426 4697 1549 4760 veros,
1574 4688 1609 4744 et
1628 4675 1815 4756 interiores
1839 4676 1958 4748 cultus,
1972 4674 2190 4750 inchoemus:
2211 4695 2242 4738 ac

245 4778 357 4860 lium,
390 4775 520 4855 robur,
548 4774 825 4853 incrementum,
851 4779 994 4860 propter
1015 4769 1126 4840 lilium
1151 4768 1231 4840 Me·
1279 4773 1416 4845 etiamsi
1443 4789 1564 4846 manet
1592 4777 1778 4846 infirmitas
1809 4778 1995 4870 multiplex
2021 4794 2126 4874 atque
2147 4773 2241 4867 pluri·

245 4879 440 4962 diatorem,
473 4873 670 4947 Dominum
700 4888 860 4944 nostrum
892 4867 1007 4938 lesum
1039 4867 1230 4946 Christum.
1279 4900 1377 4946 mum
1400 4878 1695 4968 imperfectionis,
1727 4902 1774 4947 ne
1797 4893 1915 4948 tamen
1938 4883 2047 4951 simus
2072 4881 2167 4962 elati,
2195 4897 2240 4943 su·

245 4977 300 5050 Ita
319 4976 496 5050 Dominus
521 4980 640 5072 inquit
664 4969 795 5046 Matth.
813 4971 862 5044 7.:
897 4969 1009 5041 Petite
1032 4988 1064 5043 et
1088 4976 1231 5046 dabitur
1278 4979 1400 5066 perbi,
1437 4980 1642 5071 praefracti,
1682 4982 1878 5071 pertinaces
1903 4997 2007 5077 atque
2031 4997 2241 5054 contumaces

246 5080 365 5160 vobis,
392 5083 508 5150 omnis
524 5083 585 5174 qui
601 5081 704 5171 petit,
730 5073 867 5164 accipit.
920 5070 1007 5142 ltem
1023 5073 1229 5151 Lucae11.:
1277 5075 1495 5179 hypocritae.

244 5181 387 5274 Quanto
410 5185 519 5272 magis
536 5181 640 5251 Pater
665 5177 823 5248 coelestis
843 5175 940 5247 dabit
958 5174 1131 5268 Spiritum
1149 5203 1230 5250 san·
1285 5225 1289 5232 -
1379 5180 1559 5252 Posterior
1574 5207 1675 5254 causa
1692 5185 1872 5270 concionis
1887 5182 1995 5258 buius
2010 5186 2139 5256 adiecta
2154 5177 2241 5251 aDo·

241 5299 336 5360 ctum
353 5285 565 5377 petentibus.
1277 5284 1375 5354 mino
1400 5285 1491 5356 circa
1513 5285 1619 5356 finem
1635 5287 1778 5380 capitis,
1804 5303 1874 5374 est,
1898 5305 1937 5360 ut
1954 5287 2240 5362 commonebimus

342 2194 460 2264 Huius
494 2190 714 2285 'quaestionis
747 2205 782 2261 et
807 2187 1016 2258 obiectionis
1043 2185 1227 2278 explicatio

240 2296 436 2370 necessaria
462 2307 524 2366 est.
574 2289 719 2362 Etenim
742 2293 825 2384 quia
848 2312 953 2360 nemo
978 2284 1165 2359 huminum
1189 2288 1228 2356 in

240 2399 309 2472 hac
322 2397 467 2470 mortali
481 2395 554 2466 vita
568 2407 670 2468 vacat
686 2391 885 2488 hypocrisi,
912 2405 947 2462 et
961 2390 1091 2480 singuli
1108 2413 1228 2460 sumus

240 2503 375 2573 infirmi
395 2525 436 2570 ac
455 2495 654 2582 immundi,
678 2519 744 2566 nec
767 2493 939 2565 sentimus
954 2493 1038 2562 satis
1055 2516 1151 2562 acres
1167 2517 1228 2582 pa-

242 2627 363 2684 vores,
397 2601 481 2672 satis
512 2599 678 2670 excitatos
701 2612 736 2668 et
757 2600 921 2667 ardentes
941 2606 1059 2664 motus
1078 2595 1229 2680 timoris,

242 2707 347 2790 fidei,
375 2703 592 2784 dilectionis,
619 2700 714 2793 spei,
740 2699 892 2769 laetitiae
915 2697 953 2765 in
969 2693 1068 2782 Deo,
1094 2711 1133 2767 ut
1149 2720 1228 2766 sen-

242 2811 309 2880 tire
332 2807 546 2877 debebamus
560 2818 594 2874 et
610 2815 828 2895 optaremus:
855 2812 946 2869 certe
961 2799 1155 2891 plurimum
1172 2824 1230 2869 re·

242 2914 340 2996 lert,¹
359 2911 431 2984 imo
462 2928 602 2976 necesse
630 2918 701 2990 est,
735 2903 853 2974 doceri
876 2925 956 2985 nos,
988 2925 1057 2994 qua
1080 2903 1229 2982 ratione,

243 3038 315 3108 quo
337 3011 481 3090 ordine,
518 3009 647 3102 quibus
669 3007 836 3096 gradibus
859 3019 893 3076 et
916 3003 1145 3073 incrementis
1168 3007 1230 3074 de-

242 3117 390 3186 beamus
419 3111 609 3203 prolicere,
643 3124 797 3179 correcta
823 3120 857 3177 et
879 3108 1083 3193 emendata,
1116 3130 1230 3199 quan-

244 3232 320 3288 tum
343 3215 419 3284 lieri
440 3225 573 3306 potest,
600 3212 768 3284 interiore
786 3209 968 3300 pravitate.
1018 3206 1166 3278 Necesse
1180 3221 1230 3280 est

244 3333 361 3388 alitem
391 3328 590 3406 expetentes
611 3315 807 3384 salutarem
832 3310 1134 3392 emendationem,
1169 3334 1230 3380 seu

210 3409 221 3423 ’
245 3422 403 3489 volentes
425 3418 610 3508 proficere,
636 3417 791 3510 primum
815 3434 1023 3503 agnoscere,
1046 3414 1142 3504 quod
1164 3407 1231 3508 hy·

245 3521 393 3614 pocrisis
416 3520 513 3590 triste
536 3519 582 3590 sit
605 3531 805 3610 peccatum,
838 3539 878 3584 ac
901 3510 977 3583 Deo
1001 3537 1082 3583 vere
1105 3514 1231 3606 displi-

246 3647 347 3705 cens,
378 3623 546 3714 quodque
574 3622 665 3692 serio
687 3619 783 3692 Deus
813 3618 983 3686 irascatur
1013 3616 1172 3687 caecitati
1198 3629 1232 3686 et

244 3729 373 3816 ignavo
397 3724 521 3812 frigori
541 3737 744 3794 nostrorum
760 3720 939 3800 cordium,
965 3718 1114 3788 velutin
1133 3733 1230 3790 tene-

245 3829 335 3910 bris,
361 3828 538 3897 ruentium
557 3841 589 3895 et
604 3845 808 3895 aversorum
826 3819 976 3910 abipso.
