4714 5826
68 201 130 275 ιιι
643 195 765 267 ran.
792 189 907 268 uun.
934 184 1145 306 murana
1172 178 1471 272 arnesriet,
1644 149 1645 154 ‘
1993 166 2064 240 ιιι
2151 173 2154 180 ’

65 373 269 467 proverbium
293 393 374 442 cum
395 369 534 440 usitatis
556 368 676 438 dictis:
701 359 782 461 ἡδὲ
796 359 892 458 κακὴ
907 359 1027 456 βούλῃ
1180 361 1268 434 ltem
1308 349 1559 446 Epicharmus:
1599 349 1677 419 τῶν
1713 336 1840 416 πόνων
1873 340 2062 462 aalaidis:

65 480 107 572 τῷ
119 466 358 570 βουλεύσαντι
373 466 542 564 κακίστη.
598 468 702 540 ltem:
1078 458 1313 558 πάνταὴμῖν
1336 447 1586 558 apostatat.
1640 445 1848 519 Ηιιίοιιιιιι
1866 443 1995 534 prisea
2015 432 2057 509 de

133 586 243 672 τεύχων
264 582 307 662 ὦς
328 585 422 672 ἑτέρῳ
445 590 493 664 ci,
524 581 568 672 ἑῷ
588 581 686 648 κακὸν
707 581 803 662 ἥπατι
825 579 937 664 τεύχει.
1077 594 1117 640 τε
1134 566 1244 666 ἔργον
1259 557 1417 672 ὀφέλλει.
1584 655 1592 672 ⁸
1701 651 1709 667 .
1757 648 1766 665 ⁸
1900 647 1909 664 ·

1181 667 1236 740 Sit
1265 679 1381 738 autern
1408 659 1559 750 diligens
1583 665 1793 723 intentiosa
1819 647 1931 716 officia
1955 666 2057 714 voca-

103 790 174 889 Qui
187 789 300 865 diruit
314 817 450 890 sepem,
476 787 654 862 mordebit
671 815 750 860 aum
769 785 923 862 coluber,
1076 773 1205 852 tionis,
1232 783 1267 841 ct
1287 769 1327 836 in
1347 787 1403 834 res
1425 757 1655 838 necessarias,
1684 775 1757 820 non
1779 749 1824 867 sit
1842 752 2056 865 aoivapuy-

323 885 331 902 ⁵
1075 866 1240 966 μοσύνη,
1274 869 1369 938 varia
1399 876 1539 937 tentans
1565 873 1659 928 extra
1693 865 1932 933 vocationem,
1967 857 2057 916 sicut

146 942 238 1014 Hm
257 945 443 1036 peculim
468 967 579 1036 Ρ08ῃὸ
598 957 648 1014 ‘⁸²
667 967 788 1012 mum
805 941 869 1034 ‘lui
884 937 1026 1031 Βρεμι·
1076 977 1220 1047 inutiles
1235 993 1337 1043 canes
1351 964 1500 1038 venatici
1516 985 1590 1031 non
1606 968 1801 1050 sequuntur
1814 964 1920 1021 unam
1937 951 2057 1029 leram,

64 1046 154 1116 blicas
182 1060 337 1128 mutant,
361 1046 434 1113 sive
459 1040 823 1143 πολυπραγμοσύνῃ,
850 1043 923 1110 sive
946 1040 1024 1111 aliis
1075 1081 1134 1150 ⁸ed
1166 1074 1317 1146 subinde
1348 1080 1556 1141 ,vertuntur
1584 1064 1626 1130 ad
1652 1057 1730 1126 alia,
1790 1047 1838 1122 Et
1859 1066 1981 1120 notram
2005 1061 2057 1117 est

63 1147 464 1239 ⁶³⁰⁵i³¹¹⁰¹¹pr⁰b³¹¹di⁵·
513 1143 1024 1238 p¹⁰¹¹¹¹¹q⁰⁰Petulaniiafflffi
1074 1181 1208 1250 dictum
1226 1177 1394 1247 Senecae:
1421 1165 1621 1242 Necessaria
1636 1161 1857 1250 ignoramus,
1883 1153 1966 1246 quia
1983 1174 2055 1220 non

64 1271 125 1316 rum
148 1249 321 1340 ipsorum,
353 1249 484 1341 quibus
509 1250 715 1318 laxaverunt
736 1249 875 1329 lrcnos,
900 1245 1023 1342 oppri-

64 1366 188 1418 muntur
215 1363 249 1418 et
278 1351 344 1441 ipsi
376 1351 501 1430 duces,
535 1350 624 1420 sicut
648 1345 779 1418 Iulium
805 1343 1023 1416 interficiunt
1930 1421 1937 1439 ‚

65 1451 106 1517 sui
131 1451 402 1534 commilitones,
437 1466 472 1521 et
501 1475 602 1540 saepe
630 1449 757 1520 accidit
781 1449 869 1518 illud
894 1449 1021 1538 ipsum,
1075 1534 1078 1538 ¹
1124 1443 1390 1521 Calumniator
1418 1435 1557 1512 similis
1585 1443 1635 1506 est
1663 1424 1837 1526 serpenti,
1870 1449 1934 1521 qur
1959 1417 2054 1492 clam
2154 1443 2157 1454 ¹

65 1553 141 1642 quod
169 1553 209 1620 de
233 1549 327 1622 lulio
350 1553 623 1644 pronunciatum
647 1565 712 1620 est:
745 1549 843 1620 Men'
859 1572 1023 1634 servasse,
1175 1545 1324 1620 mordet.

64 1665 214 1722 utessent
236 1655 587 1746 qtrinreperdercut.
640 1651 820 1742 Significat
837 1666 953 1721 autem
968 1675 1022 1720 se·
1174 1683 1349 1776 congruit
1386 1703 1465 1750 cum
1502 1676 1596 1746 dicu,
1631 1665 1823 1760 superiori,
1870 1655 2055 1730 calumnia

65 1777 110 1842 9²⁵
135 1755 288 1844 P⁰li¹i³m
320 1757 545 1824 medimnis
571 1755 808 1824 ffuminum·
873 1749 1021 1823 C⁰¹¹¹bfi
1074 1791 1262 1859 conturbat
1285 1787 1498 1876 sapientem,
1524 1791 1559 1846 et
1582 1784 1683 1844 necat
1704 1770 1815 1838 robur
1838 1757 2055 1832 cordiseius.

65 1867 144 1940 suat,
174 1857 231 1950 qui
257 1857 400 1927 licentia
423 1858 622 1930 abutuntur
642 1856 758 1926 alieno
782 1854 901 1924 labore
925 1867 1022 1946 parta
1074 1887 1140 1961 Est
1161 1891 1309 1960 omnino
1330 1908 1430 1955 swa
1448 1881 1553 1974 posu,
1570 1871 1765 1952 calumnia,
1791 1880 1824 1936 et
1842 1867 1898 1932 f„
1913 1875 1964 1930 ρει
1980 1882 2055 1925 ma.

63 1955 206 2031 libemie·
739 2062 745 2072 ,
1074 2012 1222 2081 guarum
1250 1987 1530 2062 dissensionum,
1561 1979 1657 2046 uude
1687 1985 1805 2065 postea
1833 1961 2057 2034 confusiones

162 2157 168 2175 .
231 2151 235 2161 2
453 2159 460 2175 .
653 2160 659 2176 .
871 2158 879 2176 ,
1074 2094 1305 2182 religionum,
1337 2087 1431 2157 bella
1454 2097 1489 2153 et
1518 2079 1696 2148 vastitates
1723 2071 1899 2188 oriuntur.
1970 2057 2093 2178 Ideo
2155 2159 2158 2164 Ι

102 2153 166 2254 Qm
181 2158 361 2259 transferi
377 2156 540 2257 'aludis'
568 2159 764 2260 “sstfflm
779 2157 827 2228 ab
844 2183 906 2228 Μ·
1074 2207 1108 2264 ct
1130 2194 1168 2262 in
1184 2191 1310 2287 Moyse
1332 2199 1555 2281 praeceptum
1580 2193 1647 2249 est:
1674 2175 1755 2244 Non
1779 2195 1826 2239 scs
1848 2185 1991 2236 sarsurro
2014 2184 2053 2227 ιιι

144 2313 267 2402 Figura
286 2314 462 2384 sermonis
475 2315 602 2383 usitata
618 2327 684 2384 est:
713 2311 1022 2404 Transferrelapi-
1074 2296 1219 2388 u⁰t³¹11⁰·
1272 2292 1324 2362 1¹²
1342 2285 1532 2360 hiemum
1547 2279 1616 2351 h⁰⁰
1634 2273 2053 2369 8²¹¹¹¹⁸⁶³¹¹¹ffl¹¹¹³¹⁰fflm

67 2416 126 2497 des,
154 2439 213 2506 pro
244 2441 309 2500 eo,
341 2417 435 2506 quod
468 2428 520 2484 est
544 2430 680 2485 mutare
703 2416 796 2503 leges
817 2430 852 2485 et
870 2415 1020 2484 formam
1073 2400 1400 2470 02⁰blf⁰⁶l³i⁰fflm
1418 2401 1565 2461 immi·

66 2511 281 2604 Reipublicae.
342 2516 518 2604 Congruit
541 2539 620 2584 cum
647 2517 821 2586 sententia
845 2519 1021 2606 proxima:
1552 2513 1555 2518 ’

67 2613 182 2686 liutans
198 2620 350 2689 sormam
368 2615 623 2707 Reipublicae,
650 2618 868 2687 exercebitur
885 2617 1022 2707 magnis

67 2719 211 2804 periculis,
232 2720 312 2788 sive
324 2732 437 2789 mutet
447 2719 632 2805 divinitus,
657 2719 731 2788 sive
741 2713 896 2787 bumana
908 2724 1022 2791 πολυ-
1599 2789 1608 2806 ,

66 2813 284 2916 πραγμοσύνῃ
307 2843 368 2890 seu
393 2820 605 2904 ambitione,
637 2822 697 2890 sed
720 2833 804 2890 tunc
826 2821 938 2890 exitus
960 2822 1021 2889 de-
1073 2804 1190 2873 ⁸l⁰llis
1213 2802 1276 2895 qui
1300 2795 1431 2868 habent
1455 2806 1752 2912 persuasionem-s
1928 2873 1965 2942 'l‘
2033 2871 2055 2938 d

67 2920 182 2990 teriores
205 2936 306 3008 sunt,
346 2934 387 2992 ut
416 2919 541 3006 Bruti,
581 2918 710 3006 Cassii,
752 2919 915 2994 Antonii.
973 2920 1022 2992 Et
1073 2918 1190 2974 i³¹¹¹⁰¹¹
1222 2902 1417 2992 diSil'ifflia
1449 2918 1531 2990 ‘1⁰¹³
1560 2913 1634 2960 ¹¹⁰⁰
1662 2888 2028 2972 d¹‘'5⁰m⁰⁰⁰⁸¹¹³³

67 3041 174 3111 semper
200 3025 243 3094 sit
275 3024 315 3092 in
338 3037 525 3114 conspectu
548 3021 696 3092 Pindari
718 3024 869 3092 dictum:
905 3021 1023 3094 Facile
1073 3031 1190 3077 verim
1217 3029 1397 3084 ”Orfflims
1428 3001 1488 3069 'ed
1511 2997 1555 3064 “d
1578 3012 1660 3062 ⁸⁰⁰⁸
1682 2987 1737 3106 Vi}
1761 2985 1912 3054 “limum
1934 2995 2056 3046 ⁸⁰²⁰⁰⁵

68 3133 104 3189 est
122 3147 248 3195 movere
275 3125 473 3210 civitatem,
499 3127 559 3195 sed
584 3148 707 3196 rursus
729 3125 768 3192 in
787 3125 1020 3218 tranquillum
1073 3109 1247 3192 adiectus,
1282 3106 1373 3174 sicut
1395 3097 1608 3172 Mardonius
1629 3089 1740 3162 Xerxi
1763 3085 1897 3155 bellurn
1921 3076 2056 3156 suadet,

67 3223 177 3307 sistere,
199 3224 405 3296 soliusDei.
452 3283 456 3292 ,
1072 3211 1128 3286 uel
1150 3210 1240 3280 sicut
1257 3195 1446 3297 Pompeius
1471 3197 1596 3270 habuit
1619 3193 1852 3280 instigatores.
1904 3179 1981 3250 llos
2005 3177 2055 3246 ait
2099 3253 2101 3263 Ι

1073 3312 1255 3401 ignorare,
1281 3308 1367 3402 quid
1390 3311 1490 3374 ant'ea
1513 3296 1695 3378 acciderit,
1720 3295 1756 3361 id
1784 3303 1852 3372 est,
1877 3285 1964 3355 tales
1981 3301 2053 3347 non

1072 3427 1197 3484 curant
1217 3411 1374 3500 exempla
1398 3407 1578 3498 priorum,
1603 3397 1663 3490 qui
1688 3393 1803 3463 stultis
1822 3385 1980 3458 consiliis
1996 3393 2056 3452 aut

1073 3515 1268 3607 peruiciosa
1297 3509 1456 3581 doctrina
1490 3529 1526 3574 se
1559 3516 1593 3570 et
1623 3499 1711 3567 alios
1731 3498 1954 3570 everterunt,
1989 3504 2054 3551 nec

1072 3615 1292 3708 prospiciunt
1308 3624 1473 3681 venturas
1486 3625 1628 3699 poenas.

1074 1280 1269 1351 necessaria
1285 1275 1465 1346 discimus.

1126 2561 1172 2640 V
1167 2564 1254 2636 ersa
1272 2564 1347 2634 oris
1363 2555 1543 2657 sapientis
1559 2549 1702 2649 gratia.

1099 2711 1102 2720 '
1174 2698 1353 2770 Discernit
1373 2696 1547 2786 sapientes
1568 2682 1789 2757 consiliarios
1810 2689 1844 2745 et
1861 2676 2054 2743 doctoresa

1754 2776 1948 2871 apientiae,
1975 2791 2054 2840 cum
2137 2773 2145 2784 '

143 3357 265 3451 ligura
305 3384 456 3453 sequens
488 3362 688 3451 generalior
715 3375 781 3434 est:
823 3359 897 3450 Qui
928 3375 1022 3432 secat

67 3456 154 3546 ligna,
178 3463 424 3532 vulnerabitur
447 3464 492 3532 ab
515 3463 576 3532 eis.
632 3461 704 3552 Qui
727 3464 857 3533 format
877 3487 938 3532 seu
955 3467 1021 3533 do-

69 3557 101 3628 lat
112 3565 193 3632 varia
208 3565 352 3654 ingenia
369 3564 490 3654 populi
507 3565 562 3633 vel
578 3564 855 3654 discipulorum,
881 3579 922 3636 ut
935 3589 1021 3634 con-

68 3659 229 3734 donatores
259 3679 295 3736 et
323 3661 502 3750 doctores,
538 3667 734 3759 plerunque
767 3667 974 3736 vulneratur
1000 3691 1019 3736 a

68 3761 360 3841 ⁵⁰i⁸²¹¹di¹⁰fib⁰⁸0
1121 3747 1255 3855 tiator
1276 3777 1474 3854 stultorum
1498 3749 1643 3875 affligit
1668 3791 1744 3848 eos,
1778 3759 1868 3862 qtts'a
1892 3754 2054 3826 nescium

111 3891 114 3896 ’
1173 3885 1271 3956 riam
1288 3879 1344 3954 ad
1359 3877 1494 3953 urbem.

1174 4023 1215 4096 ld
1238 4039 1307 4095 est:
1337 4021 1392 4092 llli
1416 4039 1577 4112 perverse
1596 4011 1772 4103 sapientes
1793 4001 1904 4072 multa
1926 3997 2056 4113 frustra

1070 4128 1292 4210 moliuntur,
1318 4125 1428 4194 multa
1452 4130 1627 4189 canantur
1648 4113 1859 4185 reformare,
1884 4096 2004 4186 elath!
2021 4107 2055 4160 el

865 4271 868 4282 ·
959 4293 966 4310 ,
1071 4230 1150 4298 aliis
1179 4240 1360 4298 accersunt
1388 4223 1519 4294 multos
1544 4219 1803 4293 tristes-casus,
1836 4226 1900 4272 nee
1920 4208 2054 4267 norunt

28 4389 29 4394 ,
139 4320 365 4416 Praeceptum
409 4336 461 4393 est
504 4324 547 4392 de
586 4324 769 4414 diligentia
807 4329 844 4396 in
883 4333 1017 4419 agendo
1069 4326 1256 4400 hominurn
1279 4351 1419 4407 sensus,
1452 4347 1517 4394 nec
1541 4319 1765 4390 considerant
1787 4314 1963 4423 momenta
1988 4319 2051 4366 ae·

68 4431 89 4483 ‘l
114 4423 143 4490 in
176 4425 393 4515 perferendis
431 4425 554 4494 multis
589 4427 880 4517 difficultatibus,
930 4433 1017 4502 sicut
1069 4432 1272 4520 gociorum,
1319 4454 1383 4498 nec
1421 4427 1542 4494 vident
1574 4421 1659 4515 quid
1692 4433 1832 4483 necesse
1865 4419 2053 4521 satagere·
2093 4489 2097 4496 Α

70 4519 181 4594 dicitur:
225 4519 436 4620 παθήματα
465 4520 690 4620 μαθήματα.
758 4528 872 4604 Tassat
901 4545 1016 4603 autem
1048 4531 1165 4602 'Haec
1186 4526 1471 4623 comprehendit,
1497 4549 1575 4594 cum
1600 4526 1665 4593 ait:
1693 4492 2055 4589 Nesctoatoramod
2148 4577 2152 4592 ι

69 4617 180 4700 itnavos
213 4630 250 4698 in
289 4652 501 4721 quacunque
539 4629 745 4714 vocatione,
791 4645 826 4702 et
864 4634 1017 4726 postulat
1070 4636 1214 4722 arbem,
1243 4657 1305 4703 seo
1337 4627 1393 4702 ad
1414 4625 1563 4710 aulam,
1594 4626 1682 4693 sicut
1703 4613 1921 4690 describitur
1935 4617 2054 4723 pastpr

69 4721 273 4814 vigilantiam,
313 4753 453 4812 curam,
489 4731 646 4798 laborem
676 4746 710 4801 et
738 4736 864 4802 seriam
898 4735 1016 4806 iuten-
1070 4737 1126 4806 cui
1150 4761 1271 4805 recens
1294 4738 1332 4804 in
1354 4731 1572 4804 aulaluerat
1594 4722 1775 4816 speculum
1797 4719 1987 4791 donatum,
2014 4729 2054 4772 ru

68 4819 186 4912 tionem,
219 4834 309 4901 sicut
339 4831 377 4899 in
408 4831 528 4899 maritis
560 4832 638 4899 aliis
667 4834 770 4904 dictis
793 4838 1016 4932 praecipitur.
1068 4864 1162 4932 quo,
1199 4863 1279 4906 cum
1312 4863 1348 4906 se
1380 4832 1647 4922 contemplatus
1668 4835 1774 4903 essct,
1815 4811 2049 4923 admiratione

30 4947 31 4982 a
70 4919 199 5000 Christus
221 4933 396 5025 vituperat
418 4955 558 5001 servum
582 4935 767 5022 ignavum,
793 4939 854 5030 qui
877 4963 940 5008 suo
963 4956 1017 5009 aa·
1068 4942 1201 5009 formae
1227 4941 1442 5009 sacrefactas
1467 4949 1518 5004 est
1543 4927 1774 5014 insolentior,
1808 4935 1841 4989 et
1866 4928 1982 5006 postea
2009 4933 2048 4976 ιιι
2085 4938 2087 4944 ’

31 5021 32 5042 ’
70 5020 138 5095 lento
161 5029 251 5102 nihil
276 5035 431 5104 lucratus
453 5049 542 5105 erat:
579 5049 611 5104 ct
633 5037 765 5107 multae
787 5054 869 5111 saint
893 5044 1015 5111 admo·
1068 5063 1198 5135 poenas
1227 5037 1371 5126 incidit,
1405 5043 1448 5109 de
1479 5059 1550 5129 quo
1572 5030 1659 5103 dicit
1680 5025 1887 5098 Franciscus
1908 5015 2045 5084 Petrar·

31 5189 33 5230 R
71 5126 190 5206 uiatores
211 5139 257 5205 de
280 5136 460 5225 diligentia
484 5137 521 5204 in
546 5136 713 5207 omuibus
735 5143 892 5234 scriptis,
919 5145 1014 5215 iuxta
1066 5138 1151 5212 cha:

31 5253 34 5336 l
71 5221 149 5300 mud‘
1151 5265 1311 5323 Aeternum
1334 5268 1431 5342 gemat
1452 5261 1503 5320 ille
1525 5261 1629 5332 miser,
1657 5253 1818 5336 pastoribus
1839 5243 1927 5304 aulae

33 5351 34 5390 t
153 5351 198 5408 Nil
219 5354 274 5412 nisi
295 5371 399 5433 magno
420 5357 479 5415 rita
500 5357 600 5416 labore
621 5358 703 5418 dedit
725 5361 903 5421 mortalibus.
1151 5366 1209 5432 Qut
1229 5363 1340 5444 prbnui
1361 5363 1438 5421 mala
1460 5361 1538 5419 dona
1559 5359 1652 5418 dedit.

101 3961 187 4037 Sicut
200 3967 350 4068 serrum
372 3959 578 4036 hebetatum
603 3992 676 4037 non
700 3968 777 4041 nisi
799 3995 937 4066 magno
960 3969 1018 4043 lo-

140 4067 219 4138 bore
245 4093 374 4140 rursus
400 4071 565 4154 acuitur,
599 4070 651 4138 ita
673 4095 835 4167 magnae
859 4071 1019 4170 diligen-

140 4171 207 4242 tiae
222 4195 338 4241 comes
353 4179 404 4240 est
419 4166 619 4267 sapientia.
