4590 5808
63 161 128 241 ΟΜ
269 153 376 234 .Χ11.
427 148 822 230 ANNOTATIONES
847 147 916 224 ΕΤ
941 145 1224 225 CONCIONES
1261 146 1311 220 ln
1343 141 1524 222 EVANG.
1548 141 1831 224 MATTHAEI.
2001 143 2079 220 654
2163 159 2167 166 '

61 332 205 416 morbos,
231 343 264 400 et
278 328 363 400 alias
378 327 577 420 corporales
592 339 654 396 aut
668 323 882 416 temporales
894 344 1036 416 poenas,
1085 337 1119 394 et
1134 321 1282 415 eripiam
1297 335 1349 404 te,
1371 333 1405 390 et
1419 317 1630 410 glorificabis
1645 342 1721 401 me,
1745 332 1874 390 statues
1890 330 1926 389 et
1939 305 2075 388 fatebess

61 433 201 504 simodo
218 432 321 504 fidem
339 428 638 501 reconciliationis
653 441 687 497 et
700 449 798 518 spem
816 427 908 497 vitae
923 437 1036 495 aeter·
1085 426 1134 494 ris
1149 426 1192 493 de
1207 422 1403 516 praesentia
1415 420 1492 506 Dei,
1519 421 1616 514 quod
1631 443 1707 490 non
1723 421 1835 490 absim
1854 420 2012 514 procula
2030 435 2077 504 te,

61 559 118 605 nae
133 534 355 604 retineamus.
1085 529 1146 598 sed
1162 527 1259 620 quod
1276 541 1440 618 praesens
1455 524 1659 608 exaudiam,
1685 522 1879 593 custodiam
1902 536 1937 593 ct
1957 535 2077 614 prote-

149 634 214 706 Est
228 630 334 724 igitur
348 629 433 703 baec
449 632 605 724 primum
620 653 758 702 summa
783 643 818 700 et
839 627 1037 699 efficacissi-
1085 652 1163 720 gam
1180 642 1235 714 te,
1259 651 1324 698 nec
1343 628 1409 696 sirn
1431 627 1564 697 otiosus
1585 647 1649 694 nec
1672 624 1821 713 ignavus
1837 621 1952 708 Deus,
1982 619 2076 694 nihil

59 761 106 806 ma
123 737 334 816 consolatio,
361 759 403 805 ac
417 735 605 826 praecipua.
629 733 792 804 doctrina
815 734 860 802 de
882 731 1037 824 promis·
1085 752 1208 820 agens,
1239 753 1315 800 non
1331 729 1468 811 efficax,
1500 751 1565 797 nec
1590 727 1780 812 adiuvans,
1814 729 1874 797 sed
1897 726 1993 820 quod
2016 750 2078 795 ve-

58 838 148 908 sione
162 852 324 922 aeterna,
350 861 456 930 quam
473 837 751 906 consolationem
767 858 907 927 semper
928 856 1036 922 opor·
1086 835 1148 902 lim
1167 834 1267 903 vobis
1282 830 1453 922 opitulari
1474 831 1512 898 in
1535 825 1601 898 hac
1617 829 1708 912 vita,
1733 840 1768 899 et
1785 843 1903 920 postea
1921 829 2004 898 dare
2021 826 2078 897 vi-

58 954 102 1012 tet
121 962 194 1010 esse
211 939 452 1034 praecipuam,
484 939 558 1008 sive
580 939 742 1008 fruamur
766 936 1037 1030 tranquillitate,
1086 949 1158 1004 tam
1174 949 1351 1007 aeternam
1367 955 1430 1024 per
1452 944 1486 1002 et
1511 942 1656 1024 propter
1677 928 1790 1000 lilium
1807 927 2006 1001 Dominum
2023 927 2079 1000 le-

58 1043 122 1110 sive
137 1065 364 1113 exerceamur
376 1053 410 1110 et
425 1040 668 1132 opprimamur
681 1039 859 1109 aerumnis
879 1035 1036 1109 humano
1085 1060 1164 1108 sum
1182 1032 1377 1106 Christum.

58 1144 196 1213 consilio
225 1141 549 1226 inextricabilibus,
581 1141 620 1210 in
644 1136 710 1210 hae
733 1138 823 1226 vita,
856 1152 895 1210 ut
920 1135 1037 1208 David
1187 1135 1269 1208 Huc
1283 1133 1435 1207 addatur
1454 1133 1560 1203 etiam
1577 1133 1684 1224 digna
1705 1133 1990 1204 consideratione
2012 1135 2079 1203 do-

58 1267 269 1315 ercussusex
289 1267 420 1333 regno,
445 1256 480 1314 et
495 1257 619 1312 exutus
641 1243 808 1312 universa
827 1241 938 1332 gloria
961 1263 1035 1324 sua,
1085 1242 1199 1310 ctrina
1216 1241 1261 1310 de
1276 1252 1431 1332 quatuor
1452 1235 1566 1306 causis
1590 1235 1806 1326 gravissimis
1822 1250 1856 1306 et
1869 1235 2079 1328 praecipuis,
2170 1261 2173 1266 ·

57 1358 163 1416 tamen
178 1346 353 1416 retinebat
370 1359 550 1416 aeternam
568 1344 866 1423 consolationem,
899 1357 1038 1413 susten·
1086 1356 1231 1435 propter
1252 1363 1339 1434 quas
1355 1334 1533 1411 Ecclesiae
1548 1337 1700 1411 traditae
1723 1349 1807 1407 sunt
1827 1338 2080 1430 promissiones

57 1459 126 1517 tans
140 1471 176 1518 se
190 1447 427 1538 promissione
441 1445 590 1536 gratiae,
618 1445 754 1514 etiamsi
771 1469 847 1514 non
864 1447 1038 1514 reducen—
1086 1444 1251 1522 debonis
1267 1441 1522 1534 corporalibus.

57 1549 115 1618 dus
126 1548 250 1619 fuisset
264 1549 304 1617 in
318 1549 485 1618 amissum
503 1547 685 1644 corporale
701 1568 862 1636 regnum.
917 1541 963 1615 Et
972 1543 1037 1614 lob
1189 1545 1309 1616 Prima
1325 1557 1394 1629 est,
1420 1539 1517 1614 Deus
1530 1542 1608 1614 vult
1622 1563 1688 1612 nos
1703 1541 1793 1611 scire
1808 1555 1842 1612 et
1856 1547 2015 1626 credere,
2041 1565 2077 1612 se

56 1649 178 1742 inquit:
206 1645 359 1720 Etiamsi
374 1650 510 1719 occidet
526 1671 593 1728 me,
613 1649 760 1739 sperabo
777 1649 816 1716 in
831 1670 925 1718 eum.
961 1645 1037 1715 lmo
1088 1671 1170 1716 vere
1194 1649 1436 1731 conditorem,
1463 1657 1642 1729 autorem,
1665 1644 1845 1730 datorem,
1878 1661 1911 1719 et
1935 1669 2079 1716 consec.

57 1773 183 1821 necesse
209 1752 324 1823 estin
345 1752 476 1841 teipso
497 1745 590 1818 hano
605 1749 730 1833 fidem,
757 1771 874 1840 spem,
902 1748 1038 1840 patien-
1088 1764 1243 1820 vaterem
1259 1773 1333 1819 esse
1352 1742 1481 1820 horum
1499 1746 1772 1831 beneficiorum,
1796 1746 1980 1842 ipsamque
1999 1771 2079 1818 cor·

59 1853 150 1936 tiam,
175 1853 283 1937 item,
309 1851 609 1932 consolationem,
635 1851 771 1935 lucem,
806 1849 979 1921 iustitiam
1004 1863 1040 1922 et
1088 1852 1245 1941 potalem
1264 1852 1425 1922 vitamet
1446 1850 1566 1919 omnia
1591 1849 1687 1932 bona
1712 1860 1873 1936 externa,
1904 1873 1966 1920 seu
1988 1864 2079 1921 tem-

58 1953 151 2024 ritam
166 1968 349 2026 aeternam
363 1949 544 2037 inchoari,
570 1953 715 2022 accendi
730 1965 763 2023 et
780 1951 982 2022 confirmari
999 1951 1038 2019 in
1088 1953 1245 2043 poralia,
1271 1977 1354 2023 vere
1377 1967 1450 2020 esse
1472 1975 1579 2042 opera
1595 1962 1630 2019 et
1648 1952 1742 2020 dona
1760 1951 1900 2036 divina,
1924 1976 1989 2024 nec
2010 1946 2079 2022 hu-

60 2057 222 2144 praesenti
255 2078 484 2139 aerumnosa,
519 2054 688 2122 imbecilli
719 2066 753 2122 et
782 2053 926 2124 mortali
955 2053 1038 2122 vita.
1088 2078 1191 2123 mana
1212 2053 1502 2144 diligentiasola,
1530 2052 1585 2120 vel
1606 2051 1740 2141 parari,
1771 2053 1827 2120 vel
1850 2055 1990 2144 augeri,
2021 2054 2078 2122 vel

58 2154 115 2228 Hic
128 2159 222 2228 enirn
244 2159 332 2226 ordo
347 2158 503 2228 sancitus
517 2167 568 2224 est
584 2155 794 2225 admirando
812 2155 980 2244 consilio,
1004 2168 1039 2225 et
1088 2156 1233 2226 retineri
1251 2178 1429 2246 esposse,
1455 2153 1531 2222 sine
1554 2153 1756 2236 voluntate,
1778 2176 1867 2243 ope,
1892 2169 1926 2224 et
1948 2155 2079 2245 guber-

58 2259 306 2348 sapientissima
329 2259 400 2329 Dei
425 2259 618 2330 voluntate.
684 2255 757 2327 Nec
785 2259 1038 2327 conturbemus
1087 2255 1318 2331 nationeDei.
1355 2255 1395 2327 ln
1410 2251 1503 2325 hanc
1515 2255 1725 2325 sententiam
1743 2255 1830 2326 dicit
1843 2252 2078 2328 textusActo-

57 2360 113 2451 ipsi
128 2385 191 2431 nos
210 2361 412 2453 praestigiis
436 2359 737 2450 disputationum,
767 2360 850 2451 quia
875 2354 962 2428 haec
987 2371 1038 2428 est
1086 2357 1262 2430 rum17.:
1290 2358 1333 2429 ln
1357 2360 1433 2450 ipso
1456 2380 1596 2442 sumus,
1624 2356 1795 2442 vivimus,
1820 2372 1856 2429 et
1880 2381 2078 2445 movemur,

58 2464 170 2535 veritas
188 2462 368 2534 divinitus
383 2463 551 2553 patelacta
569 2460 606 2528 in
624 2462 733 2530 verbo
748 2483 923 2551 expresso.
1088 2463 1209 2545 idest,
1235 2485 1298 2552 per
1320 2461 1436 2552 ipsum
1462 2461 1585 2538 datur,
1612 2472 1856 2546 sustentatur,
1882 2475 1914 2530 et
1937 2462 2079 2530 fovetur

142 2563 357 2659 Sequuntur
371 2565 442 2633 iam
458 2575 613 2632 caeterae
630 2563 884 2651 promissiones
907 2565 950 2632 de
975 2563 1037 2630 bo·
1087 2565 1158 2633 vita
1176 2578 1308 2637 nostra.
1352 2561 1466 2646 item,
1490 2558 1752 2632 Proverb.10.:
1779 2558 1988 2635 Benedictio
2000 2557 2080 2631 Do·

57 2666 103 2734 nis
114 2667 373 2755 corporalibus.
424 2661 519 2752 Quia
534 2664 611 2734 vult
625 2660 722 2733 Deus
738 2664 777 2731 in
792 2659 859 2734 hac
875 2665 946 2733 vita
963 2665 1037 2732 col·
1086 2666 1177 2733 mini
1200 2666 1328 2735 divites
1350 2664 1454 2747 facit,
1479 2656 1547 2732 boc
1563 2676 1631 2747 est,
1657 2685 1732 2731 non
1752 2663 1976 2749 ditescimus,
2003 2686 2083 2733 non

57 2766 108 2855 ligi
122 2784 154 2841 et
168 2762 338 2837 inchoari
347 2763 560 2860 Ecclesiam,
584 2765 693 2834 tradit
709 2767 813 2836 etiam
832 2765 1038 2857 promissio·
1086 2789 1250 2858 paramus
1274 2791 1338 2836 nec
1359 2778 1502 2836 tuemur
1522 2785 1606 2854 opes
1626 2776 1762 2834 tantum
1787 2759 1944 2836 bumana
1968 2765 2079 2835 indn-

57 2891 108 2936 nes
129 2868 352 2960 corporales,
394 2879 430 2937 et
452 2867 573 2937 docuit
597 2889 663 2934 nos
684 2866 723 2934 in
744 2861 811 2936 hac
834 2865 1037 2959 precatione
1087 2870 1172 2938 stria
1197 2883 1230 2938 et
1251 2869 1382 2938 nostris
1406 2866 1609 2951 laboribus,
1651 2867 1711 2934 sed
1735 2889 1875 2936 necesse
1898 2881 1950 2937 est
1976 2889 2078 2938 acce·
2178 2863 2180 2866 ’

57 2968 212 3057 claruere,
251 2967 572 3060 nominatimquea
597 2990 633 3036 se
657 2980 775 3058 petere
798 2970 919 3038 omnia
942 2971 1036 3037 bona
1086 2971 1170 3040 dere
1192 2971 1361 3039 auxilinm
1385 2967 1473 3059 Dei,
1512 2967 1667 3038 iuvantis
1689 2963 1856 3041 honestos
1880 2969 2020 3040 labores
2041 2981 2077 3040 et

57 3073 200 3162 corporis
216 3073 266 3140 ad
284 3066 376 3139 hanc
391 3068 500 3140 vitam
519 3069 724 3142 necessaria.
776 3069 907 3139 Procul
930 3071 1037 3160 igitur
1086 3071 1325 3142 obedientiam
1341 3084 1497 3140 nostram
1514 3070 1553 3137 in
1570 3070 1766 3142 vocatione.
1798 3067 1859 3142 Sic
1873 3069 2077 3142 etPsalmus

57 3184 85 3242 et
98 3175 240 3262 penitus
256 3195 298 3240 ex
314 3171 443 3240 animis
456 3171 592 3242 reiicite
607 3171 792 3260 profanas,
825 3173 975 3258 deliras,
1002 3185 1037 3240 et
1085 3174 1219 3266 inquit:
1251 3172 1328 3242 Nisi
1345 3171 1522 3242 Dominus
1547 3171 1784 3242 aedificaverit
1808 3176 1973 3260 domum,
2000 3174 2078 3245 iru-

57 3272 240 3346 diabolicas
265 3269 552 3362 imaginationes,
587 3295 676 3365 quae
698 3273 855 3361 lingunt,
889 3297 955 3342 nec
976 3297 1036 3363 pe·
1085 3290 1156 3347 stra
1174 3275 1338 3346 laborant
1353 3273 1589 3344 aedificantes.

57 3377 148 3446 tenda
169 3399 250 3448 esse
271 3399 290 3444 a
308 3372 385 3444 Deo
408 3375 502 3444 bona
521 3397 730 3460 corporum,
757 3399 822 3444 nec
838 3374 1035 3465 corporalia
1109 3429 1119 3446 .
1186 3374 1348 3447 Secunda
1366 3399 1480 3447 causa.
1515 3371 1607 3445 Cum
1623 3373 1725 3444 Deus
1739 3373 1885 3446 inchoet
1897 3389 2076 3446 aeternam

50 3471 120 3564 Deo
136 3501 243 3550 curae
259 3498 345 3550 esse.
403 3473 472 3545 Sed
501 3475 618 3567 potius
641 3477 860 3566 expendatur
883 3489 918 3547 et
939 3477 1035 3566 cogi·
1087 3502 1185 3549 suam
1210 3476 1404 3548 Ecclesiam
1426 3478 1465 3547 in
1489 3471 1553 3546 bac
1577 3477 1720 3547 mortali
1741 3477 1831 3564 vita,
1870 3478 1949 3548 vult
1971 3477 2077 3550 etiarn

58 3591 154 3664 tetur,
178 3577 298 3651 Deum
324 3575 497 3666 singulari
520 3576 669 3672 consilio
693 3579 798 3646 etiarn
822 3579 935 3649 vitatu
956 3601 1035 3647 cor·
1086 3574 1170 3648 huic
1194 3581 1330 3663 coetui,
1355 3581 1395 3652 in
1419 3604 1491 3673 quo
1514 3581 1606 3650 lucet
1630 3577 1742 3670 ipsius
1762 3578 1908 3665 notitia,
1934 3594 1969 3652 et
1991 3601 2075 3650 vera

58 3681 200 3768 paralem
219 3679 374 3757 dedisse,
402 3700 466 3747 uec
487 3701 564 3746 earn
587 3677 706 3747 subito
728 3680 856 3764 deleri,
881 3681 941 3749 sed
961 3703 1035 3748 ser·
1086 3682 1281 3767 invocatio,
1300 3686 1384 3752 dare
1400 3682 1594 3752 necessaria
1611 3684 1655 3752 ad
1672 3681 1765 3752 vitae
1780 3706 1840 3752 eor
1867 3683 1975 3752 oralis
1989 3706 2076 3752 con,

57 3783 252 3866 sarevelle,
279 3779 424 3859 velleio
439 3780 694 3849 consuetudine
710 3775 816 3850 buius
833 3780 924 3852 vitae
939 3805 1035 3850 mor·
1086 3786 1333 3855 servationem.
1392 3783 1512 3878 thue
1540 3769 1819 3856 consolationem
1840 3706 2074 3868 baberemus,

57 3883 123 3956 olis
135 3879 306 3954 inchoare
320 3902 420 3951 suam
437 3892 613 3951 aeternam
631 3877 844 3972 Ecclesiam,
872 3895 905 3952 et
921 3883 1036 3953 effica-
1086 3910 1151 3956 nec
1165 3887 1407 3978 frangeremur
1422 3888 1683 3978 desperatione,
1704 3889 1765 3957 sed
1790 3887 1885 3956 bona
1909 3909 1990 3955 cum
2012 3907 2075 3975 spe

58 3983 132 4054 citer
144 3984 333 4056 ostendere
348 4005 447 4052 suam
465 3983 717 4072 praesentiam,
741 3986 832 4054 velle
855 4009 874 4054 a
901 4008 937 4054 se
962 3987 1035 4076 peti
1087 4011 1362 4087 propagaremus
1385 3988 1604 4074 doctrinam,
1637 3987 1734 4058 Deus
1762 3983 1854 4057 hanc
1885 4009 1983 4056 suam
2008 4010 2073 4056 vo·

59 4098 86 4154 et
99 4086 289 4178 exspectari
306 4083 500 4155 necessaria
515 4083 608 4152 vitae
623 4083 662 4153 in
676 4087 877 4172 vocatione,
911 4102 945 4156 et
968 4083 1035 4157 boc
1086 4085 1257 4160 luntatem
1283 4091 1322 4159 in
1345 4092 1467 4162 multis
1497 4089 1793 4180 promissionibus
1817 4088 2008 4156 clarissime
2034 4108 2075 4157 ac

57 4190 151 4257 modo
164 4189 258 4258 velle
273 4208 427 4272 crescere
443 4184 658 4275 agnitionem
674 4188 729 4256 sui
749 4190 787 4255 in
807 4188 1033 4260 invocatione
1086 4193 1290 4276 dulcissime
1312 4191 1495 4285 expressit:
1542 4205 1577 4262 et
1590 4205 1674 4263 nota
1691 4202 1775 4260 sunt
1788 4189 1889 4260 vobis
1905 4190 2075 4261 omnibus

58 4286 140 4358 inter
161 4287 318 4380 pericula
342 4300 377 4357 et
397 4287 578 4356 mirandas
598 4286 841 4390 liberationes.
908 4285 1034 4384 Oppo-
1086 4290 1173 4364 baec
1200 4297 1325 4366 verba:
1367 4293 1715 4386 Primumquaerite
1740 4314 1889 4382 regnum
1913 4289 2000 4377 Dei,
2039 4304 2076 4363 et

57 4405 177 4462 uantur
194 4392 314 4484 itaque
330 4388 428 4460 falsis
443 4386 757 4477 imaginationibus
773 4393 849 4462 istis
864 4394 944 4485 ipsa,
956 4417 1034 4464 ver·
1085 4410 1219 4468 caetera
1238 4397 1450 4467 adlicientur
1464 4395 1582 4482 vobis,
1611 4396 1647 4467 id
1666 4408 1732 4475 est,
1758 4395 1936 4485 agnoscite
1945 4390 2076 4480 Deum,

57 4489 93 4558 ba
110 4493 340 4584 precationis,
381 4491 512 4584 quibus
532 4491 607 4582 ipse
630 4489 806 4562 Dominus
830 4509 947 4586 petere
968 4519 1034 4566 nos
1085 4500 1244 4592 quaerite
1265 4523 1384 4569 veram
1409 4498 1606 4567 doctrinam
1633 4512 1667 4568 et
1686 4497 1834 4586 gloriam
1851 4495 1938 4582 Dei,
1971 4519 2072 4589 prae-

57 4591 183 4664 docuit:
225 4593 358 4663 Panem
387 4606 548 4663 nostrum
581 4591 830 4684 quotidianum
857 4599 901 4668 da
929 4599 1034 4668 nobis
1085 4614 1172 4672 state
1196 4625 1297 4671 veros
1321 4601 1455 4686 cultus,
1488 4600 1727 4691 obtemperate
1740 4594 1817 4668 Deo
1839 4599 1934 4669 iuxta
1951 4593 2073 4670 Evan-

57 4683 163 4764 h⁰die-
1084 4704 1234 4794 gelium‚
1262 4719 1296 4775 et
1319 4702 1509 4773 clementer
1530 4701 1770 4792 suppeditabit
1790 4703 1892 4771 vobis
1914 4721 2073 4769 necessa-

144 4795 241 4867 Cum
252 4818 334 4886 ergo
351 4808 384 4868 te
401 4792 578 4869 Dominus
593 4796 668 4896 ipse
684 4800 808 4868 doceat
827 4799 874 4868 ita
899 4802 1033 4891 precari
1084 4807 1136 4875 ria
1158 4807 1251 4876 vitae
1275 4804 1460 4900 praesidia.
1524 4801 1686 4874 Sciamus
1714 4817 1746 4874 et
1779 4804 1868 4873 illud
1894 4798 1962 4870 boc
1983 4800 2075 4890 loco,

58 4907 231 4986 etpetere,
258 4911 353 4968 certo
375 4899 483 4969 debes
499 4921 538 4968 ac
557 4899 704 4968 firmiter
721 4915 889 4987 statuere,
915 4899 1031 4974 Deum
1054 4865 1059 4994 l
1083 4902 1208 4991 Deum
1226 4923 1365 4999 semper
1378 4908 1416 4976 in
1433 4901 1500 4976 bac
1518 4904 1589 4974 vita
1608 4928 1724 4999 usque
1746 4907 1790 4976 ad
1813 4906 1919 4974 finem
1944 4903 2074 4972 durare

60 4997 136 5067 velle
151 4994 235 5069 haec
250 5001 342 5070 bona
361 5000 499 5090 largiri,
535 5003 713 5093 postulare
730 5017 768 5072 ut
785 5027 824 5072 ea
841 5027 906 5074 nos
923 5031 1030 5098 quae·
1053 4997 1058 5160 ι
1082 5011 1192 5091 velle,
1224 5025 1391 5105 certoque
1414 5021 1634 5080 servaturum
1657 5031 1729 5078 esse
1743 5005 1957 5096 Ecclesiam,
1989 5004 2074 5100 quia

61 5117 181 5182 ramus,
215 5124 363 5195 aseque
385 5103 454 5171 fide
478 5116 637 5192 petamus
661 5119 695 5174 et
709 5119 963 5195 exspectemus,
998 5121 1057 5208 et,
1082 5113 1175 5180 bona
1198 5113 1373 5203 corporis,
1412 5113 1538 5194 vitam,
1577 5110 1729 5195 victum,
1768 5108 2010 5179 defensionem
2038 5120 2072 5179 et

61 5199 240 5288 offirmare,
272 5228 308 5274 se
323 5198 390 5274 boc
408 5198 545 5274 bonore
562 5205 642 5279 coli.
695 5204 851 5303 Ideoque
873 5232 1032 5307 expresse
1054 5235 1057 5324 q
1081 5209 1234 5306 hospitia
1249 5215 1430 5307 promisit,
1456 5213 1533 5282 sine
1548 5213 1676 5306 quibus
1694 5209 1753 5282 bic
1767 5225 1887 5282 coetus
1903 5233 1988 5280 voce
2003 5208 2072 5278 ιιιί-λ

61 5299 135 5374 dicit
157 5305 195 5373 in
215 5303 371 5378 Psalmo:
408 5302 537 5380 Invoco
560 5307 674 5383 mein
697 5310 756 5384 die
780 5312 1035 5402 tribulationis,
1080 5316 1218 5394 misterii
1242 5318 1462 5408 colligendus
1485 5315 1607 5386 vivere
1631 5337 1705 5385 non
1726 5326 1858 5406 potest,
1894 5314 1991 5389 iuxta
2014 5311 2097 5382 di-.·
2129 5303 2135 5316 ’
