4590 5808
331 347 440 434 Ecce¹
456 341 552 418 banc
581 349 717 414 tantam
751 335 1033 410 consolationem
1061 335 1230 432 ignorant

231 453 398 539 Etbnici,
430 447 576 532 Iudaei,
601 439 716 514 'turci
737 453 773 512 et
795 437 977 534 Papistae,
1000 439 1230 536 sedtantum

234 583 319 632 vera
332 544 488 638 ecelesia,
515 571 577 619 seu
593 537 830 638 populpsDei,
854 554 948 614 recte
957 564 1150 634 agnoscens
1162 547 1227 617 do-

236 664 375 734 minum
385 653 502 728 Iesum
511 646 714 729 Christum,
737 657 833 716 tenet
845 640 938 716 banc
953 643 1230 718 efficacissimam

239 745 832 844 etdulcissimamcousolationem.
858 744 1073 836 Magnitudo
1083 751 1231 842 quidem

238 878 357 940 tantae
374 859 428 931 rei
441 859 548 946 longe
561 862 703 943 superat
714 849 878 920 omnium
888 847 1109 940 Angelorum
1120 866 1156 925 et
1168 848 1234 922 ho-
1283 897 1294 920 ,

240 965 377 1042 minum
400 954 654 1054 eloquentiam.
706 947 804 1040 Quid
827 949 924 1020 enim
939 951 1104 1026 maiuatct
1119 955 1235 1026 admi.

240 1067 389 1142 rabilius
410 1059 477 1135 bac
498 1056 567 1130 Dei
590 1054 748 1126 bonitate
771 1051 918 1144 cogitari
942 1054 1082 1144 potest?
1105 1055 1237 1130 videli.

241 1185 313 1256 cet,
350 1166 448 1261 quod
478 1183 545 1234 nos
566 1155 714 1228 miseros
737 1149 902 1226 homines
928 1154 1005 1226 vult
1027 1167 1124 1230 certo
1146 1182 1238 1229 rect-

242 1296 350 1368 pere,
375 1288 520 1350 curare,
544 1260 737 1349 respicere,
763 1255 930 1327 exaudire
958 1271 1103 1349 propter
1125 1259 1238 1333 inter.

243 1373 438 1460 cessionem
461 1379 497 1438 et
517 1361 727 1434 sacrificium
755 1353 1101 1435 Pontificistristi.
1154 1359 1238 1432 ldao

243 1477 374 1549 diserte
398 1469 489 1542 dicit
520 1465 594 1558 ipse
621 1458 816 1532 Dominus:
851 1457 1036 1556 Quicquid
1067 1461 1241 1552 petieritis

244 1579 387 1650 Patrem
404 1572 445 1641 in
461 1568 722 1648 nominemeo,
747 1560 873 1646 idest,
899 1554 1097 1656 fide,'quae
1110 1565 1242 1636 nititur

244 1705 303 1752 me
330 1673 583 1771 propitiatore,
615 1689 677 1737 seu
704 1664 833 1735 fiducia
857 1660 925 1734 filii
946 1660 1014 1735 Dei
1036 1665 1242 1738 mediatoris

210 1799 282 1857 ¹et
322 1774 522 1872 placatoria.
595 1765 694 1839 Haec
734 1778 786 1835 est
821 1766 861 1834 in
901 1767 1002 1834 omni
1040 1769 1243 1858 precatione

247 1883 410 1956 omnium
431 1874 584 1946 maxime
605 1867 799 1940 necessaria
823 1865 1080 1957 consideratio,
1105 1874 1150 1942 de
1173 1893 1242 1964 qua

248 1986 328 2080 pios
343 1996 378 2054 et
395 2001 477 2048 vere
492 1969 734 2060 Christianos,
761 1968 824 2061 qui
841 1968 932 2038 serio
951 1985 1147 2067 magnaque
1164 1971 1243 2041 ani.

248 2085 300 2158 mi
327 2080 525 2153 intentione
547 2083 669 2157 orant,
698 2069 910 2164 quotidiana
934 2072 1036 2141 docet
1060 2073 1245 2166 experieu.

249 2189 323 2279 tia,
351 2205 427 2253 non
454 2178 532 2250 sine
554 2173 691 2265 ingenti
716 2167 908 2244 cerlamine
930 2197 970 2242 ae
992 2173 1118 2248 labore
1139 2175 1246 2260 llecti,

251 2285 407 2370 entdiri,
433 2278 573 2367 et·erigi
591 2273 717 2358 cdrda,
741 2287 784 2344 ut
799 2273 1024 2367 acquiescant
1038 2274 1079 2346 in
1093 2290 1147 2348 tot
1162 2300 1246 2369 pro.

188 2403 192 2410 '
251 2385 484 2462 missionibus
497 2376 642 2450 sancitis
659 2376 830 2462 sanguine
848 2386 882 2444 et
897 2375 1165 2449 resuscitatione
1180 2377 1245 2446 filii

249 2491 339 2574 Dei,
370 2508 436 2556 nec
465 2502 542 2552 eam
572 2471 706 2568 luctam
736 2476 812 2544 sine
843 2476 936 2544 veris
961 2479 1150 2567 gemitibus
1171 2479 1247 2548 fieri

251 2615 367 2688 posse.

358 2719 562 2797 Necessario
578 2718 696 2810 itaque
711 2715 818 2804 debat
832 2716 994 2786 accedere
1011 2729 1135 2811 quarta
1151 2741 1248 2788 com·

190 2857 192 2862 ·
228 2887 231 2894 ,
255 2827 491 2911 monelactio,
523 2823 567 2892 de
579 2811 673 2912 fide.
739 2811 805 2914 Est
827 2817 922 2886 enim
945 2818 1053 2888 inane
1076 2841 1250 2901 murmur,

257 2957 324 3006 nec
339 2928 410 3002 dici
428 2937 542 3019 potest
556 2919 752 3003 invocatio,
777 2918 807 2986 si
823 2920 976 3010 quadam
992 2919 1250 2992 cousuetudine

256 3034 411 3106 recitans
435 3027 542 3098 verba
563 3021 709 3112 cogites:
736 3015 863 3096 Nescio
888 3043 934 3091 an
950 3021 1017 3090 sim
1034 3017 1120 3092 Das
1133 3046 1251 3106 curae,

258 3159 306 3208 an
327 3132 490 3225 placeant
504 3141 538 3197 et
552 3147 632 3192 vere
649 3121 868 3214 recipiantur
883 3143 981 3192 meae
997 3148 1127 3214 preces.
1179 3123 1249 3196 Sed

258 3256 399 3307 necesse
423 3246 475 3302 est
497 3242 532 3298 te
549 3223 819 3317 promissionem
839 3239 944 3319 atquc
959 3225 1073 3296 filium
1090 3223 1157 3296 Dei
1174 3249 1251 3294 me-

259 3339 435 3408 diatorem
473 3327 627 3412 intueri,
675 3325 861 3418 amplecti.
912 3339 948 3396 ct
987 3321 1252 3418 apprehendere

259 3461 344 3508 vera
374 3435 461 3519 lade,
492 3430 734 3524 acquiescente
766 3428 804 3496 in
834 3423 911 3498 Deo
946 3445 1089 3522 propter
1121 3425 1252 3519 ipsum,

261 3557 400 3610 necesse
432 3548 483 3605 est
512 3546 547 3602 te
569 3529 700 3604 fiducia
725 3528 972 3619 promissionis
993 3533 1125 3620 gratiae
1146 3555 1253 3620 repu-

261 3661 369 3728 gnare
401 3631 620 3708 diffidentiae
649 3645 684 3700 et
713 3630 952 3714 dubitationi,
988 3633 1084 3702 iusta
1118 3632 1253 3702 dictum

263 3739 399 3814 lacobi:
440 3731 572 3806 Omnis
607 3742 704 3822 petat
737 3730 775 3797 in
809 3729 897 3816 lide,
938 3727 1033 3800 nibil
1065 3729 1253 3804 haesitans.

263 3843 354 3915 ltem
380 3842 411 3913 l.
426 3835 523 3909 Tim.
538 3837 575 3908 2.
597 3829 743 3902 dicitur:
772 3823 884 3900 Orate
905 3830 982 3900 sine
1005 3835 1057 3902 ira
1080 3846 1114 3903 et
1139 3829 1256 3900 baesi-

264 3947 410 4018 tatioue.
467 3936 577 4018 Item,
609 3945 725 4004 textus
749 3932 869 4024 inquit
892 3933 937 4000 ad
963 3925 1153 4023 Ephesios:
1188 3931 1256 4002 Per

263 4044 447 4118 Cbrislum
473 4041 642 4112 audemus
659 4036 822 4106 accedere
837 4033 1054 4105 confidenter
1073 4033 1254 4126 perfidem

264 4173 304 4218 rn
322 4169 452 4241 ipsum.
1018 4159 1023 4166 ·

202 4359 207 4364 .
267 4377 437 4478 petitione
453 4377 607 4468 primum
623 4385 657 4442 et
671 4383 753 4440 ante
764 4370 888 4441 omnia
905 4371 1021 4440 allerri
1039 4386 1143 4464 atque.
1156 4395 1256 4463 prae,-

266 4490 385 4556 lucere
408 4476 499 4548 banc
524 4477 650 4552 iidem,
685 4496 754 4564 qua
777 4473 908 4554 credis,
933 4471 1049 4544 Deum
1073 4489 1255 4544 aeternum

229 4593 234 4598 ’
268 4601 363 4656 certo
390 4597 423 4652 te
448 4579 623 4666 recipere,
650 4574 713 4643 tibi
738 4575 934 4662 ignoscere,
961 4573 1051 4642 velle
1075 4588 1153 4643 tuas
1175 4599 1257 4667 pre·
1308 4611 1317 4628 ·

1258 4655 1264 4670 b

268 4711 324 4759 ces
349 4681 536 4772 respicere,
562 4677 757 4767 approbare
782 4687 815 4743 et
839 4675 1004 4744 exaudire
1023 4691 1257 4770 proptarme.

268 4791 441 4860 diatorem
455 4773 649 4850 Christum.
796 4777 798 4788 ’

371 4916 425 5004 Ac
442 4915 479 4984 in
495 4911 665 5004 petitione
681 4922 903 4980 aeternorum
921 4909 1117 4998 bonorum,
1143 4929 1182 4984 ut
1202 4939 1259 4984 re-

833 159 961 244 rnm
986 159 1105 298 nnn
1128 163 1342 254 smum
1367 169 1673 294 mosum.
1774 211 1781 222 -

2194 175 2259 252 tto

1267 335 1384 440 nam,
1408 345 1508 425 Deus
1527 347 1597 424 tibi
1611 345 1830 424 nominatim
1843 361 1880 443 et
1895 347 1936 420 in
1947 345 2065 444 specie
2080 357 2172 420 ceno
2186 313 2258 418 dare

1280 469 1315 528 et
1329 465 1510 554 praestare
1527 451 1627 528 vetit.

1382 587 1455 664 Sed
1478 590 1525 662 de
1546 585 1656 662 bouis
1679 587 1947 682 corporalibus,
1975 585 2015 657 in
2036 579 2102 657 bac
2118 583 2186 656 vita
2203 607 2258 654 ne·

1280 692 1461 778 cessarii's,
1492 689 1581 764 fides
1611 689 1702 786 petit
1732 704 1768 763 et
1796 690 1922 762 statuit
1949 698 2029 760 cnm
2054 686 2259 757 conditione:

1282 793 1323 868 Si
1345 793 1580 892 Deo'placet.
1633 792 1737 883 Quae
1764 791 1910 886 quidem
1940 789 2093 884 precatio
2122 801 2263 858 nonest
2292 863 2294 876 ,

1282 896 1406 983 scrita,
1431 898 1494 967 sed
1511 895 1652 982 efficax,
1676 907 1712 966 et
1727 893 1785 964 vel
1800 887 1870 966 boc
1884 892 2025 986 ipsum,
2050 890 2143 985 quod
2159 889 2262 959 nomi·
2293 981 2294 986 ἵ

1284 999 1398 1070 uatim
1421 998 1573 1091 petitur,
1606 998 1794 1090 impetrat,
1826 993 1885 1066 vel
1907 1009 2000 1068 certe
2024 991 2262 1084 mitigationem
2293 1037 2294 1044 κ

1207 1157 1216 1174 .
1285 1099 1526 1174 calamitatum
1546 1113 1581 1172 et
1596 1097 1832 1170 miseriarum.

1388 1213 1468 1292 Etsi
1501 1217 1599 1288 enim
1624 1215 1722 1292 Deus
1751 1214 1791 1287 in
1813 1210 1881 1287 bac
1904 1213 1977 1286 vita
1999 1212 2079 1284 vult
2100 1209 2263 1281 ecclesiam
2293 1267 2294 1272 ,

1287 1319 1482 1394 subiectam
1504 1341 1578 1390 esse
1602 1316 1720 1403 cruci,
1745 1331 1865 1391 tamen
1887 1317 2061 1386 immensa
2082 1311 2265 1384 misericor·
2293 1343 2294 1356 r

1288 1425 1348 1495 dia
1371 1421 1461 1493 lenit
1481 1445 1521 1494 ac
1541 1419 1680 1512 mitigat
1700 1417 1951 1490 invocantibus
1968 1417 2086 1508 ipsum
2103 1435 2224 1506 poenas
2239 1423 2266 1478 et
2293 1401 2294 1440 ³

1289 1533 1498 1612 aerumnas,
1521 1535 1562 1594 ut
1584 1521 1753 1594 sustineri
1774 1533 1880 1614 atque
1896 1516 2046 1610 perferri
2060 1515 2208 1610 possint,
2230 1527 2266 1579 ne
2293 1529 2294 1562 1

1289 1627 1535 1718 desperatione
1550 1623 1709 1718 oppressi
1724 1644 1927 1714 mergamur
1940 1619 1981 1688 in
1995 1631 2169 1690 aeternam
2184 1637 2266 1684 mor-
2293 1621 2294 1680 J

1290 1741 1382 1814 tem,
1408 1727 1499 1799 sicut
1519 1725 1673 1796 affirmat
1694 1717 1875 1809 inlisum,
1901 1743 1938 1792 se
1959 1714 2122 1790 habitare
2138 1741 2211 1786 cunr
2224 1715 2265 1783 af·
2293 1729 2294 1740 ¹

1291 1830 1398 1902 flictis
1413 1840 1477 1900 etc.
1529 1826 1629 1898 Scias
1642 1824 1767 1917 igitur,
1790 1822 1929 1897 etiamsi
1944 1813 2265 1892 differturliberatio

1292 1929 1504 2022 corporalis,
1529 1951 1596 1999 uec
1611 1939 1759 2000 eventus
1772 1939 1853 1998 tuae
1867 1921 2073 2015 cogitationi
2086 1919 2268 2022 respondet,

1293 2046 1413 2104 tamen
1445 2031 1602 2125 placere,
1635 2027 1766 2122 recipi,
1780 2029 1784 2034 ’
1799 2025 1961 2098 exaudiri
1991 2038 2087 2096 tuam
2103 2019 2267 2113 'precatio-

1294 2159 1398 2221 nem,
1425 2157 1492 2203 uec
1507 2155 1581 2203 esse
1596 2132 1756 2215 irritam,
1783 2152 1847 2199 uec
1862 2128 1970 2198 inane
1986 2148 2157 2198 murmur.
2188 2119 2268 2190 llaec

1295 2238 1372 2307 sine
1397 2236 1471 2306 ulla
1493 2233 1716 2305 dubitatione
1734 2230 1928 2302 certissima
1944 2241 1980 2298 et
1998 2225 2173 2298 'verissima
2189 2231 2268 2302 sunt,

1294 2352 1337 2409 ut
1365 2350 1401 2409 et
1424 2335 1614 2432 Syracidae
1634 2333 1697 2410 85.
1723 2327 1893 2425 scriptum
1918 2343 1988 2401 est:
2022 2328 2204 2421 Lacrymae
2224 2321 2268 2388 vi·

1296 2442 1388 2510 duae
1413 2437 1576 2508 defluunt
1597 2437 1642 2505 ad
1665 2434 1869 2519 maxillam,
1902 2433 1964 2504 ted
1989 2430 2102 2502 oratio
2124 2422 2269 2505 ascendit,

1297 2554 1332 2610 et
1347 2538 1484 2609 coelum
1500 2550 1672 2630 penetrat.

1402 2651 1539 2743 Quinta
1562 2650 1800 2722 consideratio
1825 2661 1877 2722 est
1897 2673 2020 2720 rerum
2046 2645 2267 2740 petendarum,

1298 2773 1339 2831 ut
1361 2756 1563 2847 cogitentur
1582 2767 1616 2824 et
1631 2752 1825 2823 recitentur
1847 2751 1886 2820 in
1911 2749 2113 2843 precatione
2127 2745 2267 2836 nomina·

1299 2860 1364 2932 tim
1389 2869 1483 2929 certa
1504 2853 1675 2926 beneficia
1700 2875 1792 2948 quae
1816 2853 1992 2944 petimus,
2022 2850 2196 2932 videlicet,
2224 2866 2267 2912 rc-

1301 2960 1421 3032 missio
1445 2963 1688 3050 pec'catorum,
1720 2954 1868 3025 donatio
1891 2951 2051 3046 Spiritus
2073 2948 2195 3029 sancti,
2217 2967 2267 3034 gu·

1300 3061 1463 3134 bernatio
1487 3060 1609 3129 divina
1625 3059 1665 3127 in
1681 3057 1864 3141 moribus,
1890 3055 2051 3126 consiliis
2067 3068 2102 3126 et
2116 3044 2268 3143 periculis,

1302 3163 1524 3236 confirmatio
1541 3184 1601 3232 seu
1617 3159 1765 3230 firmitas
1779 3158 1874 3241 fidei,
1899 3157 2071 3228 castitatis
2085 3167 2118 3224 et
2131 3149 2268 3223 omnium
2293 3219 2294 3240 ,

1301 3263 1576 3338 necessariarum
1599 3262 1795 3351 virtutum,
1831 3260 1915 3330 item
1939 3253 2158 3328 conservatio
2179 3247 2268 3320 mini·
2293 3317 2294 3328 ,

1302 3367 1402 3444 sterii
1425 3364 1637 3453 evangelici,
1666 3360 1829 3454 puritatis
1848 3359 2034 3432 doctrinae
2059 3371 2093 3428 et
2114 3350 2268 3430 ecclesiae3
2293 3365 2294 3426 ξ

1302 3470 1388 3539 item
1412 3467 1608 3557 corporalia
1630 3463 1816 3544 beneficia,
1840 3462 1934 3532 bona
1956 3460 2141 3540 valetudo,
2166 3455 2269 3526 nctus
2293 3449 2294 3460 ¹

1303 3568 1468 3642 salutaria
1490 3565 1681 3657 regimina,
1708 3589 1774 3657 pax
1795 3577 1829 3634 et
1850 3561 2042 3634 concordia
2057 3557 2208 3655 publica,
2229 3551 2270 3620 te-

1303 3673 1418 3743 licitas
1433 3669 1648 3752 liberorum,
1676 3666 1848 3758 protectio
1863 3664 1916 3736 tui
1932 3662 2124 3754 tugurioli,
2146 3672 2218 3731 tuse
2229 3652 2270 3720 lt·

1303 3773 1476 3850 miliolae,
1492 3781 1643 3839 wtuarum
1658 3768 1936 3852 fortunularum,
1961 3765 2016 3837 ttti
2031 3759 2199 3860 oppiduli,
2221 3765 2271 3824 tlt·

1407 3901 1482 3974 Has
1494 3916 1608 3975 tantas
1617 3899 1851 3984 necessitates,
1869 3909 1919 3969 tot
1929 3912 1964 3970 et
1975 3911 2048 3970 tam
2058 3895 2146 3968 varii
2155 3884 2271 3983 generis
2293 3927 2294 3932 =

1305 4005 1473 4096 pericula,
1496 4001 1763 4074 conrmnneiacti
1779 4000 1982 4089 ingentibus
1997 3996 2146 4068 miseriis
2158 3985 2271 4066 vestris,

1244 4113 1258 4138 '
1304 4104 1406 4172 vobis
1421 4124 1627 4192 proponere,
1649 4116 1682 4171 et
1693 4099 1730 4168 in
1741 4099 1913 4193 petitione
1921 4101 2099 4170 bonorum
2109 4095 2270 4167 universae

370 4277 492 4368 Quare
522 4274 610 4344 scias
636 4270 802 4362 'oportere
825 4268 1074 4338 universaliter
1096 4269 1131 4338 in
1157 4269 1256 4339 omni
1305 4205 1482 4299 “daia‘’
1508 4199 1848 4294 ‘tmbssp‘ivafim’
1873 4197 2201 4279 “v‘'‘i'i‘fami'if”
2220 4211 2270 4259 Μ’

1305 4307 1559 4385 remanorum,
1586 4327 1666 4374 cum
1690 4302 1927 4393 spiritualium
1949 4316 2026 4373 tum
2047 4295 2273 4391 corporalius,

1305 4409 1431 4491 fidens,
1466 4405 1748 4484 invocationem,
1784 4417 1819 4474 et
1844 4427 1942 4497 spem
1969 4426 2128 4474 exercere
2151 4388 2272 4466 debetis·

1304 4506 1396 4580 Nam
1427 4523 1569 4600 propter
1601 4496 1693 4578 han'c
1723 4507 1835 4595 ipsam
1866 4528 2007 4576 causam
2035 4499 2183 4572 Ecclesia
2203 4490 2272 4564 sub.-

1306 4625 1393 4685 recta
1411 4625 1461 4680 est
1476 4609 1589 4694 cruci,
1613 4622 1648 4679 et
1663 4630 1849 4678 aerumnas
1864 4602 2124 4677 inextricabiles
2138 4595 2271 4669 humano

1235 4761 1242 4770 -
1307 4713 1457 4782 cunulis
1481 4713 1647 4793 sustinet,
1671 4722 1713 4780 ut
1738 4710 1831 4780 mole
1854 4729 1973 4776 rerum
1997 4702 2152 4796 oppressi
2174 4697 2213 4768 ad
2228 4693 2271 4760 in·

1308 4815 1530 4884 vocationem
1554 4810 1765 4896 excitemur,
1792 4823 1826 4879 et
1846 4807 2019 4878 auxilium
2033 4799 2113 4874 Dei
2126 4813 2272 4894 quaerere

1308 4939 1484 5004 cogamur.
1538 4911 1660 4984 Donec
1682 4911 1777 4982 enim
1804 4904 1968 4978 homines
1988 4906 2080 4976 ebrii
2102 4890 2273 4990 voluptati·

270 5016 547 5098 conciliationis,
580 5012 722 5095 salutis,
748 5026 782 5080 et
811 5011 1078 5099 gubernationis
1108 5018 1259 5102 atrimae,
1308 5017 1393 5101 bus,
1426 5030 1459 5086 et
1482 5015 1727 5106 praesentibus
1750 5009 1947 5081 commodis
1969 5009 2142 5092 fruentes,
2166 5002 2274 5069 vivunt

270 5122 470 5195 fi‘fflifflm‘
499 5115 666 5192 ⁵¹³²⁰i¹⁰e
698 5114 793 5205 ΨΜ
823 5108 909 5182 hm
942 5113 1035 5199 39⁵³.
1068 5141 1157 5207 quae
1181 5119 1259 5188 sine
1308 5120 1384 5188 sine
1412 5119 1547 5204 magnis
1573 5115 1776 5193 doloribus,
1809 5135 1884 5182 non
1906 5111 1996 5180 liunt
2020 5111 2195 5180 ardentes,
2223 5092 2271 5166 sed

269 5223 476 5316 conditione
501 5215 608 5310 petis,
640 5213 804 5282 videlicet
828 5214 1070 5286 remissionem
1099 5233 1259 5308 peccato·
1308 5219 1416 5292 nintie
1448 5219 1610 5305 ignavae,
1643 5215 1831 5304 languidae
1857 5227 1892 5285 at
1919 5211 2068 5302 frigidae
2097 5204 2272 5298 petitiones,

271 5353 369 5410 rum,
394 5321 581 5412 gratuitam
599 5313 942 5400 reconciliationem,
967 5331 1001 5386 et
1018 5319 1126 5388 vitam
1143 5335 1257 5392 aeter.
1308 5320 1392 5413 qui,
1415 5332 1532 5390 (amu,
1553 5333 1603 5390 „g
1621 5331 1748 5410 ,mm
1762 5315 1956 5388 „domum
1971 5325 2005 5384 et
2022 5309 2271 5382 temulentam
