4590 5808
244 195 317 270 095
588 171 594 180 ·
834 178 961 252 euin.
988 114 1105 252 nnn
1131 176 1341 264 scitura
1366 175 1667 256 exueruut.
2183 177 2247 254 sss

246 362 352 434 simul
380 371 542 450 oporteat
567 379 644 426 eam
670 355 822 424 exerceri
842 352 1099 424 afflictionibus
1122 366 1156 422 et
1177 352 1235 422 in·
1289 353 1355 425 Dei
1378 353 1621 424 misericordia
1644 351 1867 443 mitigaretur
1888 373 1928 422 ac
1950 351 2139 436 levaretur,
2167 351 2250 420 lutu-

246 463 411 552 gentibus
434 461 587 530 miseriis
609 457 755 534 subiici,
782 456 855 526 imo
877 469 1038 546 oporteat
1060 455 1236 524 excellen-
1288 480 1366 526 rum
1398 455 1524 534 fuisse,
1556 469 1597 526 ut
1619 456 1734 526 multo
1756 453 1992 526 atrocioribus
2012 453 2148 544 poenis,
2178 475 2250 544 quas

245 566 294 636 tia
317 566 474 634 membra
498 576 532 632 et
547 560 754 650 praecipuos
767 558 875 628 duces
890 559 927 627 in
945 557 1145 628 ministerio
1161 557 1236 626 beri
1287 559 1454 628 coecitate
1479 557 1683 651 duritiaque
1704 569 1825 627 nostra
1847 579 2079 641 mereremur,
2109 553 2251 645 oppressi

246 667 380 737 similes
402 690 442 735 ac
468 665 664 735 conformes
687 663 724 729 in
749 683 871 744 cruce,
896 660 1048 730 miseriis
1071 673 1106 730 et
1123 674 1236 731 morte
1288 662 1597 730 succumberemus
1621 684 1661 729 ac
1686 661 1893 751 periremus.
1952 657 2078 740 Videte
2097 670 2252 750 quantum

246 771 315 861 ipsi
332 767 522 840 redemtori
539 764 696 836 Domino
709 775 833 834 nostro
848 761 927 834 lesu
943 757 1099 838 Christo.
1288 760 1399 832 Moisi
1424 761 1576 854 populus
1592 759 1807 833 lsraiiliticus
1828 761 1987 855 quotidie
2006 783 2173 829 novorum
2189 781 2253 826 cer·

351 899 400 974 Ut
420 901 565 994 quando
584 894 681 970 neu,
698 894 831 968 pavidi
853 897 1029 988 promiffit
1050 897 1236 968 victoriam
1288 863 1479 949 taminum,
1507 865 1743 950 tumultuum,
1770 864 1985 935 seditionum
2000 861 2132 933 excitet.
2166 855 2253 928 Adeo

248 1021 280 1078 et
307 1003 585 1073 incolumitatem
613 1001 785 1071 exercitus
808 998 1015 1084 lsrab’litici‚
1041 991 1236 1070 absurdum
1288 979 1329 1037 ¹¹¹
1350 967 1408 1036 Vix
1429 966 1506 1036 ⁰¹¹⁰
1528 969 1698 1060 leml’⁰¹'is
1722 980 1901 1036 ¹¹¹⁰ffl²¹¹l⁰
1926 966 1997 1035 flul
2019 959 2254 1056 P⁰⁸⁵lll¹³⁶⁸²·

247 1107 353 1178 luerit
375 1106 424 1174 sic
442 1102 972 1195 interpretaripromissionem,
997 1101 1091 1194 quod
1109 1102 1147 1170 in
1163 1102 1238 1170 acie
1289 1069 1455 1153 ‘millite’
1479 1070 1574 1161 (1⁰⁰⁶
1600 1069 1756 1160 Plaffll‘ls
1781 1068 1920 1161 placida
1944 1081 1979 1137 0¹
2001 1064 2186 1160 tranquilla
2202 1085 2255 1151 8¹1·

246 1204 339 1278 nihil
366 1208 529 1277 laborum
553 1205 769 1296 suscepturi,
802 1205 1044 1296 periculorum
1070 1203 1238 1288 subituri,
1290 1169 1447 1242 bef¹¹³ll⁰
1463 1170 1581 1240 fmus*
1597 1171 1652 1242 δὴ·

248 1313 436 1380 vulnerum
460 1307 636 1400 accepturi
657 1307 843 1393 sint,'nec
864 1307 941 1377 fore
964 1319 1005 1377 ut
1026 1307 1238 1399 praeliantes
1391 1303 1451 1376 Sic
1489 1305 1653 1377 universa
1692 1305 1764 1380 vita
1799 1307 1837 1375 in
1869 1305 1978 1376 tantis
2007 1301 2257 1396 impedimentis,

247 1401 508 1484 interficiantur
525 1411 593 1481 ulli
614 1409 762 1494 milites,
787 1410 848 1478 sed
865 1409 1013 1478 omnino
1030 1431 1170 1479 necesse
1186 1421 1239 1479 est
1290 1432 1380 1502 qnae
1402 1407 1567 1496 diabolus
1588 1421 1622 1479 et
1644 1431 1776 1500 organa
1798 1407 1935 1478 diaboli
1956 1406 2146 1495 obiiciunt,
2168 1404 2255 1495 plena

247 1515 455 1584 dimicantes
480 1513 616 1606 aliquot
641 1511 830 1582 acerrimos
853 1525 887 1580 et
908 1511 1121 1581 lorti'ssimos
1143 1511 1239 1579 viros
1291 1523 1342 1582 est
1361 1532 1611 1582 aerumnarum
1628 1505 1787 1581 humano
1804 1509 1954 1580 consilio
1968 1505 2257 1588 inextricabilium,

248 1620 287 1686 in
308 1616 381 1686 acie
406 1616 514 1684 vitam
537 1628 572 1686 et
594 1613 801 1702 sanguinem
824 1613 1057 1704 profundere,
1083 1625 1123 1681 ut
1139 1614 1239 1681 inco-
1292 1626 1326 1683 et
1341 1612 1472 1701 singuli
1488 1626 1581 1683 certe
1597 1636 1780 1682 versamur
1795 1613 1834 1682 in
1850 1611 2069 1706 quotidianis
2083 1606 2256 1680 continuis·

247 1718 355 1790 lumis
376 1717 534 1809 reliquus
554 1717 725 1786 exercitus
748 1716 935 1806 gloriosam
953 1713 1136 1783 victoriam
1151 1737 1241 1783 con·
1291 1736 1361 1807 que
1380 1713 1563 1804 periculis,
1591 1715 1687 1808 quod
1705 1717 1750 1784 ad
1767 1713 1910 1807 propria
1926 1736 2092 1804 corpora,
2117 1711 2203 1805 quod
2220 1709 2255 1776 ad

249 1835 431 1912 sequatur:
464 1819 513 1889 ita
532 1816 630 1888 Deus
650 1817 788 1909 munit,
815 1816 898 1901 alit,
924 1815 1083 1885 defendit
1106 1840 1145 1886 ac
1166 1839 1239 1884 scr·
1292 1817 1570 1887 incolumitatem
1596 1817 1787 1905 coniugum
1812 1831 1847 1887 et
1870 1815 2088 1900 liberorum,
2113 1813 2200 1906 quod
2220 1809 2256 1878 ad

249 1935 308 1992 vat
323 1943 451 2012 corpus
465 1915 660 2003 Ecclesiae,
687 1920 791 1989 etiam
806 1941 887 1989 cum
901 1918 1091 2010 praecipua
1103 1917 1241 1988 lumina
1292 1919 1444 2002 victum,
1480 1919 1576 2011 quod
1601 1919 1644 1989 ad
1665 1921 1822 2016 regimen
1844 1918 1998 2013 denique
2021 1939 2083 1987 seu
2105 1916 2256 2008 guberua-

248 2025 351 2095 foede
363 2023 564 2092 lacerantur
574 2045 614 2092 ac
624 2019 1098 2114 interficiunturatyrannis.
1148 2017 1243 2091 Sunt
1292 2019 1427 2092 tionem
1441 2021 1578 2094 attinet.

250 2126 345 2195 enim
369 2147 491 2194 causae
515 2124 633 2212 plures
649 2123 876 2214 gravissimae
891 2135 925 2193 el
941 2121 1130 2205 maximas,
1155 2145 1240 2213 pro·
1395 2135 1623 2231 Quapropter
1642 2140 1732 2208 bene
1748 2138 1978 2210 consideretis
1992 2163 2034 2209 ac
2049 2129 2258 2208 memineritis

248 2241 327 2320 pter
343 2249 429 2320 quas
445 2221 602 2295 Ecclesia
619 2223 777 2294 mirabili
793 2223 943 2294 consilio
958 2216 1028 2294 Dei
1043 2236 1097 2295 tot
1111 2236 1144 2293 et
1161 2238 1240 2294 tan·
1292 2234 1361 2309 h0c
1387 2238 1496 2309 breve
1525 2239 1680 2324 dictum,
1712 2251 1751 2310 ut
1781 2241 1963 2311 mutim,
1993 2239 2203 2312 securitatem
2231 2244 2258 2300 u

108 2397 121 2414 ,
249 2331 293 2400 tis
310 2329 488 2398 aerumnis
505 2340 555 2397 est
570 2327 740 2397 subiecta.
791 2323 954 2420 Cumque
968 2324 1117 2415 nosipsi
1134 2325 1240 2395 etiam
1293 2342 1516 2431 superbiam,
1541 2339 2020 2418 sufficqqdieiafflicfiosua.
2071 2339 2258 2430 Hocipsum

249 2431 405 2523 plurima
435 2452 510 2497 non
532 2428 655 2518 exigua
676 2451 740 2496 nec
762 2427 854 2497 levia
877 2441 1015 2518 peccata
1035 2422 1241 2510 habeamus,
1294 2445 1422 2512 docem
1451 2445 1613 2512 omnium
1646 2457 1800 2516 aetatum
1830 2440 2021 2532 historiae,
2063 2458 2099 2516 et
2125 2435 2258 2528 exempla

251 2532 327 2601 vult
343 2528 439 2626 Deus
460 2531 617 2622 exempla
640 2529 695 2598 sui
713 2528 836 2598 iudicii
852 2527 1027 2620 conspici,
1052 2542 1085 2598 et
1099 2551 1163 2620 per
1177 2521 1241 2596 has
1295 2544 1502 2638 quotidiana
1520 2558 1603 2614 suns
1618 2545 1657 2614 ῐῃ
1674 2559 1873 2638 conspectu,

249 2655 382 2727 poenas
410 2655 476 2701 nos
501 2629 798 2703 commonefactos
824 2632 867 2700 ad
895 2630 1162 2700 conversionem
1184 2652 1241 2698 re-

251 2734 381 2806 vocari.
435 2732 573 2804 luteres
595 2747 714 2804 tamen
739 2747 883 2804 eatenus
906 2731 1080 2800 immensa
1102 2729 1241 2801 miseri-

251 2837 370 2909 cordia
393 2849 539 2930 propter
561 2834 792 2907 mediatorem
818 2833 907 2903 lenit
925 2857 965 2903 ac
982 2832 1122 2924 mitigat
1137 2856 1241 2925 prae-

252 2954 366 3011 sentes
390 2962 542 3030 poenas,
565 2961 612 3007 ne
631 2949 704 3009 tota
718 2933 876 3007 Ecclesia
895 2935 1057 3006 deleatur
1069 2935 1243 3021 funditus,

252 3041 344 3111 sicut
357 3057 501 3132 prorsus
514 3039 630 3110 deleta
643 3051 725 3110 sunt
734 3036 890 3134 Sodoma
903 3051 938 3108 et
946 3035 1135 3122 Gomorra,
1157 3060 1243 3129 pro-

250 3155 371 3235 pterea
395 3141 566 3233 tantisper
586 3142 701 3211 donec
724 3163 846 3210 sumus
863 3140 902 3210 in
917 3136 984 3210 hac
1001 3139 1242 3228 mortalisne,

254 3245 315 3315 dat
335 3244 466 3314 bonam
489 3243 750 3329 valetudinem,
774 3242 908 3314 victum
932 3257 968 3314 et
991 3242 1087 3313 bona
1107 3254 1243 3311 caetera

182 3415 185 3422 .
252 3346 447 3416 necessaria
462 3346 508 3416 ad
526 3346 831 3420 conservationem
848 3345 941 3416 vitae
955 3343 1161 3437 corporalis.

1397 2673 1574 2770 Adiungit
1595 2695 1713 2752 autem
1733 2680 1909 2754 Dominus
1930 2697 2052 2778 noster
2068 2680 2159 2753 lesus
2173 2671 2260 2748 Chri·
2283 2725 2284 2782 q

1295 2796 1369 2852 stus
1396 2795 1621 2874 praeceptum
1651 2782 1949 2875 sapientissimum
1980 2800 2016 2857 ct
2045 2783 2284 2863 utilissimum,

1254 2915 1257 2922 ·
1295 2883 1424 2955 tradita
1448 2883 1621 2974 singulari
1638 2885 1759 2976 regula
1777 2888 1821 2956 de
1837 2886 2082 2960 discernendis
2097 2882 2259 2978 generibus

1295 2985 1542 3058 afflictionum.
1595 2982 1735 3080 Duplex
1757 3001 1809 3059 est
1831 2988 1989 3064 afflictio.
2032 2987 2114 3061 Alia
2129 2999 2177 3058 est
2191 3003 2258 3054 crux

1296 3087 1507 3172 necessaria,
1536 3109 1602 3158 nec
1631 3089 1798 3161 accersita
1822 3103 1943 3162 nostra
1968 3091 2183 3172 curiositate,
2210 3081 2258 3154 sed

1297 3213 1361 3282 per
1380 3213 1453 3261 sese
1470 3213 1535 3261 nos
1553 3189 1713 3282 affligens
1730 3205 1824 3263 certo
1841 3191 1914 3263 Dei
1929 3184 2101 3279 consilio,
2125 3205 2163 3263 ut
2176 3182 2260 3258 casti-

1297 3314 1422 3381 gemur
1442 3307 1476 3362 et
1500 3315 1735 3367 exerceamur.
1788 3290 1869 3364 Alia
1891 3309 1942 3365 est
1956 3295 2103 3367 afflictio
2118 3287 2260 3364 accersita

1297 3405 1418 3463 nostra
1434 3394 1649 3484 curiositate,
1675 3419 1755 3467 cum
1771 3396 2092 3493 polypragmosyne
2105 3418 2163 3467 seu
2177 3408 2261 3484 pras·

356 3479 460 3552 Hm
486 3482 765 3552 0⁰¹¹S⁰l³ll⁰ss0ffl
795 3484 839 3553 de
862 3483 1048 3553 l³b⁰rlb1¹⁸
1071 3480 1245 3551 divinitus
1298 3508 1436 3588 postera
1458 3511 1492 3566 et
1512 3489 1756 3568 hallucinante
1772 3491 1971 3589 sapientia,
1996 3501 2093 3571 ultro
2114 3487 2261 3567 nosmeti-

255 3583 430 3654 ordinatis
452 3607 493 3654 ae
515 3583 696 3654 aerumnis
710 3579 1246 3704 praesentibus-proposuitDo·
1297 3597 1597 3691 pw3m01032133‚
1632 3599 1825 3688 angoribus
1856 3615 1891 3673 et
1916 3602 2099 3672 ammi,
2123 3592 2261 3687 implica.

253 3686 373 3756 miuus
390 3686 429 3754 in
446 3679 505 3755 his
521 3685 655 3755 verbis:
677 3683 761 3754 Non
777 3699 854 3756 srtrs
870 3685 999 3755 solrcrtr
1018 3685 1062 3755 de
1077 3685 1245 3784 crastino,
1298 3721 1394 3790 mus,
1420 3712 1480 3786 ut,
1505 3701 1649 3792 quando
1670 3701 1812 3794 quaerit
1833 3716 1868 3775 et
1889 3702 2038 3794 suscipit
2054 3699 2159 3775 homo
2171 3715 2262 3784 nego·

253 3812 338 3862 nam
360 3787 534 3858 crastinus
556 3785 632 3856 dics
652 3785 791 3856 curabit
813 3807 869 3857 res
882 3808 980 3873 suas,
1006 3809 1069 3856 seu
1084 3787 1244 3858 solicitus
1297 3803 1348 3873 tia
1373 3825 1447 3871 non
1464 3803 1677 3888 necessaria,
1704 3805 1849 3896 quando
1865 3804 2045 3897 principes
2063 3814 2200 3876 movent
2214 3803 2262 3866 aul

255 3891 322 3964 ⁰¹5²
336 3915 403 3983 ΡΝ)
419 3913 474 3971 ⁵²²
500 3887 716 3960 ⁵¹¹ffi⁰l¹dl⁰l
731 3886 888 3959 ”ffllellffl
1082 3957 1084 3960 -
1297 3898 1480 3976 attrahunt
1502 3903 1596 3974 bella
1617 3905 1694 3975 sine
1715 3907 1938 3994 necessitate,
1972 3931 2064 4002 quae
2086 3907 2191 3978 vitare
2209 3919 2262 3992 po·

357 4021 463 4094 Brevi
487 4048 571 4094 voce
592 4021 794 4094 afflictionis
810 4023 979 4092 admonet
992 4035 1026 4092 et
1040 4045 1244 4092 commone-
1298 4019 1431 4090 lerant,
1456 4017 1520 4076 ²1⁰·

254 4127 340 4197 facit
360 4150 425 4196 nos
446 4123 644 4212 Dominus,
667 4126 763 4219 quod
788 4124 938 4196 subiecti
961 4125 1069 4194 simus
1091 4124 1188 4195 cruci
1211 4139 1246 4196 et
1401 4118 1455 4191 De
1469 4117 1539 4194 hoo
1553 4122 1760 4193 discrimine
1776 4125 2010 4197 concionatur
2026 4123 2261 4200 hicDomiuus:

256 4225 533 4312 calamitatibus,
566 4240 600 4298 et
628 4229 725 4321 quod
749 4226 1001 4322 unaquaelibet
1023 4227 1099 4296 dies
1122 4227 1242 4298 afferat
1297 4223 1413 4296 Sinite
1440 4237 1481 4296 ut
1513 4226 1763 4319 unaquaelibet
1788 4227 1864 4299 dies
1885 4229 2023 4300 solicita
2048 4231 2095 4302 sit
2116 4246 2263 4322 prosus,

256 4350 337 4398 suas
358 4329 585 4414 afflictiones,
611 4329 743 4426 quibus
765 4325 863 4398 Deus
883 4329 971 4401 velit
991 4350 1057 4398 nos
1079 4329 1245 4402 exerceri.
1297 4340 1395 4397 curet
1419 4347 1474 4396 res
1491 4350 1593 4412 suas,
1620 4326 1744 4399 afferat
1759 4353 1840 4400 suas
1856 4330 2068 4404 afflictiones
2083 4346 2116 4405 et
2131 4323 2262 4402 difficul-

255 4427 386 4500 Brevia
415 4431 577 4523 quidem,
608 4444 647 4503 ut
681 4429 776 4516 dixi,
809 4447 892 4504 sunt
915 4426 1002 4503 haec
1021 4433 1150 4513 verba,
1183 4433 1243 4502 sed
1297 4440 1395 4499 tates.
1449 4426 1546 4500 llaec
1567 4428 1821 4520 impedimenta
1842 4455 1905 4503 vos
1926 4433 2263 4525 inpraesentiareete

254 4531 457 4603 universam
471 4533 565 4604 vitae
578 4527 761 4602 historiam
778 4534 1080 4626 complectuntur,
1106 4549 1143 4605 et
1158 4558 1244 4605 con·
1296 4530 1463 4617 tolerate,
1488 4556 1554 4603 nec
1574 4556 1719 4626 quoquo
1742 4536 1850 4604 modo
1870 4536 1972 4607 vobis
1987 4538 2162 4609 cumulate
2175 4531 2262 4604 mise-

255 4635 446 4728 cionantur
459 4633 503 4702 de
516 4635 669 4704 miseriis
680 4633 884 4724 ingentibus
897 4635 1072 4727 impositis
1086 4631 1243 4708 humano
1295 4635 1386 4720 rias,
1430 4635 1490 4705 sed
1521 4647 1660 4706 tantum
1687 4635 1792 4706 facite
1821 4639 2015 4721 necessaria
2047 4652 2083 4710 et
2109 4637 2263 4712 mandata,

256 4737 394 4829 generi,
418 4750 585 4821 monent,
612 4762 657 4807 ne
677 4737 854 4808 securitati
871 4751 906 4808 et
920 4737 1106 4829 superbiae
1120 4739 1244 4809 indul-
1296 4736 1454 4808 contenti
1478 4729 1609 4808 diurno
1630 4737 1770 4824 labore,
1796 4763 1901 4832 quem
1918 4740 2022 4812 affert
2037 4740 2189 4822 vocatio,
2211 4755 2262 4804 nes

256 4861 417 4929 geamus,
451 4840 512 4908 sed
537 4851 576 4908 ut
599 4832 667 4910 hoc
688 4851 803 4912 totum
828 4839 920 4910 vitae
942 4840 1159 4912 curriculum
1185 4841 1244 4910 in·
1295 4863 1337 4908 ex
1366 4833 1522 4910 humana
1554 4839 1721 4911 coecitate
1750 4842 1999 4913 communibus
2025 4839 2263 4914 calamitatibus

257 4953 440 5022 tueamur,
461 4953 495 5010 et
511 4938 751 5031 intelligamus
766 4941 805 5011 in
820 4936 886 5012 hac
902 4942 973 5012 vita
988 4943 1135 5033 singulis
1152 4968 1243 5038 quo-
1295 4941 1416 5013 addite
1442 4940 1664 5013 securitatem
1696 4956 1732 5014 et
1760 4945 1983 5034 superbiam,
2015 4969 2136 5016 verum
2156 4943 2261 5012 scitote

256 5041 344 5111 tidie
368 5043 567 5138 propositas
591 5065 665 5112 esse
687 5065 873 5114 aerumnas
895 5044 1009 5114 omnis
1025 5047 1183 5134 generis,
1209 5061 1242 5116 et
1295 5043 1517 5134 diligentiam
1542 5043 1715 5114 divinitus
1738 5037 1938 5118 ordinatam
1962 5071 2024 5140 per
2044 5046 2205 5118 sesesatis
2219 5041 2261 5108 la-

255 5143 447 5233 cogitemus
469 5146 641 5239 denique,
666 5145 736 5215 nisi
760 5140 847 5216 haec
868 5147 943 5238 ipsa
965 5146 1077 5217 moles
1091 5147 1243 5219 difficul-
1295 5147 1442 5233 borum,
1468 5146 1804 5238 impedimentomm
1829 5161 1863 5220 et
1887 5149 2149 5222 solicitudinum
2174 5140 2259 5216 habi·

255 5257 369 5316 tatum
399 5261 433 5316 et
462 5249 715 5332 afflictionum,
749 5271 854 5342 quam
884 5247 1001 5319 indies
1030 5251 1242 5322 cumulatam
1294 5247 1410 5318 t'uram
1435 5269 1528 5334 esse,
1562 5261 1807 5342 praeterquam
1830 5253 1928 5345 qnod
1952 5253 2121 5324 'accedunt
2144 5265 2261 5343 poenae

254 5347 348 5418 eollo
375 5360 411 5418 et
432 5349 629 5422 cervicibus
651 5350 782 5422 nostris
806 5349 1039 5438 sustinemus,
1071 5353 1242 5423 immensa
1294 5363 1330 5422 et
1344 5349 1555 5422 afflictiones
1569 5349 1797 5446 multiplices.
