4620 5814
805 131 1649 250 ‘ammammaumnma
1830 101 1855 110 Ν
2072 191 2078 197 ·
2168 173 2250 252 m

1255 337 1305 416 Et
1324 343 1369 414 de
1388 339 1473 414 fittts
1486 333 1548 414 Eli
1571 339 1704 418 dieitur
1727 341 1760 420 l.
1772 337 1863 436 bec.
1876 345 1929 422 Ωιι
1954 341 2043 422 Erat
2059 359 2243 440 peccatum

1255 466 1448 538 pueromm
1467 445 1603 534 enode
1624 465 1743 518 coram
1765 442 1941 533 Domino,
1971 447 2054 542 quie
2075 443 2244 522 detrabe-

318 555 532 638 Scsndelum
566 565 619 624 est
645 550 733 622 talea
760 545 922 620 doctrina
953 563 1016 614 seu
1051 561 1201 636 pravum
1255 546 1343 618 bant
1368 539 1531 616 homines
1551 545 1720 620 sacrificio
1741 541 1902 622 Domini.
1952 543 2028 620 llas
2048 551 2245 620 sententias

101 683 104 692 ’
219 667 440 759 exemplum,
464 655 560 753 quod
581 652 660 724 eliis
683 660 805 734 nocet,
830 647 888 719 sel
907 643 991 741 quia
1011 643 1141 714 invitat
1155 642 1201 712 ad
1255 645 1540 733 meminerimus,
1563 659 1605 719 ut
1625 646 1818 737 cogitemus
1834 647 1874 718 in
1891 648 2041 740 singulis
2058 650 2176 739 pravis
2189 651 2247 719 ia·

218 767 452 847 imitandum,
474 757 532 830 vel
546 754 630 850 qaia
643 751 790 824 scema
801 769 931 842 paeon
944 745 1130 840 {subdens
1145 741 1205 814 vel
1256 748 1323 821 ctis
1345 749 1508 821 accedere
1531 743 1601 819 hoe
1619 761 1822 839 peccatum,
1848 749 1953 844 qnod-
1961 749 2116 822 laeditur
2128 751 2247 841 gloria

51 880 87 905 ²
217 872 305 970 quis
330 866 462 940 alienet
489 857 627 930 animos
650 876 670 925 e
692 852 856 924 societate
877 871 996 920 rernm
1017 845 1206 928 honarum,
1256 849 1412 920 nominis
1431 844 1511 921 Dei.
1560 845 1745 920 Praeterea
1769 850 2034 922 meminerimus
2053 845 2118 919 has
2143 873 2247 920 seve·

219 975 276 1046 vel
297 967 380 1064 quio
399 961 543 1056 {trithei
559 955 780 1028 w(ditationem
798 951 928 1037 malis,
945 949 990 1020 dc
1006 946 1083 1019 Deo
1106 946 1205 1044 etde
1256 949 1412 1020 rissimas
1434 949 1568 1019 minas:
1595 945 1671 1019 Vae
1687 947 1759 1034 illi,
1787 972 1971 1045 perquem
1986 949 2083 1022 venis
2096 947 2248 1020 musta.

219 1076 326 1148 rebus
337 1064 470 1140 divini!
481 1059 575 1132 mle
589 1054 772 1152 loquendi·
1257 1051 1345 1135 lum.
1382 1047 1479 1120 Haec
1494 1049 1586 1122 dicta
1601 1061 1775 1120 testantur
1787 1051 1992 1140 gravissime
2003 1050 2126 1145 puniri
2141 1073 2247 1122 m.

273 1160 594 1262 anteponens
608 1157 768 1231 iacimus.
906 1253 907 1256 Ἴ
1258 1151 1358 1238 dala,
1385 1150 1626 1244 praesentibus
1639 1163 1674 1223 et
1684 1151 1838 1222 aeternis
1852 1152 1987 1246 poenis.

320 1267 482 1346 Primos,
509 1259 660 1332 estlalsa
671 1256 845 1328 doctrina.
886 1249 1089 1343 Hocgenos
1101 1269 1204 1322 men·
1682 1293 1685 1300 .

219 1376 294 1452 dall
309 1363 598 1444 nocentissimum
615 1370 679 1434 esi.
855 1439 862 1452 Ι
1237 1357 1240 1366 ’
1642 1335 1691 1390 Be
1723 1333 1856 1404 solete.
1982 1425 1985 1430 Δ

322 1467 532 1548 Secundus,
555 1483 706 1556 ριιιιιιι
725 1458 924 1548 exemplum
934 1448 953 1536 ,’
970 1453 1067 1548 quod
1084 1451 1205 1524 imite-
1525 1430 1581 1498 lh
1600 1431 1748 1502 custodia
1766 1429 1975 1521 accelerans,

221 1565 452 1654 tlonenocst,
475 1559 936 1640 utinvocatieSanctorum.
991 1553 1080 1626 Item
1092 1551 1204 1624 motta
1355 1545 1463 1624 Extat
1481 1547 1541 1623 hic
1561 1554 1792 1648 perspicuum
1815 1553 2078 1636 testimonium,
2105 1551 2248 1623 additos

221 1681 291 1756 slis
313 1671 498 1746 manifesta
519 1665 665 1748 delicta,
689 1659 948 1755 quaeinvitsnt
961 1655 1050 1728 alios
1064 1655 1109 1726 sd
1124 1675 1204 1744 pec-
1255 1655 1329 1724 esse
1352 1653 1513 1727 custodes
1532 1654 1675 1746 angelos
1692 1656 1774 1747 piis.
1827 1651 1899 1725 iiic
1914 1654 2128 1742 colligantur
2143 1654 2249 1722 simi·

223 1780 396 1856 cendum,
420 1782 489 1854 aut
509 1761 870 1864 exemplo-licentiam
893 1772 1038 1850 augum,
1060 1767 1104 1826 ut
1125 1750 1205 1826 hel·
1256 1755 1304 1826 lia
1328 1753 1547 1838 testimonis,
1582 1767 1641 1840 ut,
1672 1777 1787 1827 comes
1803 1751 1935 1826 Elisaei
1956 1755 2053 1826 videt
2075 1775 2112 1825 se
2134 1753 2246 1845 stipa-

146 1913 155 1924 ·
222 1879 421 1958 lentim,
445 1867 676 1942 mustiones
689 1877 755 1936 etc.
1254 1868 1331 1927 tum
1353 1877 1424 1924 esse
1447 1875 1575 1944 magno
1599 1855 1753 1930 exercitu
1778 1855 2000 1947 angelornm,
2057 1849 2105 1924 Et
2125 1855 2245 1925 comi.

325 1973 470 2049 Tertius
489 1971 618 2062 padus
639 1978 709 2050 est,
743 1987 817 2036 nou
837 1975 975 2034 tantum
999 1956 1205 2028 manifesto-
1256 1957 1398 2027 deretur
1419 1949 1480 2024 hic
1494 1949 1680 2026 antithesis
1693 1956 1869 2028 malornm
1885 1970 1922 2026 et
1936 1955 2115 2027 bonorum
2131 1977 2246 2044 ange-

74 2060 77 2073 ·
222 2105 305 2158 runt
321 2077 509 2158 scelerum,
536 2071 598 2142 sed
611 2068 717 2140 etiam
730 2085 960 2144 areanorum,
985 2080 1074 2154 quae
1087 2079 1205 2128 accer-
1256 2055 1386 2130 lorum.
1450 2053 1559 2126 Malis
1587 2057 1659 2127 duo
1687 2056 1773 2127 ritis
1809 2056 1996 2148 praecipua
2023 2054 2245 2142 tribuuntur,

222 2197 307 2259 sunt
331 2197 462 2274 poenes
475 2170 664 2266 publicas,
694 2165 811 2247 bella,
841 2163 1048 2247 seditiones,
1080 2155 1204 2229 etalio
1256 2155 1354 2251 quod
1378 2147 1452 2226 sint
1471 2156 1677 2237 mendaces,
1707 2155 1905 2250 blasphemi
1925 2157 2093 2228 adversus
2115 2153 2247 2242 Deum,

222 2285 335 2364 mels,
373 2299 464 2373 quse
491 2294 610 2345 secum
639 2266 852 2358 multiplicia
882 2275 1021 2355 peccata
1045 2253 1206 2334 trahunt.
1257 2270 1292 2328 et
1313 2252 1530 2338 homicidae,
1563 2269 1604 2328 ιιι
1627 2257 1666 2326 in
1688 2255 1859 2328 Paradiso
1885 2271 2065 2351 utrunque
2086 2259 2246 2329 ostendit

224 2384 292 2460 Est
325 2393 443 2454 autem
474 2370 711 2446 miserrimum
740 2366 915 2438 mamere
946 2359 1207 2442 conscientiam,
1257 2357 1431 2432 diabolus.
1458 2354 1603 2430 Excutit
1617 2357 1712 2427 enim
1723 2357 1820 2430 Evae
1834 2355 2247 2432 mandataneioffusa

224 2486 322 2586 qnod
349 2491 494 2574 propter
515 2484 672 2544 ιοιιιιιιι
694 2467 835 2560 culpam
856 2463 994 2535 infinita
1014 2459 1206 2530 multitudo
1258 2456 1327 2528 alia
1342 2456 1533 2550 opinione,
1559 2453 1670 2530 Eritis
1683 2458 1772 2529 sient
1790 2459 1858 2545 dii,
1882 2472 1916 2528 et
1931 2458 2037 2533 traxit
2053 2470 2167 2529 totum
2182 2481 2247 2548 ge-

224 2597 357 2682 pereet.
408 2577 459 2652 Ut
477 2574 574 2648 enim
597 2582 741 2665 propter
756 2563 859 2640 Adae
878 2577 915 2636 et
927 2559 1024 2634 Evae
1038 2559 1207 2633 delictum
1259 2579 1327 2630 nos
1342 2553 1538 2628 homanum
1553 2559 1594 2626 in
1615 2573 1792 2630 aeternam
1807 2573 1969 2636 mertem.
2012 2555 2246 2643 ldemadhue

225 2702 342 2764 totum
361 2703 473 2775 genus
492 2671 690 2749 humanum
714 2668 839 2763 periit,
870 2678 911 2737 ut
932 2675 1077 2756 propter
1096 2657 1207 2732 Devi-
1259 2671 1426 2738 conatur,
1448 2657 1600 2748 impellit
1616 2658 1709 2731 levis
1731 2659 1873 2748 ingenia
1898 2659 1941 2730 ad
1967 2659 2147 2751 epicureos
2164 2661 2245 2751 opi-

215 2790 282 2862 dis
296 2781 533 2866 adulterium,
557 2786 701 2870 propter
715 2767 953 2842 idololatriam
966 2758 1102 2845 Achae,
1125 2757 1208 2830 Ma·
1242 2759 1402 2844 niones,
1427 2771 1488 2828 aut
1504 2757 1589 2828 alias
1602 2759 1706 2830 falsae
1723 2761 1911 2852 opiniones
1934 2760 2195 2852 amplectendas
2212 2775 2247 2831 et

224 2911 370 2974 mune,
406 2895 545 2954 secutae
569 2889 651 2947 sunt
678 2872 840 2970 ingentes
869 2865 1031 2962 publicae
1060 2883 1208 2956 poenae,
1260 2860 1435 2946 serendas.
1468 2855 1627 2930 Conatur
1642 2858 1680 2928 in
1693 2872 1872 2932 aeternam
1887 2873 2038 2931 mortem
2059 2856 2245 2953 pertrahe·

226 2994 276 3065 its
307 3005 445 3079 semper
465 2981 505 3051 in
522 2976 664 3048 nando
682 2984 855 3064 vagantur
879 2965 1042 3062 publicae
1064 2983 1208 3056 ροιιιιι,
1259 2985 1315 3044 re,
1340 2971 1516 3053 quotquot
1528 2972 1652 3050 potest,
1678 2984 1780 3032 ιιιιιι
1796 2975 1847 3034 ιιι
1866 2961 1962 3032 ιιιιὶι
1978 2962 2181 3054 corporalis,
2211 2977 2245 3034 et

226 3107 325 3167 ortae
339 3090 384 3162 ab
399 3080 577 3176 aliquibus
593 3074 814 3166 singulorum
830 3069 991 3163 peccatis·
1259 3061 1494 3153 plurimarum
1516 3060 1753 3131 calamitatum
1783 3057 2007 3146 hominibus,
2035 3073 2076 3134 ut
2098 3085 2163 3153 per
2183 3085 2246 3132 eas

246 3229 250 3236 ·
329 3179 698 3278 Qusnusgndusen,
725 3197 873 3268 pravum
882 3166 1094 3260 exemplum,
1111 3163 1206 3256 quod
1260 3155 1441 3254 pertrahat
1463 3159 1699 3250 lenguelactos
1722 3163 1857 3234 animos
1880 3165 1924 3232 ad
1950 3163 2246 3252 desperationem,

263 3285 544 3364 ienstauintosa
561 3279 724 3354 societate
740 3274 1068 3352 rerumbonarom,
1091 3264 1219 3340 tttde·¹
1260 3277 1295 3333 et
1317 3277 1495 3332 aeternam
1524 3279 1691 3343 mortem,
1726 3262 1877 3354 impellit
1905 3263 2035 3352 impios
2054 3267 2100 3332 sd
2124 3267 2246 3335 omnis

225 3297 355 3470 deeora
382 3385 586 3460 docentium
615 3393 677 3454 ant
699 3376 918 3473 principum,
950 3368 1109 3440 alienant
1131 3364 1208 3435 ani·
1260 3363 1397 3452 generis
1411 3362 1555 3452 flagitia,
1579 3361 1757 3448 libidines,
1783 3377 1816 3432 et
1830 3363 1951 3435 caedes
1966 3363 2125 3448 iniustas,
2152 3365 2247 3436 sicut

227 3519 305 3568 mos
320 3493 366 3564 ab
380 3485 587 3580 Evangelio.
637 3479 778 3553 Ducum
794 3471 1052 3567 turpitudines,
1076 3479 1115 3538 nt
1131 3465 1209 3535 An·
1260 3460 1405 3534 historia
1419 3465 1525 3534 totius
1539 3463 1666 3552 mundi
1683 3464 1842 3534 omnium
1859 3477 2059 3554 temporum
2074 3467 2246 3556 ostendit,

226 3597 339 3678 eonii,
369 3589 507 3674 Saulis,
537 3581 801 3676 langneiacinnt
822 3577 961 3648 animos
982 3567 1209 3646 exercituum,
1260 3588 1350 3658 qnae
1365 3583 1615 3634 commemorat
1630 3561 1815 3636 horribilia
1830 3563 1975 3654 flagitia,
1991 3563 2122 3636 iniusta
2136 3551 2245 3640 bella.

227 3697 312 3792 quia
340 3691 498 3771 iudicant
519 3682 635 3759 Deum
665 3679 872 3773 punitorum
894 3696 969 3744 esse
990 3671 1118 3741 scelera
1141 3668 1209 3739 do·
1261 3664 1442 3738 Adversus
1464 3658 1549 3734 haec
1566 3676 1662 3734 tanta
1682 3665 1772 3735 mala
1788 3670 1861 3735 dux
1879 3678 1927 3738 est
1945 3664 2049 3736 nobis
2071 3665 2246 3738 liberator

228 3823 321 3872 eunt·
369 3789 580 3864 {lutetiam
605 3782 755 3876 pertinet
780 3779 818 3848 in
840 3774 963 3846 mediis
985 3770 1092 3842 factis
1107 3783 1208 3861 petu—
1260 3767 1355 3836 lilios
1385 3764 1455 3836 Dei
1478 3759 1674 3849 Emannel,
1707 3767 1767 3858 qui
1790 3767 1941 3838 destruit
1965 3789 2070 3858 opera
2094 3768 2245 3852 diaboli,

228 3900 340 3971 lautia
368 3907 402 3966 et
426 3886 631 3985 pert-inscia.
688 3875 893 3954 Petulanter
922 3888 1024 3945 utens
1047 3871 1208 3941 libertate
1261 3881 1296 3938 et
1312 3866 1420 3936 mittit
1434 3865 1502 3958 piis
1519 3865 1633 3934 bonos
1647 3869 1805 3956 angelos,
1828 3869 1873 3936 ad
1888 3865 2132 3960 impediendos
2148 3873 2245 3941 mul·

230 4000 324 4095 apud
345 3985 426 4091 pios'
446 3984 821 4066 nonduminrtitutos,
846 3977 976 4048 alienat
990 3994 1060 4046 eos.
1112 3967 1209 4042 Rur-
1260 3983 1314 4040 tos
1331 3979 1477 4038 conatus
1493 3965 1678 4038 malornm.

231 4125 291 4174 ens
306 4096 535 4194 pertineciter
550 4089 707 4169 ιιιιιιιιιι
719 4079 1002 4176 superstitiones,
1027 4072 1210 4144 confirmat

231 4223 386 4286 ιιιοιιι,
409 4210 448 4270 et
470 4193 602 4267 sanciat
619 4188 768 4260 aliorum
785 4183 945 4276 piorum,
969 4175 1032 4270 q‘ni
1047 4175 1209 4244 libertate

230 4316 401 4384 utuntur,
412 4313 414 4321 ’
424 4298 581 4368 infirmas
598 4303 755 4372 mentes,
780 4298 814 4355 et
837 4279 1020 4352 contristat
1036 4273 1208 4366 Spiritum
1361 4250 1558 4342 Diligenter
1573 4249 1632 4322 hic
1645 4255 1906 4326 observandum
1922 4263 1973 4325 est
1987 4253 2243 4348 testimonium,

229 4418 402 4492 metum,
1216 4423 1219 4430 ,
1262 4357 1356 4449 qnod
1379 4356 1531 4427 inianter
1553 4355 1677 4425 inserti
1702 4351 1881 4426 Ecclesiae
1902 4353 2061 4445 placeant
2083 4352 2180 4444 Deo,
2210 4372 2245 4428 et

333 4500 491 4593 Quium·
510 4493 638 4585 gradu,
660 4504 729 4574 ‘a'
759 4484 822 4580 φρ
842 4481 951 4556 ,fiam
972 4476 1148 4570 ,pagum
1171 4473 1208 4542 in
1261 4457 1333 4528 sint
1357 4450 1524 4526 haeredes
1554 4456 1646 4526 vitae
1678 4469 1853 4528 aeternae.
1904 4451 1958 4525 De
1985 4456 2117 4526 talibus
2143 4460 2241 4528 enirn

232 4627 372 4688 ornnes,
397 4611 580 4693 propterea
602 4592 697 4686 quod
718 4588 803 4659 meli
818 4588 860 4654 de
875 4581 973 4660 Deo,
998 4591 1032 4651 et
1048 4576 1210 4646 derebus
1262 4559 1354 4628 clare
1376 4557 1520 4628 dicitur:
1547 4555 1628 4674 lion
1653 4572 1705 4629 cst
1728 4559 1893 4638 voluntas
1914 4557 2040 4647 patris,
2063 4571 2103 4628 nt
2127 4573 2244 4650 pereat

233 4705 365 4780 divinis
390 4712 535 4774 eumont
557 4693 775 4766 occasionem
797 4680 1014 4780 probabilem
1036 4701 1078 4747 er
1095 4675 1211 4767 pravis
1261 4681 1354 4730 unu·
1368 4661 1413 4729 de
1429 4658 1585 4751 parvolis
1601 4658 1689 4730 istis.

96 4785 99 4792 ’
232 4805 401 4899 exemplis
423 4800 514 4873 male
536 4793 725 4888 loquendi,
749 4803 789 4860 ut
809 4783 964 4860 Semeias
980 4792 1124 4877 psupter
1137 4774 1209 4851 Dt-

159 4903 162 4910 ’
233 4911 328 4979 vidis
356 4903 542 4983 delictum,
574 4909 645 4967 tem
670 4891 776 4964 habet
805 4905 1000 4980 speciosum
1024 4901 1208 4970 argumen-
1275 4875 1562 4991 &angelium
1591 4873 1642 4959 in.
1665 4872 1738 4964 (lie¹
1763 4875 1940 4960 omnium
1969 4871 2234 4986 sanctorum,

232 5027 329 5096 torn,
366 5030 439 5101 quo
471 4997 677 5094 persuadeat
697 4989 869 5065 Davidem
898 5007 973 5054 non
1000 5004 1073 5052 esse
1094 5001 1211 5068 regern
1611 5060 1618 5070 Ι
1656 5016 1827 5094 mmm

233 5111 406 5184 divinitus
430 5115 610 5178 vocatum,
643 5117 709 5166 nec
730 5084 957 5182 Prophetem.
1006 5081 1096 5152 Nem
1120 5077 1210 5152 Pro·
1827 5067 1838 5095 ⁸

231 5209 337 5302 pheta
359 5231 433 5278 non
453 5204 596 5276 uidetur
616 5197 666 5267 lta
688 5216 802 5264 ruere.
852 5185 906 5260 lta
920 5177 1090 5266 Ezechiel
1106 5181 1208 5250 dicit:
1316 5170 1359 5247 V
1356 5169 1459 5244 ideas
1481 5170 1589 5244 Iesus
1609 5169 1739 5244 turha,
1763 5167 1991 5246 amam„
2011 5184 2184 5262 mom,
2210 5183 2242 5244 α

220 5311 382 5404 'Propter
396 5327 459 5377 vos
474 5296 686 5376 contumelia
700 5294 852 5366 afficitur
863 5285 961 5362 Deos
970 5284 1068 5356 inter
1082 5297 1210 5372 centes.
1364 5295 1443 5346 cnm
1466 5267 1635 5356 sedisset,
1658 5285 1884 5347 euaserunt
1905 5269 1962 5346 ed
1973 5297 2054 5348 sum
2067 5271 2246 5374 ὢςιρμιι
