4622 5818
85 3702 87 3711 ·
151 3725 156 3736 -
232 3677 326 3752 hanc
352 3677 583 3772 opinionem,
620 3680 718 3774 qnod
741 3677 891 3752 Messias
915 3697 1003 3754 esset
1034 3679 1222 3757 habiturus

219 197 293 274 aaa
580 253 588 260 .
807 190 935 268 earn.
961 189 1313 268 nausearent
1340 159 1645 273 exscertus.
1838 265 1846 274 .
2173 201 2242 274 eso

228 371 331 464 spitia
354 383 389 441 et
408 369 553 442 victum.
612 363 713 438 Talis
733 376 787 435 est
805 362 983 450 Ecclesia,
1013 365 1219 460 ubicunque
1372 365 1432 440 Sic
1459 391 1527 438 nos
1555 367 1711 442 vidimus
1728 365 2014 445 Ceroloatadinm
2039 389 2177 442 morere
2196 385 2247 440 tu-

228 477 333 546 estin
349 473 506 555 mundo,
531 465 642 542 habet
662 463 877 560 hospitium,
904 470 999 560 qnod
1015 465 1113 538 Deus
1133 491 1219 558 pro-
1268 471 1402 543 multus
1417 470 1502 541 odio
1518 466 1671 546 Lutheri
1687 485 1753 546 etc.
1803 467 1849 542 Et
1873 471 1987 544 multa
2010 465 2077 547 boc
2101 484 2247 562 tempore

227 577 331 666 tegit,
355 587 389 644 et
402 597 477 646 non
493 567 599 646 hebet
617 565 812 640 humanam
825 569 1082 643 defensionem.
1132 568 1217 641 Ideo
1268 573 1359 644 fiunt
1375 571 1472 646 talia.

228 679 358 749 dicitur
374 676 412 746 in
427 673 551 748 Esaia:
576 670 680 742 Dabo
702 671 807 742 vobis
828 673 1011 744 doctorem
1033 686 1068 743 et
1091 695 1217 764 panem
1369 671 1466 745 Haec
1481 669 1729 766 prohibentur,
1756 697 1838 748 carn
1851 675 1914 746 ait:
1942 669 2066 748 Estote
2082 673 2248 766 simplices

228 792 261 851 et
277 802 425 875 aquarn,
451 800 531 848 cum
545 773 789 846 tribulatione.
973 837 979 846 .
1185 831 1188 836 ‚
1268 776 1581 862 sicutcolumbae,
1606 778 1735 858 idest,
1767 778 1845 848 sine
1869 775 2017 869 privatis
2038 775 2149 857 odiis,
2181 776 2249 844 sine

330 879 402 950 Hic
417 877 522 948 simul
539 875 714 968 promittit
730 875 1033 946 conservationem
1056 877 1218 948 ministe-
1269 879 1488 963 invidentia,
1509 881 1586 948 sine
1601 879 1796 971 eupiditate
1809 879 1997 952 vindictae.

226 983 293 1068 rii,
327 996 362 1062 et
384 977 581 1059 Ecclesiae,
613 990 647 1047 et
667 971 841 1069 hospitia,
874 980 936 1046 sed
963 1002 1043 1048 cum
1066 978 1217 1049 tribula·
1368 979 1463 1052 Sunt
1478 996 1514 1053 et
1526 981 1617 1052 aliae
1633 981 1865 1076 proprietates
1880 982 1995 1052 bonae
2004 979 2250 1062 columbarum,

180 1145 182 1148 .
228 1084 347 1169 tione,
372 1083 410 1152 id
435 1092 502 1161 est,
528 1079 702 1172 promittit
726 1077 985 1163 defensionem,
1019 1103 1126 1172 quarn
1144 1079 1217 1170 ipsc
1269 1106 1358 1176 quae
1381 1077 1452 1152 huc
1476 1097 1687 1174 congruunt.
1749 1080 1945 1156 Columbae
1971 1105 2075 1174 saepe
2104 1081 2249 1174 pariunt,

228 1187 378 1269 tribuet,
414 1183 553 1253 etiamsi
576 1203 674 1271 reges
703 1195 739 1253 et
758 1180 936 1274 principes
965 1193 1219 1276 persequentur
1268 1199 1303 1256 et
1320 1185 1509 1274 diligenter
1524 1188 1646 1257 fovent
1657 1185 1796 1280 pullos,
1820 1199 1855 1255 ct
1871 1208 1946 1254 non
1965 1195 2101 1255 norunt
2123 1183 2249 1254 adulte·

225 1285 429 1360 Ecclesiam.
1269 1287 1339 1366 ria,
1364 1301 1398 1358 et
1416 1309 1490 1358 non
1504 1288 1689 1358 discedunt
1704 1312 1746 1356 er
1761 1287 1833 1358 suis
1846 1287 1945 1361 locis.

1372 1386 1473 1458 Talis
1494 1403 1545 1459 est
1564 1391 1682 1462 honus
1714 1387 1962 1472 concinnator,
1993 1389 2126 1460 multos
2147 1387 2249 1458 docet.

278 1485 372 1560 Sitis
392 1481 587 1586 prudentes
601 1482 696 1556 sieut
716 1493 914 1582 serpentes,
940 1494 971 1556 et
984 1483 1167 1584 simplices
1268 1485 1350 1558 Non
1373 1492 1474 1562 docet
1493 1491 1730 1562 adulterinam
1749 1490 1960 1562 doctrinam.
2014 1489 2097 1560 Non
2116 1501 2249 1576 vagatur

568 1585 662 1658 sieut
680 1583 877 1660 columbae.
1164 1587 1168 1590 ’
1270 1615 1331 1683 per
1348 1592 1461 1662 varias
1478 1606 1607 1678 sectas,
1634 1607 1700 1666 etc.
2126 1589 2132 1612 '

330 1741 399 1813 Hic
414 1741 542 1833 incipit
557 1741 719 1812 doctrina
738 1743 784 1812 de
807 1743 1061 1832 persecutione.
1113 1741 1218 1815 Prius
1435 1756 1565 1854 Estote
1579 1754 1777 1858 prodentes
1794 1761 1887 1829 sieut
1901 1768 2096 1856 serpentes.

226 1845 328 1917 dedit
344 1845 511 1916 mandata
532 1865 713 1935 expressa,
738 1843 836 1915 misit
852 1869 929 1932 eos,
955 1845 1057 1916 iussit
1081 1847 1218 1930 docere,

230 1962 264 2019 et
280 1947 388 2028 dixit,
423 1945 511 2042 quid
533 1944 686 2016 debeant
706 1948 854 2031 docere,
893 1946 1025 2019 scilicet
1052 1943 1218 2040 Evange-
1368 1894 1510 1970 Dicitur
1531 1892 1618 2018 ΒΨ
1641 1910 1769 2018 mmm,
1792 1919 1866 1966 ⁰⁵⁸⁰
1888 1897 2083 2016 ‘erpenfiffr
2116 1899 2245 1991 qu³⁰d⁰

227 2041 337 2132 lium,
363 2061 397 2119 et
413 2048 505 2119 dixit
525 2070 586 2118 eos
601 2041 789 2120 habituros
810 2071 884 2119 esse
907 2049 1074 2120 viaticum
1097 2063 1132 2122 et
1155 2054 1218 2120 de·
1268 2013 1403 2092 pugnat
1425 2023 1504 2069 ⁰⁰¹⁰
1522 2002 1600 2070 ³¹⁰⁸
1615 2000 1858 2091 ¹⁰²P‘nub⁰³‘
1893 1999 1949 2068 Ἦ,
1971 1994 2152 2080 h⁰⁵l¹bu⁸²
2177 2015 2249 2070 ΝΜ

1195 2131 1200 2143 ‘
1269 2101 1455 2194 praecipue
1469 2102 1607 2173 laborat
1618 2103 1756 2172 viribus
1772 2101 1915 2193 capitis,
1943 2105 2002 2172 sed
2024 2124 2071 2170 ne
2090 2103 2249 2178 laedatur,

245 2152 427 2222 ensionem
474 2145 699 2220 etiamsinon
719 2145 857 2221 habeon
898 2173 917 2221 a
978 2151 1016 2220 in
1039 2153 1139 2221 zonis
1297 2206 1305 2223 .
1653 2205 1662 2222 ,
1921 2203 1930 2220 ,
2044 2203 2054 2220 ·

227 2155 303 2326 iton
318 2203 473 2325 habeaht
488 2275 585 2321 arma
601 2265 634 2322 et
654 2251 831 2344 praesidia
845 2163 881 2324 cl
897 2173 1080 2324 eiiircitus.
1114 2167 1220 2326 Ninii
1268 2206 1827 2397 flgiffezla‘fuffffiffi‘mumdl'
1848 2225 1950 2314 ,ΨΜ
1971 2203 2076 2290 mlh·
2102 2217 2136 2276 οἳ
2153 2215 2248 2282 ‘⁰⁹³¹’

229 2349 1040 2548 ’θφῃὶιᾶξέἒὶἷίῒοῗζξΐὲῗὲῖὃῖξῃῗίῗίξὲἱ,
1060 2457 1099 2527 in
1124 2481 1218 2526 novo
1371 2406 1432 2479 Sic
1460 2404 1683 2481 Christianus
1713 2408 1944 2479 concionator
1969 2408 2112 2500 laborat
2142 2407 2251 2498 capite,

230 2557 460 2630 Testamento
473 2558 518 2626 de
532 2551 712 2642 hostibus,
735 2557 836 2628 etde
858 2559 966 2628 modo
989 2559 1218 2640 defensionis,

155 2753 158 2758 .
208 2657 1218 2764 ,‘1¹¹i³¹l’⁰⁸¹‘l¹¹³¹¹¹¹Im‘'mu'’‘'lemniiiumlmlitia
1371 2711 1560 2806 Serpentes
1575 2737 1650 2784 non
1666 2713 1836 2784 amittunt
1859 2714 1985 2797 vitam,
2010 2713 2151 2785 etiamsi
2173 2710 2249 2780 aliae

229 2761 361 2847 Moisi‚
400 2761 505 2835 scivit
527 2761 682 2853 populns
710 2785 748 2833 se
779 2755 910 2832 habere
941 2776 1072 2835 certam
1099 2765 1218 2833 sedern
1544 2816 1554 2834 .
1622 2817 1631 2833 .
1732 2815 1741 2832 .
1978 2815 1987 2832 .
2166 2813 2173 2828 .

1269 2831 1386 2912 partes
1415 2838 1574 2908 corporrs
1603 2830 1676 2887 srnt
1704 2816 1885 2887 dissectae.
1949 2813 2009 2888 Sec
2038 2811 2195 2886 Ecclesia
2222 2827 2250 2880 ct

231 2865 356 2956 regni,
395 2877 431 2936 et
458 2863 661 2935 defensores
689 2866 795 2935 duces
823 2876 858 2935 et
879 2887 997 2955 reges,
1035 2879 1075 2938 nt
1106 2863 1221 2947 losue,
1318 2919 1329 2939 .
1553 2917 1562 2936 ,
1651 2919 1661 2936 ,
1742 2917 1751 2936 ,

232 2965 402 3047 ὓρᾱωῃ,
452 2963 673 3051 samuelem,
719 2961 914 3054 Davidem,
960 2964 1145 3061 1033pr
1186 2980 1220 3038 et
1269 2941 1388 2992 annua
1401 2941 1476 2989 non
1487 2932 1590 3012 pent,
1614 2931 1754 2990 etramsr
1764 2920 1925 2991 membra
1937 2933 1973 2991 et
1986 2917 2168 2990 facultates
2180 2937 2248 3008 per-

229 3091 371 3163 semper
387 3065 554 3158 deinceps
571 3066 711 3160 aliquos
729 3067 834 3155 tales,
860 3081 895 3139 et
917 3063 1120 3143 habuerunt
1144 3093 1219 3141 cer.
1270 3035 1356 3095 ‘¹¹⁰¹
1364 3022 1507 3194 ²1¹m⁰d⁰
1523 3020 1685 3092 ‘'mill“
1699 3020 1746 3092 ³5²
1758 3021 1868 3140 §alm
2294 3163 2295 3166 ,

230 3169 307 3242 tum
322 3191 484 3261 regnum,
1407 3146 1480 3208 ern,
1514 3145 1658 3215 serpens
1681 3135 1785 3193 novrt
1813 3145 1893 3192 enm
1918 3145 1938 3193 a
1960 3145 2033 3216 quo
2062 3134 2114 3194 est
2136 3121 2247 3200 laesus,

333 3270 433 3361 Quid
452 3283 570 3342 amem
590 3269 707 3342 ‘imile
730 3286 783 3343 est
803 3273 843 3342 in
858 3270 1041 3345 Ecclesia?
1064 3272 1146 3346 Non
1170 3287 1223 3344 est
1271 3225 1408 3298 etiamsi
1429 3239 1481 3296 est
1508 3225 1548 3294 in
1576 3247 1703 3316 magna
1733 3225 1838 3297 turba
1863 3219 2074 3310 hominum,
2105 3239 2141 3294 et
2166 3217 2248 3292 hunc

233 3387 327 3446 certa
342 3374 460 3458 sedes,
485 3395 561 3445 non
576 3387 710 3447 certum
726 3397 894 3466 regnum,
921 3377 1021 3447 nulla
1044 3391 1138 3449 certa
1158 3378 1220 3446 de-
1271 3327 1378 3449 petit,
1420 3350 1495 3397 ⁰⁰¹¹
1516 3326 1618 3401 ⁸5⁰³·
1682 3326 1742 3398 ⁸5⁰
1770 3327 1876 3447 fieb&
1898 3326 2132 3447 ⁶⁰⁰⁰i⁰¹¹fl⁰¹
2160 3341 2249 3394 ”⁰⁸⁵⁰

230 3476 359 3547 fensio.
410 3472 496 3546 Ideo
512 3499 653 3548 necesse
675 3491 727 3550 est
740 3473 933 3570 Apostolos
955 3493 988 3548 et
1011 3503 1077 3552 nos
1098 3501 1222 3550 omnes
1271 3423 2247 3552 fn¹m¹⁰⁰⁸2h⁰⁸¹²³EV³¹¹801112elhosreprrmere,non
2293 3539 2294 3542 Ἴ

212 3568 475 3671 .'praeuroneri,
507 3577 712 3670 praesertim
740 3603 821 3650 cum
851 3576 1019 3673 Apostoli
1049 3578 1222 3653 haherent
1269 3532 1410 3707 mita?
1425 3532 1525 3606 θῦσε·
1746 3632 1755 3651 .
1913 3633 1922 3652 ,
2074 3633 2083 3650 ,

1390 3648 1479 3721 tem,
1504 3655 1650 3726 serpens
1671 3647 1773 3704 novrt
1788 3634 1945 3705 remedra
1962 3655 2045 3717 sna,
2071 3657 2112 3703 ιιι
2126 3641 2248 3702 senecta

1270 3750 1397 3829 purgat
1411 3737 1533 3808 oculos
1546 3735 1744 3820 faeniculo,
1770 3750 1803 3810 et
1817 3735 1902 3807 inde
1922 3735 2128 3808 didicerunt
2144 3727 2248 3802 homi-

1270 3861 1334 3910 net
1353 3838 1570 3912 faeniculnm
1594 3839 1760 3930 prodesse
1781 3837 1905 3911 oculis.
1965 3835 2026 3909 Sic
2047 3837 2152 3908 debet
2175 3854 2248 3903 con·

1270 3940 1432 4012 cinnator
1459 3962 1563 4011 nosse
1591 3940 1747 4012 remedia
1772 3939 1978 4024 oculorum,
2011 3939 2159 4010 verbnm
2179 3932 2247 4015 nei,

259 4083 389 4158 Emi,
407 4084 607 4185 pamm„
628 4087 723 4160 ,pom
740 4097 941 4186 serpentes,
964 4097 997 4160 ιι
1012 4086 1197 4187 simplices
1270 4057 1304 4163 et
1322 4043 1426 4114 debet
1448 4042 1573 4135 procul
1589 4043 1808 4136 prospicere,
1834 4065 1881 4114 ne
1904 4041 1998 4115 mala
2019 4043 2179 4132 dogmata
2200 4057 2248 4106 re-

570 4187 879 4264 sicutcolumbae.
1271 4145 1399 4320 emh}
1473 4247 1482 4264 .
1629 4229 1631 4232 ·
1747 4246 1785 4266 ..

1402 4261 1543 4342 equitur
1572 4261 1810 4341 praemonstro
1841 4267 2001 4340 expressa
2032 4246 2077 4316 de
2099 4261 2246 4337 perseca-

334 4342 389 4413 De
409 4345 585 4432 columbis
598 4346 738 4417 facilius
753 4362 804 4420 est
813 4346 1009 4437 intelligere
1022 4347 1107 4432 quid
1126 4347 1222 4418 velit.
1272 4348 1382 4424 tione.
1434 4347 1562 4422 Cavete
1583 4351 1628 4421 ah
1655 4344 1884 4435 hominibus,
1915 4348 2060 4420 tradent
2081 4369 2162 4428 vos,
2194 4355 2245 4412 tlt·

234 4441 431 4516 Columbae
454 4463 537 4520 sunt
554 4447 631 4520 sine
647 4448 748 4534 felle,
774 4448 878 4541 haben
902 4449 987 4524 ltine
1014 4447 1154 4538 (deden,
1182 4451 1219 4521 id
1270 4445 1318 4522 Et
1340 4473 1443 4545 saepe
1464 4452 1612 4542 repetita
1636 4464 1688 4522 est
1709 4453 1829 4523 eadem
1851 4447 2089 4546 praemonitio
2112 4452 2156 4520 de
2178 4465 2246 4538 ptr·
2290 4529 2291 4546 1

234 4561 304 4632 est,
330 4571 403 4617 non
419 4543 553 4625 habent
575 4551 646 4621 iras
663 4550 814 4637 etodia,
841 4566 875 4623 et
890 4554 1121 4643 cupiditatem
1138 4552 1220 4622 vin·
1269 4553 1459 4625 secutione.
1664 4565 1667 4573 ’

233 4651 359 4726 dictae.
425 4647 485 4722 Sic
513 4675 580 4724 nos
602 4653 772 4724 debemus
802 4675 876 4723 esse
899 4654 976 4725 sine
996 4655 1133 4747 privata
1155 4656 1221 4738 ira,
1374 4654 1509 4728 Tradet
1523 4657 1634 4727 frater
1651 4656 1816 4742 fratrem,
1838 4667 1939 4746 pater
1956 4652 2082 4723 filium.

1269 2512 1391 2594 idest,
1416 2510 1590 2594 doctrina,
1617 2523 1651 2580 ct
1666 2509 1861 2582 circumdat
1874 2523 1989 2603 caput,
2013 2511 2051 2581 id
2069 2523 2132 2595 est,
2157 2523 2250 2588 cavet,

1268 2637 1314 2684 ne
1328 2613 1464 2685 amittat
1478 2612 1688 2683 doctrinam.
2102 2613 2105 2618 '

231 3785 455 3856 mundanum
472 3803 634 3873 regnum.

335 3883 499 3956 Primum
514 3896 631 3955 antem
648 3883 749 3976 ponit
765 3885 930 3956 mirabile
944 3887 1090 3958 dictum.

102 4849 105 4856 ι
229 4754 312 4862 ἱιὶιιι
327 4752 440 4838 odiit,
462 4754 539 4824 sine
551 4756 744 4846 cupiditate
759 4755 947 4829 vindictae.
1371 4753 1483 4828 Eritis
1509 4760 1593 4829 odio
1618 4758 1786 4827 omnibus
1807 4769 1953 4849 propter
1974 4777 2108 4826 nomen
2131 4767 2245 4818 meum·

334 4853 405 4926 Hic
427 4855 669 4929 consideretur
697 4857 823 4953 quanti
849 4871 967 4930 motus
996 4860 1036 4928 in
1062 4859 1221 4953 imperiis
1270 4855 1373 4932 Certe
1388 4855 1475 4932 haec
1490 4862 1578 4932 dura
1592 4873 1687 4933 sunt.

234 4957 396 5028 oriantur
412 4981 454 5029 ex
468 4957 616 5051 privatis
633 4960 736 5032 odiit.
1095 5019 1099 5028 .

338 5057 529 5155 Pompeius
553 5073 587 5132 et
610 5058 723 5134 lulius
743 5073 908 5133 evertunt
930 5061 1120 5155 imperium
1142 5060 1221 5137 Ro-

235 5181 380 5228 mantlm
397 5180 542 5256 propter
556 5163 734 5257 privatum
750 5165 874 5236 odium
891 5175 955 5235 etc.
1373 5164 1460 5235 Post
1472 5160 1566 5234 hanc
1586 5162 1905 5255 praemonitionem
1923 5158 2084 5254 sequitur
2099 5150 2244 5227 consola·

339 5256 400 5330 Sic
421 5259 530 5336 Arius
557 5279 677 5340 movet
707 5289 807 5340 snam
837 5263 1000 5338 haeresin
1031 5267 1223 5361 cupiditate
1271 5269 1342 5356 tio,
1368 5279 1458 5363 quae
1474 5267 1577 5336 etiam
1595 5289 1697 5354 saepe
1712 5265 1861 5356 repetita
1879 5277 1943 5336 est.

240 5360 436 5444 vindictae,
461 5365 637 5454 quianon
656 5383 708 5442 est
721 5369 835 5440 iactus
848 5365 1059 5463 Episcopus.
1374 5368 1457 5442 Non
1475 5369 1551 5440 sitis
1568 5367 1718 5453 soliciti,
1744 5367 1833 5461 quid
1847 5367 1924 5437 sitis
1941 5361 2082 5438 dicturi.

1609 5039 1929 5100 consolatio.
