4674 5822
14 65 15 70 Ν
75 140 253 216 nasu
328 135 410 212 xta
465 129 857 212 annonansonns
881 131 951 209 ur
976 125 1258 210 concinnus
1289 130 1341 208 us
1372 127 1559 210 ovano.
1586 127 1801 210 tonNtus.
1992 135 2091 209 nos
2145 229 2150 246 ι

70 335 163 396 nem,
190 309 249 383 ead
267 311 344 404 ipsa
365 335 438 382 una
463 309 688 398 mortificari,
709 269 903 402 ignoscere
921 307 1051 380 volun-
1101 319 1136 377 et
1150 303 1320 382 Proverls.
1335 305 1450 381 xlv.:
1483 301 1549 379 En
1569 303 1646 393 tis,
1674 331 1764 401 quae
1783 307 1930 380 videtur
1950 302 2092 378 bomini

71 430 166 486 tatem
183 415 312 504 patris,
337 435 439 504 agere
455 413 584 504 gratias
599 437 665 507 pro
680 425 776 485 tanta
797 409 1050 489 misericordia,
1100 409 1191 480 iusta
1216 425 1303 495 ete,
1342 424 1561 504 monentque
1589 402 1676 480 haec
1703 411 1882 503 exempla,
1916 422 1958 482 ut
1979 410 2092 480 verbo

70 517 155 610 quod
178 514 292 584 filium
316 517 455 585 dederit
477 538 541 604 pro
566 515 715 606 pcccatis
736 515 884 600 mnndi,
915 525 949 583 et
964 511 1049 581 reli·
1098 507 1169 580 Dei
1201 525 1326 584 contra
1349 534 1497 584 sensum
1527 513 1645 596 caruis
1672 514 1876 598 credamus,
1908 512 2014 592 item,
2048 525 2090 608 ut

70 640 130 710 qua
151 639 239 710 quae
261 617 370 688 sentit
388 641 451 688 cor
471 639 554 686 vera
575 617 763 708 poenitens
784 627 820 688 et
843 621 925 685 vere
942 608 1049 684 Chri·
1098 634 1204 703 opera
1217 612 1287 686 Dei
1306 615 1543 685 sustineamus
1559 627 1682 685 contra
1698 615 1814 686 caruis
1830 613 2014 686 iudicium.

69 733 151 790 stum
170 738 372 806 agnoscens.
429 715 527 788 Haec
547 731 598 788 est
620 719 717 788 enirn
738 717 873 808 agnitio
902 711 1049 800 Christi,
1136 745 1141 754 ·

69 820 188 890 sentire
222 821 320 915 quod
353 821 445 889 inira
478 842 544 889 nos
564 815 775 891 humiliatus
798 819 845 890 sit
873 813 1046 902 Christus,

68 921 152 1016 qnod
169 921 264 991 infra
285 943 352 993 nos
374 921 530 1001 assistat,
555 919 595 990 ut
617 942 820 1006 cernamur,
849 921 945 1014 quod
971 941 1046 990 non
1199 915 1270 988 Hic
1283 913 1448 991 Christus
1465 917 1642 1006 ostendit,
1668 920 1749 1013 qnis
1772 921 1818 992 sit
1840 919 1989 993 lotionis
2009 921 2089 990 fru-

67 1036 136 1114 agat
153 1023 340 1094 dominum
357 1024 418 1092 sed
439 1023 664 1108 ministrum,
697 1021 761 1116 qui
787 1045 852 1091 nos
874 1020 989 1113 pluris
1010 1043 1047 1090 se
1097 1032 1189 1100 ctus,
1213 1020 1358 1106 scilicet,
1380 1025 1477 1114 quod
1494 1018 1580 1092 haee
1592 1023 1682 1092 lotio
1696 1035 1932 1114 repraesentet
1944 1025 2091 1114 adsper-

65 1125 154 1195 facit.
196 1121 341 1209 Tertio,
366 1125 482 1210 vides,
508 1124 683 1193 ramalem
702 1124 838 1194 cultum
854 1145 928 1192 esse
944 1123 1047 1213 igno·
1097 1119 1233 1190 sionem
1252 1124 1456 1213 sanguinis,
1480 1147 1551 1217 qua
1568 1125 1762 1195 sanctificat
1775 1120 1938 1195 Christus
1950 1126 2088 1210 fideles3

65 1225 231 1298 rationem
253 1225 446 1296 voluntatis
469 1225 622 1298 divinae.
675 1219 850 1315 Arguitur
865 1222 961 1294 enim
978 1221 1046 1293 Pe-
1097 1224 1197 1314 quasi
1216 1223 1266 1293 sic
1283 1225 1431 1298 diceret:
1467 1224 1575 1314 Quod
1594 1222 1663 1297 hoc
1687 1220 1778 1295 mibi
1799 1221 1947 1297 honoris
1969 1221 2090 1311 hahes,

64 1340 149 1398 trus:
177 1324 284 1416 Quod
302 1327 446 1398 laciotu
461 1327 574 1396 nescis
594 1339 659 1398 etc.
709 1324 866 1417 Quarto,
890 1320 1046 1394 adhunc
1095 1347 1142 1392 ne
1154 1325 1338 1415 permittas
1361 1341 1396 1398 te
1420 1328 1548 1412 lavari,
1579 1328 1747 1398 iustificas
1769 1343 1804 1400 et
1824 1329 2018 1399 sanctificas
2041 1342 2088 1402 te.

63 1430 202 1499 modurn
232 1449 369 1520 semper
402 1427 597 1498 offenditur
624 1451 706 1497 caro
735 1427 871 1498 vilitate
901 1421 1047 1510 Christi,
1096 1421 1188 1496 Caro
1205 1426 1301 1495 enim
1318 1428 1482 1526 iustificat
1498 1451 1535 1498 se
1557 1431 1620 1500 tali
1643 1430 1753 1503 culto.
1797 1429 1881 1520 *Age
1901 1454 2005 1513 vero,
2031 1453 2089 1502 er-

63 1529 348 1623 persequiturque
368 1545 471 1614 eum,
497 1530 592 1622 quod
609 1553 675 1620 pro
694 1522 838 1600 Christo
854 1549 1046 1617 agnoscere
1095 1548 1169 1612 ras3
1188 1551 1305 1621 neque
1327 1531 1422 1600 enim
1445 1531 1511 1602 tali
1532 1531 1630 1602 culto
1649 1532 1913 1615 iustificaberis,
1946 1531 2017 1602 nisi
2034 1533 2090 1603 la·

62 1654 128 1700 non
142 1631 252 1721 possit
267 1627 485 1702 crucifixum.
519 1627 568 1701 Et
582 1630 689 1700 corda
707 1641 849 1709 nostra,
875 1628 958 1722 quia
972 1650 1045 1698 una
1096 1650 1174 1697 vem
1191 1641 1246 1711 te,
1271 1631 1341 1698 nisi
1355 1631 1432 1723 ipse
1447 1633 1677 1703 mortificatus
1693 1635 1865 1724 sanguine
1878 1650 1914 1707 tc
1927 1658 2008 1708 meo
2023 1636 2089 1705 asl-

63 1756 136 1801 cum
149 1727 295 1803 Christo
310 1731 515 1802 mortificari
531 1745 688 1822 oportet,
713 1756 788 1801 non
804 1745 952 1825 possunt
965 1753 1046 1800 sen·
1095 1750 1255 1822 sparsum
1270 1733 1501 1819 mortificem,
1526 1757 1602 1806 non
1624 1734 1879 1808 iustificaberis.

1226 779 1274 856 Si
1299 809 1374 857 noo
1396 741 1520 856 lavero
1543 793 1595 872 te,
1622 809 1698 856 non
1719 777 1874 857 habebis
1899 793 1960 857 esc.

61 1833 141 1918 tire,
167 1857 249 1904 eum
268 1854 341 1902 esse
357 1834 585 1916 salvatorem,
617 1834 680 1926 qui
700 1836 843 1904 damnet
865 1847 900 1906 et
920 1831 1047 1903 morti·
1406 1902 1414 1922 ‚

51 1933 134 2006 icet
150 1935 273 2005 omnia
296 1949 435 2018 nostra,
460 1933 657 2018 iusticiam,
679 1935 907 2025 sapientiam,
928 1927 1045 2004 hono-
1292 1900 1474 1994 D⁰m¹ms
1500 1930 1573 1977 ''⁰''
1596 1914 1743 1980 lanium
1762 1901 1882 2005 Fidis·

60 2058 148 2116 rem,
173 2035 344 2116 sicutnee
363 2035 428 2104 lilii
453 2031 563 2106 lsrael
586 2037 729 2107 credere
750 2048 931 2127 poterant,
962 2057 1044 2105 com
1197 2039 1362 2113 Remittit
1387 2041 1514 2115 Petrus
1535 2045 1775 2136 pertinaciam.
1828 2043 1888 2116 Sic
1912 2044 2007 2114 enim
2028 2067 2087 2114 so·
2164 2083 2167 2094 ·

60 2137 172 2208 educti
188 2137 228 2205 in
245 2138 423 2208 desertum
443 2137 648 2208 laborarent
664 2137 826 2230 omnium
845 2161 964 2206 rerum
981 2161 1046 2228 pe·
1094 2139 1144 2212 let
1165 2143 1251 2214 fides
1275 2139 1434 2214 exhiberi
1458 2168 1524 2220 uos
1546 2144 1722 2216 voluntati
1743 2147 1886 2216 divinae
1909 2160 2020 2232 totos,
2046 2137 2098 2218 ut¹
2233 2185 2236 2196 ·

60 2239 179 2325 nuria,
207 2240 302 2330 quod
320 2262 341 2307 a
357 2239 505 2309 domino
530 2239 664 2310 evocati
688 2248 802 2308 essent
815 2262 856 2308 ex
871 2239 1045 2332 Aegypto,
1094 2245 1281 2316 nobiseum
1304 2259 1383 2336 agat
1404 2247 1465 2318 illa
1481 2260 1668 2342 uteunque
1686 2249 1830 2318 tandem
1854 2246 1954 2324 libet.
2011 2229 2106 2319 Nos*

60 2341 115 2408 sed
131 2339 289 2414 humano
304 2337 417 2411 Musis
437 2339 587 2411 consilio
613 2339 877 2412 iudicabant'se
896 2342 1044 2434 eductos
1095 2369 1239 2418 cernere
1260 2347 1449 2418 consilium
1471 2347 1540 2420 Dei
1563 2371 1609 2418 ne
1633 2349 1783 2420 velimus
1807 2351 1977 2444 quidem,
2010 2349 2087 2443 ipse

60 2463 138 2514 esse.
1095 2451 1247 2534 exitum,
1272 2450 1348 2541 ipse
1372 2450 1465 2520 viam
1489 2451 1650 2522 inventat
1665 2449 1697 2548 ⁵)
1717 2474 1784 2543 pro
1805 2475 1868 2523 sua
1892 2454 2082 2526 voluntate.

82 2563 85 2568 ·
1096 2548 1211 2640 Quale
1236 2565 1287 2622 est
1308 2551 1399 2622 illud
1423 2549 1656 2624 Davidicum:
1689 2551 1731 2624 Si
1747 2553 1879 2626 dixeris
1902 2551 1991 2626 mihi
2009 2578 2085 2626 non
2148 2599 2156 2606 -

1095 2654 1229 2745 places,
1271 2665 1411 2744 praesto
1441 2677 1519 2724 som
1541 2651 1584 2743 ⁰).
1636 2653 1752 2753 Atque
1777 2651 1837 2726 hic
1858 2668 1912 2728 est
1931 2681 2085 2742 cernere,

151 2747 224 2820 llic
237 2747 400 2838 arguitur
424 2748 622 2838 ignorantia
641 2745 788 2832 Petrus,
814 2774 861 2820 ne
879 2751 960 2845 quis
975 2776 1044 2844 pu·
1094 2777 1184 2848 quae
1199 2754 1252 2824 vis
1268 2755 1349 2838 fidei
1364 2755 1428 2841 sit,
1459 2778 1549 2848 quae
1572 2768 1729 2827 tentante
1746 2757 1894 2829 domino
1909 2759 1959 2830 sic
1973 2783 2010 2829 se
2026 2782 2084 2830 re·

58 2863 121 2934 tet,
144 2850 381 2922 reverentiam
405 2873 426 2920 a
450 2850 566 2921 carnis
588 2851 833 2924 aestimatione
851 2853 1042 2944 prolectam
1094 2857 1207 2944 signet
1236 2856 1313 2940 illi,
1354 2871 1389 2928 et
1421 2854 1587 2930 confidat.
1653 2857 1788 2952 Estque
1814 2855 1874 2930 hic
1890 2857 2022 2932 'cultus
2049 2875 2084 2932 et

57 2951 208 3054 Spiritus
224 2951 335 3022 sancti
350 2973 439 3042 opos
454 2951 579 3036 fuisse,
605 2951 667 3046 qui
681 2967 774 3025 certe
788 2965 864 3026 ‘erat
878 2952 1041 3026 inPctro.
1092 2959 1229 3028 iusticia
1254 2982 1360 3051 qnam
1382 2959 1507 3052 prohat
1529 2957 1644 3040 Deus,
1675 2983 1750 3032 non
1771 2962 1832 3034 illa
1853 2961 2006 3036 carnalis
2026 2985 2084 3034 re-

56 3054 222 3124 Nondum
237 3067 354 3123 tamen
370 3064 491 3122 contra
506 3053 713 3122 scandalum
729 3057 843 3126 crucis
858 3057 941 3126 satis
956 3082 1042 3126 con·
1092 3059 1262 3134 verentia.

57 3157 212 3226 firmatus
234 3167 331 3239 erat,
360 3154 399 3221 id
423 3154 519 3246 quod
540 3154 677 3226 indicat
698 3172 733 3228 et
755 3154 869 3226 Lucas
891 3156 1042 3240 xvttt,

44 3281 131 3328 cum
147 3253 314 3327 Christus
330 3255 545 3346 praediceret
565 3256 762 3347 passionem
787 3257 946 3329 subiicit:
973 3259 1040 3352 ipsi

56 3384 133 3430 vero
153 3355 247 3428 nihil
263 3351 392 3426 horum
409 3355 670 3430 intellexerunt.
1194 3350 1463 3446 Simplicissime
1476 3353 1618 3426 videtur
1631 3357 1682 3428 sic
1697 3357 1848 3448 intelligi
1864 3381 1981 3450 posse:
2008 3360 2042 3432 Τ
2042 3389 2083 3436 o-

1092 3467 1149 3526 tus
1164 3455 1259 3524 lotus
1273 3478 1310 3524 es
1327 3470 1466 3546 praeter
1485 3457 1611 3547 pedes,
1637 3459 1675 3528 id
1690 3473 1759 3546 est,
1784 3462 1894 3532 sancti
1908 3462 1974 3533 loti
1989 3484 2082 3549 sunt,

1092 3556 1303 3627 sanctificari
1319 3572 1528 3648 coeperunt,
1551 3562 1712 3632 nondum
1737 3575 1855 3633 tamen
1875 3579 2083 3637 evacuatum

54 3666 183 3739 scilicet
206 3661 269 3734 ubi
298 3659 429 3731 videris
455 3672 491 3732 et
517 3673 668 3732 mortem
691 3675 726 3733 ct
748 3666 1040 3739 resurrectionem
1092 3671 1144 3729 etl
1168 3671 1368 3750 peccalum,
1400 3673 1591 3731 evacuatur
1614 3675 1732 3732 autem
1755 3687 1836 3733 cum
1859 3665 1955 3736 lavat
1974 3662 2084 3738 Chri·

55 3793 177 3842 meam,
249 3761 480 3855 Experientia
517 3764 614 3832 enim
653 3767 861 3838 tentationis
888 3770 1042 3858 docebit,
1092 3773 1185 3840 stus,
1210 3755 1278 3830 hoc
1299 3774 1368 3846 est,
1399 3783 1479 3832 cum
1498 3763 1686 3834 mortificat
1699 3787 1839 3834 carnem
1853 3779 1890 3836 et
1903 3768 2083 3862 adspergit

55 3885 215 3964 oportere
228 3887 295 3935 nos
309 3863 417 3935 deiici
430 3877 463 3934 et
479 3886 543 3955 per
557 3887 695 3936 crucem
711 3869 912 3958 glorificari,
1093 3884 1159 3930 nos
1175 3863 1349 3950 sanguine
1371 3875 1436 3935 etc.
1496 3861 1589 3934 Sunt
1610 3877 1728 3936 autem
1752 3866 1925 3960 reliquiae
1948 3875 2081 3961 peccati

315 4029 377 4105 n
396 4025 495 4103 ..a
514 4028 624 4105 ιω
643 4029 776 4133 ,.....
1092 3963 1844 4156 testatacastanetas
1868 3969 2126 4162 elatat.

53 4175 170 4258 idest,
194 4149 409 4251 tementis,
445 4171 621 4264 quaesibi
645 4173 811 4260 debetur,
843 4199 918 4244 non
942 4177 1040 4264 sing,
1092 4161 1259 4256 Ephesiis
1273 4167 1403 4259 liquet:
1428 4163 1577 4240 Calciati
1594 4171 1699 4261 pedes
1714 4169 1753 4240 i'n
1767 4171 1961 4263 Evangelio
1978 4178 2082 4266 pacis.

52 4287 90 4346 ut
102 4275 324 4367 permittam,
349 4283 418 4344 ate
431 4266 521 4341 mihi
538 4273 648 4342 lavari
663 4276 783 4364 pedes.
834 4274 919 4349 ldeo
942 4283 1040 4372 qnod
1092 4265 1224 4352 P⁰fr⁰s
1250 4271 1348 4361 q⁰⁰d
1368 4268 1437 4354 ³3²,
1464 4271 1524 4361 ‘ilfi
1550 4271 1644 4341 ¹⁰¹¹¹⁸
1667 4286 1737 4358 ⁰⁸¹»
1773 4275 1890 4364 Palm
1915 4278 2081 4369 dstlfflis

53 4399 113 4467 ego
126 4377 241 4458 tacto,
274 4373 312 4444 id
337 4387 409 4458 est;
443 4375 541 4466 quod
564 4375 714 4446 deiicior
737 4375 831 4448 insta
855 4391 909 4465 te,
942 4385 1039 4475 quod
1092 4391 1129 4440 se
1160 4369 1261 4462 loqui
1284 4373 1329 4440 da
1357 4370 1535 4458 spirituali
1562 4373 1707 4448 lotione.
1770 4375 1958 4469 Secundo,
1999 4383 2082 4456 vide

52 4501 129 4549 meo
156 4477 317 4569 exemplo
348 4476 498 4549 ostendo
530 4475 778 4567 glorificandos
798 4501 871 4550 esse
900 4497 1039 4557 sanctos
1092 4471 1321 4561 Vlfflssrtilfle·
1371 4469 1444 4540 ¹³⁰¹
1469 4488 1632 4564 ”tamis
1665 4500 1725 4547 t⁰⁸
1746 4481 1901 4549 m⁰⁰d0⁸
1922 4504 2015 4566 0⁸⁸⁸.
2041 4501 2082 4558 ut

51 4605 112 4673 per
130 4603 282 4652 crucem.
1091 4587 1244 4666 quorum
1273 4575 1380 4665 pedes
1415 4577 1576 4647 nondum
1599 4578 1662 4646 loti
1687 4593 1819 4664 essent,
1850 4594 1885 4654 et
1913 4585 1952 4653 in
1975 4583 2081 4661 Petro

1049 4742 1060 4757 ,,
1090 4673 1162 4744 iam
1176 4689 1354 4766 peccatum
1372 4673 1662 4766 reprehenderat3
1688 4692 1808 4771 postea
1820 4685 1980 4758 subiicit:
2007 4687 2081 4761 Vos

299 2588 414 2691 Quod
434 2615 501 2690 ego
516 2592 646 2695 socio,
671 2596 797 2668 nescis.

1314 3209 1394 3312 Qui
1414 3211 1513 3285 lotos
1535 3223 1586 3286 est
1608 3241 1683 3290 non
1707 3213 1858 3314 indiget.
1924 3225 1938 3255 ⁸

334 3520 436 3594 Scies
461 3533 583 3594 autem
608 3533 749 3622 posteo,
793 3503 805 3527 ’

147 4743 404 4826 Nonlavabis
426 4740 653 4858 milipedas
675 4745 934 4829 inallssl'mlm·
1090 4777 1219 4846 mundi
1235 4777 1338 4862 estis,
1363 4791 1403 4848 ut
1426 4779 1566 4864 doceat,
1592 4784 1708 4874 quod,
1741 4808 1945 4879 qumquam
1971 4791 2018 4860 sit
2041 4793 2080 4862 in
2210 4787 2212 4796 ’

147 4883 360 4979 Exemplum
391 4883 603 4976 pertinaciae
625 4897 659 4956 ct
681 4885 892 4976 opinionum
923 4891 1039 4961 cami,
1090 4901 1195 4950 carne
1210 4892 1409 4970 peccatum,
1434 4895 1552 4951 tamen
1572 4885 1682 4970 gratia
1698 4886 1881 4957 absorberi
1895 4900 1931 4958 et
1946 4893 2081 4964 condo-

51 5005 83 5061 et
108 4989 280 5102 iusticias.
344 4982 434 5057 Nam
464 4985 671 5080 priusquam
694 4985 942 5080 illuminemur
962 5017 1037 5065 non
1089 4981 1168 5050 nari
1191 4981 1271 5056 lide.
1329 4978 1431 5054 Sicut
1453 4979 1561 5055 Rom.
1585 4982 1683 5056 Vlll.
1705 4987 1824 5058 docet:
1861 4985 1963 5061 Nihil
1982 5017 2081 5068 none

50 5115 232 5182 possumus
246 5113 321 5161 non
338 5089 490 5181 probare
504 5087 628 5158 ilorem
657 5111 719 5159 sen
741 5089 890 5180 gloriam
909 5097 1036 5168 carnis.
1086 5149 1296 5164 ..ψ-,-

11 5283 15 5290 .
50 5191 138 5265 Nota
163 5207 215 5263 est
234 5190 425 5285 pertinacia
449 5185 611 5260 Thomae
626 5187 771 5268 loannis
785 5189 886 5277 XV„
912 5208 948 5263 et
963 5193 1037 5268 Da·

52 5297 140 5366 vidis
157 5297 190 5368 1.
205 5293 358 5388 Paralip,
374 5287 491 5379 XXI„
517 5306 551 5363 et
564 5290 688 5366 Ios'trae
701 5295 737 5364 2.
747 5292 1037 5396 Paralipxxv,
1123 5332 1157 5391 a)
1176 5329 1244 5386 ruo.
1268 5334 1297 5386 st
1313 5333 1428 5388 stante
1445 5337 1516 5391 astat
1531 5341 1652 5404 maeno
1669 5353 1748 5409 mss,
1765 5353 1822 5395 non
1836 5281 1962 5410 ptores..

1122 5261 1155 5321 a)
1172 5263 1240 5314 Tuis.
1264 5263 1397 5318 renovat.
