4620 5814
144 93 149 102 ’
235 94 312 171 sss
531 137 535 144 -
727 35 734 42 ⁶
830 91 957 168 ratu
983 92 1100 168 rtur.
1125 93 1334 170 scarras
1361 96 1665 175 uxuourrcs.
2202 109 2293 186 524

242 264 436 341 Ecclesiam
469 280 505 338 et
533 265 796 338 institutionem
823 267 1021 358 puericiae,
1058 270 1101 339 ad
1135 291 1235 338 suam
1287 291 1394 341 sonae
1424 271 1687 360 significentur,
1718 275 1852 348 scilicet
1878 289 2058 370 potentes,
2088 292 2124 351 et
2154 277 2295 352 Eccle-

244 372 385 444 laudem
423 382 545 462 parcat
579 368 702 454 nobis,
743 370 836 440 sicut
865 367 1037 440 Ninivitis
1066 371 1236 462 pepercit.
1259 377 1263 419 ⁸
1285 371 1348 440 sia.
1401 373 1568 444 Secundo
1592 377 1820 462 observetur,
1851 384 1947 474 quod
1969 376 2131 453 Christus
2152 407 2295 456 conw-

173 503 178 510 ·
245 473 316 546 Sed
342 495 409 543 nos
432 472 537 542 etiam
562 487 705 559 agamus
728 471 1000 560 poenitentiam,
1032 471 1234 542 utNinivi-
1286 473 1380 543 latur
1403 470 1598 546 Ecclesiam
1629 489 1666 548 et
1693 503 1818 550 omnes
1848 481 1926 574 pios
1955 483 2017 577 qui
2047 496 2132 556 suut
2155 485 2194 556 iu
2220 511 2291 558 ae-

246 590 316 647 tae.
374 572 471 645 Deus
493 587 639 666 propter
663 570 795 643 Filium
820 597 922 642 suum
947 573 1144 645 Dominum
1166 600 1234 644 no·
1285 576 1435 646 rumnis.

246 692 360 749 strum
383 675 499 746 lesum
524 671 704 747 Christum
729 674 938 746 misereatur
961 677 1093 761 nostri,
1119 693 1154 748 ct
1176 679 1235 747 det
1388 693 1495 768 Ratio
1526 700 1641 769 ,110¹
1672 701 1834 774 iudicant
1863 727 1904 772 ex
1931 719 2072 779 eventu·
2125 705 2196 779 Hic
2230 722 2292 780 e„

246 781 352 851 nobis
367 777 540 872 Spiritum
557 787 843 848 sauctumsuum.
1285 797 1407 868 miser:
1436 823 1517 889 ergo
1540 802 1742 891 negligitur.
1792 803 1853 877 Sic
1877 829 2014 898 semper
2034 806 2126 878 ratio
2147 806 2289 879 huma-

1285 923 1352 986 na,
1386 902 1471 970 dum
1498 902 1537 969 in
1559 905 1631 971 suis
1652 906 1807 976 tenebris
1830 921 1967 992 manet,
2001 911 2145 985 iudicat.
2207 911 2287 982 Sed

581 1070 591 1090 α
806 1069 816 1091 .
850 1067 861 1091 .
1285 997 1520 1090 Evangelium
1536 1007 1655 1089 docet,
1681 1010 1777 1100 quod
1793 1031 1983 1080 aerumnae
1998 1035 2072 1082 nou
2088 1013 2159 1082 sint
2175 1017 2286 1104 signa

293 1067 344 1152 1¹1
373 1069 661 1184 Evangellllffl
691 1066 744 1150 de
775 1066 905 1151 dlvtie
941 1068 1121 1176 epulfflle
1151 1074 1192 1150 el
1286 1103 1359 1173 irae
1375 1103 1461 1190 Dei,
1487 1106 1560 1174 imo
1582 1108 1685 1180 docet
1707 1133 1772 1179 nos
1789 1110 1868 1179 ideo
1883 1111 2012 1203 affligi.
2036 1127 2076 1185 ut
2092 1115 2286 1185 redeamus

432 1219 435 1228 ¹
648 1182 836 1294 bazali),
1285 1207 1328 1274 ad
1346 1209 1483 1288 Deum,
1508 1223 1542 1278 et
1566 1211 1642 1302 pios
1667 1235 1894 1282 aerumnosos
1915 1215 2068 1285 maxime
2081 1240 2185 1285 curae
2205 1242 2284 1286 esse

641 1335 758 1406 Lucae
784 1338 839 1408 15·
1284 1306 1373 1380 Deo.
1425 1306 1495 1379 Sed
1520 1306 1606 1380 haec
1627 1326 1680 1383 est
1699 1314 1809 1396 mira,
1836 1328 1870 1384 ct
1891 1315 2001 1386 solius
2019 1315 2198 1388 Ecclesiae
2223 1342 2285 1388 sa-

347 1489 427 1561 Hoc
439 1483 672 1579 Evangelium
690 1489 848 1560 continet
863 1489 993 1558 multos
1008 1487 1075 1556 insi
1178 1486 1232 1555 l·
1284 1410 1439 1529 plentii'
1473 1437 1562 1531 qua-e
1592 1413 1759 1504 inlelligit
1782 1416 2060 1534 pem-”furam
2092 1421 2285 1540 “spicil“

1079 1510 1163 1581 &¹¹⁹⁸
1194 1512 1214 1554 ⁰
1285 1514 1452 1582 exaudire
1481 1514 1649 1598 alflrctos,
1681 1531 1717 1586 et
1748 1519 1906 1586 marabrlr
1938 1523 2092 1611 quodam
2125 1523 2282 1592 consrlro

246 1619 315 1680 ⁰⁰⁸2
343 1591 775 1710 q⁰l⁰¹¹¹⁰²⁵ff¹pll⁰³fll¹¹
790 1589 1234 1708 ⁰¹¹³P⁰¹¹⁰l⁰¹¹ell⁰¹¹P⁰⁵
1286 1614 1377 1682 velle
1400 1628 1536 1686 sanctos
1554 1617 1675 1713 afiligi.
1724 1617 1826 1688 Sicut
1842 1621 1886 1688 ab
1902 1619 2005 1692 initio
2022 1622 2282 1694 mundisancti

244 1711 339 1770 Μ’
391 1691 439 1764 El
460 1695 504 1762 ‘³²
526 1694 706 1788 ²¹¹q⁰¹b¹¹⁸
725 1707 845 1783 1³⁰⁵tea
862 1695 996 1777 ‘heims
1022 1713 1121 1782 Pr¹¹¹⁵
1137 1714 1234 1759 ⁸⁰¹⁰·
1285 1729 1369 1784 sunt
1384 1715 1517 1788 afflicti.
1568 1717 1660 1787 Abel
1677 1718 1897 1804 interfectus,
1925 1719 2143 1814 Prophetae,
2167 1721 2281 1795 Chri·

243 1823 341 1870 mam
369 1818 557 1916 fxp⁰¹¹³¹¹b
616 1791 824 1916 '1:⁰¹⁰hflic
854 1795 1010 1864 Μῐῐῦῑῗθ
1043 1793 1233 1912 93ξῖωὸξο
1285 1830 1376 1900 stus,
1403 1814 1586 1908 Apostoli,
1614 1820 1766 1913 denique
1784 1845 1907 1892 omnes
1922 1825 1972 1922 pii
1988 1838 2071 1894 suut
2086 1828 2282 1898 excruciati

242 1897 442 1982 Ecclesrae,
475 1899 671 1968 consolatio
703 1881 935 1980 afflictorum,
968 1909 1004 1966 et
1031 1897 1232 1983 obsurgatro
1285 1919 1393 1989 variis
1410 1934 1444 1990 et
1461 1921 1664 2010 ingenfibu,
1678 1925 1869 1994 aerumna„

243 2003 448 2094 impiorum,
476 1999 539 2094 qui
554 1998 737 2089 negligunt
750 1997 1024 2088 velEcclesiam,
1050 1997 1107 2066 vel
1119 2021 1233 2066 mem-

243 2107 307 2176 bra
324 2101 521 2186 Ecclesiae,
548 2125 639 2195 quae
657 2098 789 2172 babent
803 2122 892 2192 opus
907 2099 1052 2174 auxilio.

346 2202 395 2276 Ut
424 2203 519 2274 enim
539 2199 600 2274 hic
623 2201 776 2274 Lazarus
802 2203 893 2272 iacet
913 2204 957 2271 ad
982 2202 1104 2273 divitis
1125 2201 1232 2270 vesti-

241 2299 369 2380 bulum
377 2357 388 2392 ,
416 2321 451 2377 et
468 2330 487 2375 a
505 2305 615 2377 divite
630 2293 830 2394 negligitur,
855 2305 905 2373 sic
920 2327 1058 2395 semper
1073 2305 1113 2372 iu
1126 2327 1232 2372 mun-

243 2412 290 2480 do
319 2422 359 2479 ut
388 2407 586 2499 plurimum
616 2406 706 2477 iacet
726 2403 882 2476 Ecclesia
905 2405 1034 2474 afflicta
1059 2417 1094 2472 et
1116 2415 1231 2496 spreta

243 2533 362 2584 coram
388 2509 547 2598 regibus,
578 2507 818 2599 principibus,
844 2506 1091 2598 pontificibus,
1118 2528 1232 2574 sacer-

244 2613 398 2686 dotibus.
450 2608 510 2683 Sic
533 2612 668 2681 iacebat
687 2606 850 2681 Christus
875 2623 910 2678 et
925 2604 1088 2699 Apostoli
1112 2630 1232 2676 coram

243 2713 466 2810 principibus
488 2735 700 2807 synagogae,
728 2714 777 2783 sic
800 2713 961 2783 iacebant
977 2709 1155 2780 israelitae
1173 2734 1232 2778 co-

242 2843 319 2890 ram
342 2810 548 2901 Pharaone,
580 2816 630 2886 sic
659 2815 822 2887 iacebant
844 2812 1021 2883 Ecclesiae
1047 2825 1121 2882 toto
1147 2811 1233 2880 orbe

242 2935 417 3010 ¹terrarum
435 2941 554 2987 coram
572 2917 858 3007 imperatoribus,
883 2915 1124 2997 Diocletiano,
1150 2909 1232 2984 Ma-

242 3020 384 3105 xentio,
417 3032 451 3088 et
478 3019 569 3090 aliis.
631 3018 690 3089 Sic
720 3043 817 3101 nunc
846 3019 935 3086 iacet
959 3012 1114 3087 Ecclesia
1149 3039 1230 3084 vera

244 3147 369 3196 coram
394 3120 564 3192 Pontifice
588 3117 774 3208 Romano,
812 3118 999 3212 Episcopis
1028 3133 1061 3190 et
1091 3115 1231 3188 Princi-

242 3227 359 3319 pibus.

346 3323 417 3394 Nos
439 3338 473 3394 et
495 3325 556 3396 alii
573 3324 647 3418 pii,
673 3326 740 3397 sub
754 3325 834 3395 aliis
851 3325 993 3414 regibus
1010 3338 1044 3396 et
1058 3324 1230 3415 principi-

242 3433 309 3500 bus
324 3428 362 3496 in
377 3441 448 3498 tota
462 3424 628 3521 Europa,
652 3429 845 3499 clamamus
858 3429 900 3497 ad
910 3423 1116 3509 Pontifices,
1141 3422 1229 3518 Epi·

242 3555 367 3622 scopos
396 3543 428 3600 et
451 3527 583 3620 Reges,
615 3545 655 3601 ut
675 3544 800 3600 curent
820 3543 914 3599 recte
935 3530 1074 3618 duceri,
1108 3529 1231 3598 iuvent

243 3633 321 3726 pios
353 3632 554 3712 ministros,
585 3632 779 3702 defendant
808 3632 1031 3720 confitentes,
1066 3654 1139 3698 non
1169 3653 1229 3719 pa-

243 3737 379 3807 tiantur
409 3733 572 3808 interfici.
628 3732 737 3814 Item,
770 3733 893 3802 iuvent
922 3755 1091 3822 pauperes
1109 3755 1230 3800 -sacer-

243 3842 343 3908 dotes
374 3849 408 3905 et
438 3835 544 3917 alios,
583 3837 800 3906 constituant
828 3831 983 3918 scholas,
1025 3847 1231 3904 conservent

244 3938 454 4012 doctrinam.
511 3936 608 4008 Haec
638 3962 712 4006 non
740 3937 891 4006 audiunt
914 3935 1095 4026 pontifices
1119 3949 1152 4004 et
1174 3959 1230 4003 re·
1383 3914 1479 4009 Ergo
1503 3922 1787 4014 quandocunque
1810 3947 1930 3993 sumus
1952 3925 1990 3992 in
2006 3925 2275 4018 afflictionibus,

243 4067 320 4132 ges,
346 4052 473 4132 putant
491 4063 528 4110 se
549 4063 622 4112 0550
637 4036 849 4124 Ecclesiam,
872 4062 937 4107 nec
962 4052 1080 4109 samen
1096 4037 1231 4107 faciunt
1282 4019 1458 4090 discamus
1478 4046 1542 4090 nos
1559 4016 1625 4090 hac
1640 4024 1800 4092 doctrina
1815 4021 1999 4114 Evangelii
2019 4031 2212 4117 consolari,
2241 4053 2276 4108 et

129 4193 135 4206 ,
244 4143 398 4214 officium
415 4167 540 4224 suum,
565 4144 626 4212 ,ed
643 4140 886 4221 sufflamine,
914 4140 1095 4232 epulantes
1111 4140 1230 4231 splen.
1282 4123 1471 4194 excitemus
1499 4148 1564 4192 nos
1588 4123 1632 4191 ad
1656 4123 1932 4194 invocationem:
1960 4122 2047 4197 haec
2072 4145 2123 4201 est
2145 4135 2275 4208 militia

243 4245 346 4334 dide,
382 4245 417 4314 id
453 4258 523 4330 ess,
559 4257 722 4315 curante,
751 4265 830 4312 suas
862 4266 962 4334 0905,
996 4243 1231 4332 splendorem,
1282 4240 1504 4309 sauctorum,
1535 4238 1626 4294 stare
1649 4226 1686 4294 in
1709 4219 1774 4294 hac
1797 4227 1882 4314 lide,
1916 4242 1951 4299 ct
1972 4245 2151 4321 expectare
2173 4243 2276 4309 auxi-

241 4369 408 4440 pompas‚
441 4370 513 4416 non
537 4345 703 4417 iacientes
726 4345 891 4414 officium.
952 4341 1047 4430 Quia
1067 4339 1230 4414 Christus
1282 4327 1393 4410 lium,
1419 4325 1777 4400 ⁵5⁰⁰1M0580³dl⁶ll²
1807 4327 2082 4416 N01510l5m012‚
2110 4351 2213 4422 state,
2239 4358 2277 4413 et

241 4447 392 4518 hicnon
409 4445 637 4540 reprehendit
653 4449 814 4537 divitias,
841 4449 902 4517 sed
918 4447 1039 4531 addit,
1059 4447 1229 4538 volupta-
1282 4429 1446 4499 videbilis
1474 4429 1646 4519 magnilli
1669 4429 1828 4501 D0ffllnl·
1882 4429 1986 4501 Nunc
2015 4436 2120 4504 eliam
2151 4463 2276 4514 sumus
2302 4521 2303 4549 ,

242 4551 338 4620 tibus
368 4550 557 4637 indulgens
578 4551 737 4644 quotidie
761 4549 965 4640 splendide,
996 4561 1037 4618 ut
1059 4549 1231 4632 ostendat,
1281 4529 1425 4648 Lazari,
1458 4531 1612 4602 lacem&
1643 4533 1687 4600 ad
1718 4532 1823 4622 Pedes
1844 4534 2051 4622 Pontificum
2078 4551 2112 4607 et
2136 4565 2275 4630 regum,

242 4652 358 4749 qualis
383 4651 428 4720 sit
450 4651 511 4721 ille
532 4653 651 4739 dives',
678 4652 812 4724 scilicet
832 4673 1004 4746 quaereus
1032 4651 1231 4742 voluptates
1282 4647 1587 4724 P²l¹ffl¹¹⁸l³³⁰²¹⁰2
1613 4656 1800 4723 precamur
1815 4656 1861 4701 ¹¹⁰
1876 4629 2109 4726 Evlnssi‘llssm
2126 4649 2275 4716 ΨΜ·
2301 4711 2302 4734 ;

178 4760 182 4773 ·
242 4770 276 4828 01
289 4752 525 4848 splendorem,
1281 4748 1397 4816 cetur,
1427 4739 1485 4805 sed
1509 4735 1563 4803 illi
1585 4747 1731 4804 manent
1753 4734 1932 4825 epulones.
1991 4737 2061 4807 Nos
2085 4741 2194 4830 igitur
2218 4752 2275 4818 vi·
2301 4749 2302 4785 l

344 4854 437 4927 Vide
453 4878 601 4948 quaem,
627 4855 714 4949 quid
730 4879 827 4926 nunc
843 4855 939 4924 aliud
956 4851 1229 4946 quefflsslEpl-
1280 4840 1426 4908 deomus
1448 4861 1493 4905 ne
1514 4836 1738 4920 deficiamus,
1771 4837 1830 4905 §eil
1856 4838 1965 4906 Simus
1988 4838 2132 4925 Lazari,
2167 4871 2274 4946 expe.
2300 4915 2301 4922 ἵ

242 4961 357 5051 scopi,
404 4957 474 5029 nisi
510 4960 710 5050 volsrptates
756 4972 790 5029 et
821 4957 1071 5049 splendorem?
1131 4953 1229 5026 Haec
1280 4937 1747 5010 clanlfliauxlllumfflffl·
2300 4947 2301 5021 l

242 5074 450 5158 quaerentes
469 5058 691 5152 impossibile
713 5072 764 5131 est
784 5059 1084 5131 facereollicium.
1135 5056 1226 5128 Nam
1382 5056 1453 5129 Sed
1485 5058 1591 5126 redeo
1617 5057 1665 5125 ad
1693 5061 1839 5131 textum.
1899 5055 1969 5128 Hic
1988 5058 2142 5132 Lazarus
2166 5090 2273 5140 curae

238 5157 388 5234 hicnon
404 5162 492 5235 dicit
506 5175 643 5234 tantum
662 5163 819 5255 epulans,
846 5163 904 5233 sed
924 5160 1105 5243 delicians,
1131 5162 1227 5254 quod
1280 5173 1331 5230 est
1351 5159 1446 5245 Deo,
1479 5159 1671 5230 mittuntur
1691 5159 1808 5250 angeli
1832 5161 1875 5230 ad
1902 5183 1980 5230 euru
1998 5187 2083 5234 cum
2106 5169 2270 5256 moritur,
2299 5187 2300 5259 t

236 5264 485 5358 complectitur
506 5287 630 5338 omncs
649 5265 860 5360 voluptates.
911 5260 996 5335 Dixi
1011 5261 1133 5357 quales
1147 5287 1228 5356 per·
1280 5262 1319 5330 in
1344 5262 1419 5332 vito
1443 5256 1551 5333 habet
1573 5259 1769 5332 caniculam
1786 5261 1992 5353 lingentem.
2046 5264 2096 5337 lta
2113 5263 2271 5344 Ecclesia

1387 2053 1438 2126 Ita
1463 2051 1521 2126 hic
1543 2059 1646 2127 docet
1668 2053 1850 2140 Christus,
1882 2054 1978 2129 hunc
2000 2059 2175 2134 Lazarum
2199 2063 2280 2136 Deo

1284 2177 1389 2226 curae
1407 2179 1495 2238 esse,
1520 2172 1552 2229 et
1567 2161 1770 2232 consolatur
1783 2185 1861 2244 uos,
1887 2176 1927 2232 ut
1943 2163 2094 2232 sciamus
2110 2189 2174 2235 nos
2190 2191 2280 2264 pro·

1284 2273 1362 2350 pter
1385 2281 1572 2331 aerumnas
1595 2285 1669 2331 nou
1691 2265 1865 2354 proiectos
1881 2287 1953 2334 esse
1968 2289 1987 2333 a
2005 2264 2098 2335 Deo.
2151 2263 2198 2338 Et
2214 2293 2279 2359 ge-

1283 2361 1331 2429 rit
1354 2383 1483 2432 nomen
1501 2359 1579 2446 hic,
1604 2362 1778 2448 Lazarus,
1802 2390 1874 2457 quo
1888 2367 2055 2436 admonet
2071 2381 2105 2437 et
2119 2368 2222 2438 illum
2242 2388 2278 2444 et

1284 2485 1369 2546 nos,
1390 2466 1485 2556 quod
1503 2465 1548 2534 sit
1563 2465 1638 2534 Deo
1653 2491 1775 2550 curae,
1802 2469 1884 2559 quia
1903 2467 2055 2537 Lazarus
2072 2484 2140 2552 est,
2167 2470 2279 2542 Elea-

1285 2585 1362 2647 sar,
1389 2567 1488 2656 quasi
1507 2566 1621 2650 dicas,
1646 2563 1744 2638 Deus
1759 2569 1917 2652 adiutor,
1945 2567 2121 2664 (holtheiff.
2173 2573 2278 2644 Talis

1284 2680 1335 2735 est
1351 2661 1528 2746 Ecclesia,
1555 2661 1647 2736 hanc
1669 2694 1773 2736 nemo
1793 2672 1958 2760 adiuvat,
1984 2677 2042 2740 sed
2060 2675 2191 2744 dicitur
2205 2675 2278 2746 La—

1284 2789 1402 2852 zarus,
1430 2764 1613 2862 Giutthdsp
1640 2769 1747 2839 Solus
1763 2771 1858 2842 Deus
1881 2796 1957 2840 eam
1984 2777 2143 2873 respicit,
2169 2799 2278 2849 exau-

1284 2870 1355 2954 dit,
1386 2871 1550 2953 adiuvat,
1582 2871 1704 2944 salvat.
1762 2871 1838 2943 lmo
1864 2873 1939 2943 sola
1961 2871 2118 2946 Ecclesia
2142 2871 2278 2950 Christi

1283 2973 1443 3060 agnoscit
1457 2969 1572 3042 Deum
1596 2971 1798 3043 esse'Deum
1822 2977 1946 3058 talem,
1973 2978 2034 3068 qui
2060 3003 2131 3046 non
2153 2981 2279 3055 abiicit

1283 3073 1450 3158 afflictos,
1473 3075 1533 3168 qui
1559 3076 1701 3145 exaudit
1726 3091 1757 3145 et
1779 3077 1922 3167 respicit
1940 3078 1977 3144 in
1993 3081 2193 3166 aerumnis,
2218 3109 2276 3153 re-

1283 3175 1368 3265 cipit
1398 3189 1432 3246 et
1459 3177 1536 3247 vult
1563 3199 1723 3260 servare,
1756 3178 1812 3245 vel
1834 3179 1871 3246 in
1896 3175 1961 3246 hac
1984 3180 2072 3266 vita,
2103 3183 2159 3250 vel
2183 3202 2277 3256 certe

1283 3271 1480 3366 posthanc
1504 3281 1633 3357 vitam,
1670 3292 1813 3369 propter
1837 3275 2029 3351 Christum.
2096 3281 2178 3353 ideo
2202 3288 2276 3358 cla-

1284 3379 1410 3448 mitant
1426 3378 1576 3448 Psalmi:
1603 3377 1677 3467 Qui
1695 3394 1794 3450 sanat
1810 3381 1980 3451 contritos
1999 3385 2113 3453 corde.
2169 3385 2275 3460 Item:

1283 3479 1423 3550 Allevat
1439 3483 1606 3550 dominus
1620 3505 1741 3551 omnes
1754 3483 1815 3575 qui
1828 3498 2010 3564 corruunt,
2038 3487 2140 3576 erigit
2151 3513 2277 3563 omnes

1282 3580 1395 3652 elisos.
1450 3580 1555 3652 ltem:
1581 3581 1710 3651 invoca
1731 3608 1788 3652 me
1813 3585 1850 3652 in
1873 3587 1931 3654 die
1952 3586 2210 3676 tribulationis,
2241 3611 2278 3666 et

1283 3684 1429 3775 eripiam
1456 3697 1501 3757 te.
1553 3679 1621 3752 Hic
1646 3687 1768 3769 docet,
1796 3682 1885 3756 hanc
1910 3689 2171 3760 invocationem
2200 3719 2277 3767 esse

1283 3809 1458 3854 summum
1477 3785 1623 3859 cultram.
