4622 5818
71 130 138 210 att
313 126 397 208 xla
447 125 839 248 Attuoratrouts
863 127 932 208 ltu
957 127 1239 212 CONCIONES
1264 132 1317 212 lli
1342 130 1527 210 EVANG.
1551 134 1832 214 merantur.
2009 143 2088 220 082

69 304 111 376 rit
129 301 178 388 ei,
203 315 240 374 et
258 300 298 400 io
316 301 589 394 amplexuseius
603 302 721 382 irruit.
770 299 868 378 Haec
884 305 1046 379 doctriua
1197 304 1273 380 Nos
1295 307 1401 382 etiam
1425 307 1560 382 luiruus
1583 307 1720 396 amri,
1743 323 1778 384 at
1798 333 1922 386 sumus
1944 314 2088 406 gloriati

67 419 112 478 est
133 404 248 490 utilis,
272 418 307 477 et
327 404 366 474 in
385 404 604 500 quotidianis
619 405 793 480 exercitiis
807 408 1047 502 poeniteutiae
1096 424 1242 504 propter
1266 433 1427 495 causam,
1459 434 1551 505 quae
1578 425 1630 484 est
1654 414 1772 496 bona,
1805 417 1867 486 sed
1892 415 2026 490 fuimns
2047 418 2089 492 in

67 523 96 582 st
108 505 340 582 invocationis
353 507 535 582 discenda.
771 577 773 582 .
1097 511 1219 584 multis
1233 513 1339 585 rebus
1354 513 1645 604 negligentiores,
1670 515 1710 586 in
1725 515 1891 588 iuvandis
1905 513 2088 608 Ecclesiis,

1096 608 1230 685 luimus
1242 607 1445 700 helluones,
1469 616 1586 697 avari,
1612 617 1776 712 superbi,
1798 631 1865 694 etc.
1918 617 2004 692 ldeo
2016 645 2086 716 pu·

1093 713 1164 788 niti
1180 738 1319 802 sumus,
1343 727 1378 789 et
1396 739 1508 807 poena
1523 716 1650 810 incipit
1667 742 1687 788 a
1704 721 1811 791 domo
1826 717 1906 792 Dei.

371 771 510 886 caput
540 771 727 864 ΧΧΠΠ*
1198 833 1268 908 Sed
1297 831 1459 926 Papistae
1487 828 1700 907 horribilius
1725 838 1940 936 punientur,
1972 853 2006 912 et
2034 841 2084 912 si·
2171 879 2174 888 ¹

129 951 182 1026 Ep
199 952 442 1030 ,mmmm
457 957 492 1030 33·
507 951 717 1050 adfictum
734 952 881 1055 ιιῃψιί,
904 963 967 1034 010·
1095 959 1174 1055 mus
1194 959 1262 1007 nos
1283 937 1533 1024 modestiores,
1557 937 1692 1034 alioqui
1709 963 1832 1010 rursus
1848 939 2002 1014 atrocius
2015 965 2084 1036 pu-

1094 1061 1247 1112 memor.

1197 1139 1428 1214 Considerate
1457 1139 1581 1226 etiam,
1613 1141 1728 1236 qualia
1753 1142 1860 1214 suerit
1880 1167 1995 1236 poena
2020 1143 2083 1217 lu-

1094 1242 1263 1313 daeorum
1279 1241 1318 1310 in
1335 1240 1472 1312 excidio
1488 1241 1551 1310 illo
1569 1241 1879 1340 ierosolymorum.

1194 1357 1329 1432 Civitas
1351 1361 1419 1432 fuit
1442 1359 1554 1450 cincta
1578 1363 1767 1434 obsidione
1783 1387 1847 1455 per
1861 1385 1920 1434 sex
1933 1387 2082 1447 menses,

1093 1483 1113 1532 a
1127 1458 1295 1538 Paschate
1309 1484 1422 1554 usque
1437 1463 1481 1532 ad
1495 1463 1622 1534 lestum
1630 1463 1972 1537 Tabernaculorum.
2023 1465 2083 1538 Si-

152 1542 281 1617 Poatea
304 1547 407 1618 addit
427 1545 690 1617 admonillow
714 1556 749 1615 ῑῑ
769 1543 1039 1631 t⁰¹¹⁵⁰l³ll⁰¹10⁸s
1092 1576 1153 1635 out
1175 1558 1309 1634 Pascha
1336 1564 1405 1635 luit
1434 1563 1579 1636 initium
1606 1561 1715 1638 huius
1739 1568 1914 1659 politiae„
1936 1571 2080 1661 quando

63 1646 135 1739 quia
158 1647 446 1742 quandocunque
469 1646 726 1740 praedicuntur
748 1669 900 1738 poenae,
931 1648 1040 1717 timul
1094 1666 1220 1754 agressi
1241 1677 1325 1736 snnt
1346 1689 1388 1735 ex
1402 1661 1580 1761 Aegypto:
1606 1668 1655 1738 ita
1676 1691 1774 1740 nunc
1790 1682 1843 1742 cst
1853 1669 1998 1742 initium
2013 1672 2080 1740 ob-

63 1749 234 1820 adduutur
259 1761 293 1820 et
315 1749 596 1836 admonitiones,
628 1761 668 1820 ut
688 1771 833 1838 agamus
854 1749 1040 1840 poeniten-
1091 1767 1242 1838 ,idionip
1258 1781 1292 1838 et
1308 1766 1568 1839 destrucfiouig,

63 1849 155 1936 tiam,
179 1863 215 1920 et
232 1849 363 1922 deinde
378 1849 654 1929 consolationes,
679 1852 860 1943 quomodo
875 1851 1041 1938 mitigen-

62 1950 194 2124 imile!
221 1952 397 2056 tollantur
422 1973 569 2046 poenae.
618 1949 674 2024 Sit
702 1964 821 2033 autem
839 1946 903 2022 bic
924 1951 1039 2045 prima

83 2075 119 2122 oc
136 2075 230 2124 nna:

153 1105 196 1177 lu
221 1102 291 1178 hoc
321 1108 435 1200 capite
465 1107 670 1182 continetur
693 1105 886 1200 praedictio
908 1110 952 1178 de
978 1108 1046 1178 de-

64 1209 244 1280 structione
259 1207 511 1306 lerosolymae,
537 1211 629 1282 etde
644 1209 863 1280 boemundi.
913 1205 1042 1280 Miscet

64 1311 149 1380 enim
170 1307 258 1386 baec
282 1313 373 1398 duo,
399 1312 575 1383 excidium
594 1309 850 1405 lerosolymae,
876 1323 912 1382 et
932 1309 1040 1382 finem

63 1411 198 1498 mundi,
223 1413 309 1508 quia
324 1415 424 1504 signa
440 1413 685 1507 praecedentia
700 1411 832 1482 similia
846 1425 941 1487 sunt.

1191 1883 1239 1956 Et
1264 1886 1357 1957 sicut
1386 1884 1514 1954 festum
1538 1884 1868 1958 Tabernaculorum
1896 1886 1966 1960 fuit
1988 1886 2081 1959 cele-

1091 1989 1233 2059 bratum
1262 1983 1452 2080 quotannis
1474 1981 1513 2053 in
1539 1984 1762 2086 Septembri,
1793 2012 1859 2079 pro
1884 1989 2080 2078 gratiarum

1091 2089 1245 2171 actione,
1267 2088 1363 2180 quod
1378 2086 1573 2158 introducti
1588 2105 1702 2162 essent
1716 2089 1754 2158 in
1769 2102 1918 2162 terram:
1946 2091 1994 2161 ita
2007 2091 2080 2163 iam

151 2171 196 2241 In
222 2164 407 2264 Apostolis
437 2165 555 2243 adhuc
583 2191 712 2260 magna
740 2167 927 2242 infirmitas
956 2168 1036 2242 luit.
1088 2189 1252 2263 sumni,
1269 2183 1376 2260 huin,
1392 2187 1550 2287 potitiae,

63 2267 157 2342 Hunc
171 2296 328 2344 errorem
341 2275 504 2344 nondum
515 2270 938 2366 deposuerautApostoli,
963 2271 1039 2342 lore
1195 2293 1230 2364 1,
1282 2287 1323 2360 1„
1349 2290 1489 2360 civitate
1512 2301 1587 2362 erar
1607 2289 1718 2360 sames
1738 2302 1855 2376 tanta,
1885 2301 1929 2364 ua
1949 2305 2081 2362 maeres

64 2395 200 2463 regnum
218 2370 356 2448 Christi
376 2376 613 2447 mundanum.
663 2368 713 2445 Et
736 2373 904 2446 securitas
926 2373 963 2443 in
987 2373 1037 2445 eis
1089 2405 1282 2487 coquerem
1295 2393 1401 2464 filio„

62 2486 149 2548 tanta
170 2476 261 2558 fuit,
286 2499 366 2548 cum
387 2476 460 2547 iam
475 2475 581 2548 iustet
595 2491 733 2567 tempus
747 2473 946 2560 Passionis,
970 2474 1037 2568 ipsi
1192 2497 1230 2568 2,
1280 2493 1394 2564 Erant
1415 2503 1448 2562 et
1464 2490 1675 2576 seditiones,
1702 2505 1737 2565 ea
1753 2491 1985 2586 quotidianae
2000 2517 2080 2566 aas.

63 2575 228 2649 mirantur
249 2577 448 2648 aedilicium
470 2576 615 2670 templi,
638 2589 674 2646 et
695 2577 803 2648 simul
819 2575 1038 2662 fabulantur,
1089 2597 1151 2668 de,
1166 2595 1297 2668 civium
1315 2595 1409 2665 {mer
1422 2616 1508 2666 me,

63 2698 93 2745 se
114 2679 296 2774 aliquanto
316 2691 397 2772 post
421 2692 628 2770 regnaturos
650 2699 722 2750 esse
744 2679 784 2747 in
808 2671 877 2748 hoe
892 2678 1038 2772 templo,
1192 2698 1230 2771 5,
1279 2695 1389 2768 Multi
1405 2697 1443 2764 in
1458 2694 2078 2792 muriuteruptionihusinterficis·
2167 2701 2172 2712 ’

63 2779 314 2867 teutonum,
339 2775 498 2873 Caipha,
521 2791 557 2852 et
571 2778 703 2852 talibus
716 2779 836 2872 impiis
852 2779 979 2872 porcis.
1088 2799 1238 2878 hamur,
1264 2799 1407 2890 quando
1421 2797 1659 2867 defendebant
1672 2796 1817 2877 urbem,
1842 2797 1956 2868 multa
1971 2797 2077 2869 etiam

153 2915 316 2988 Sciamus
336 2907 451 3006 igitur
469 2915 509 2984 in
524 2912 663 2987 Sanctis
687 2915 726 2987 in
748 2909 815 2984 hac
837 2914 910 2985 vita
932 2913 1037 2984 etiam
1089 2899 1255 2972 incendia
1269 2900 1411 2970 fiebant·

63 3015 274 3090 intinnitatea
291 3029 328 3089 et
343 3039 481 3088 errores
497 3036 583 3089 esse.
643 3013 692 3088 Et
708 3037 936 3106 agnoscamus
953 3011 1039 3085 haec
1192 3001 1227 3076 4·
1278 2998 1659 3072 P0⁸l·de⁵lmtll⁰110m
1681 2999 1780 3070 urbis
1799 2997 1929 3090 ttplivl
1948 2999 2078 3074 obiecti

61 3117 159 3204 mala,
184 3134 218 3192 st
239 3119 480 3192 emendemus.
529 3113 580 3191 Et
599 3118 752 3188 sciamus
770 3131 908 3204 tamen,
932 3115 1038 3188 nobis
1089 3118 1173 3178 sunt
1186 3103 1372 3192 leonibus,
1396 3115 1430 3173 et
1445 3101 1554 3194 abeis
1569 3102 1715 3172 lacerati
1731 3101 1770 3172 in
1785 3101 2004 3196 spectaculis.

62 3219 136 3290 tales
159 3220 382 3292 infirmitates
402 3219 535 3292 remitti
557 3233 703 3312 propter
721 3214 925 3305 Christum,
957 3241 1038 3289 cum
1191 3221 1239 3294 Et
1265 3222 1316 3292 sic
1338 3234 1410 3293 tota
1431 3215 1517 3310 qens
1537 3221 1704 3312 dissipata
1726 3233 1789 3293 est.
1852 3216 1926 3290 Nec
1946 3218 2076 3310 legitur

62 3343 136 3392 rara
147 3321 217 3394 lida
233 3322 274 3392 iu
288 3345 371 3392 eum
387 3321 579 3394 credimus.
1089 3340 1160 3397 tam
1183 3320 1364 3395 horrenda
1384 3322 1574 3393 destructio
1595 3323 1706 3392 ullius
1720 3321 1839 3407 urbis,
1864 3333 1900 3393 et
1914 3321 2076 3396 existimo
2214 3383 2224 3390 .

153 3436 320 3514 Christus
355 3435 586 3532 reprehendit
620 3463 744 3511 eorum
778 3461 954 3530 errorem,
1004 3450 1040 3510 et
1090 3429 1171 3498 ideo
1202 3424 1241 3494 in
1267 3420 1338 3496 hoc
1360 3436 1457 3495 textu
1480 3423 1563 3492 dici.
1627 3419 1708 3494 Erit
1730 3423 1916 3498 tribulatio
1937 3446 2077 3515 magna,

63 3543 224 3630 praedicit
239 3543 515 3615 destructionem
531 3541 674 3634 templi,
699 3553 731 3611 ει
749 3541 924 3612 excidium
937 3540 1039 3612 urbia
1090 3528 1206 3624 qualis
1221 3526 1377 3598 nonfuit
1390 3525 1437 3596 ab
1451 3523 1554 3596 initio
1568 3524 1697 3596 mundi
1711 3520 1893 3613 hactenus,
1918 3547 1983 3595 nec
1996 3525 2076 3600 erit.

64 3637 289 3742 lerosolymae
315 3658 353 3717 et
379 3644 491 3716 totius
513 3643 628 3733 gentis
650 3641 814 3714 Iudaicae
837 3641 1039 3732 dissipatio·
1190 3642 1267 3715 Has
1293 3664 1438 3733 magnas
1467 3641 1683 3714 calamitates
1703 3643 1941 3729 considerata,
1974 3645 2075 3714 etde

64 3763 153 3828 nem,
178 3761 213 3819 et
238 3746 452 3818 deletionem
468 3744 629 3844 politiae·
679 3743 1038 3816 Hiediseatisexem-
1089 3747 1205 3819 causis
1225 3746 1387 3838 cogitate.
1438 3742 1572 3816 Causae
1594 3745 1737 3816 lucrum
1755 3740 2014 3836 blasphemiae,
2040 3759 2076 3818 et

63 3843 152 3933 plum
165 3844 327 3934 iraeDei,
351 3848 513 3944 omnium
523 3841 916 3930 maximehorrendum,
942 3844 1038 3938 quod
1090 3849 1202 3920 multa
1217 3849 1284 3924 alia
1302 3859 1440 3940 peccata
1456 3846 1656 3918 coniuncta.
1698 3844 1783 3918 ldeo
1799 3869 1845 3916 ne
1861 3845 1992 3938 similia
2007 3867 2076 3918 no-

65 3945 185 4022 delerit
204 3963 316 4022 totam
338 3949 500 4041 politiam
523 3970 543 4017 a
567 3969 604 4019 se
626 3948 874 4028 constitutam,
907 3947 945 4016 in
969 3969 1038 4039 qua
1090 3951 1147 4020 bis
1175 3951 1358 4034 accidant,
1390 3949 1617 4018 emendemus
1638 3970 1724 4032 nos,
1757 3960 1793 4019 et
1814 3946 2007 4018 clamemus
2028 3948 2075 4018 ad

65 4070 139 4120 rere
160 4045 336 4124 habitavit
356 4052 450 4143 ipse,
475 4050 515 4121 in
531 4071 700 4144 quarere
715 4049 783 4120 luit
797 4045 974 4133 Ecclesia,
999 4048 1038 4117 in
1090 4050 1227 4136 Deum,
1252 4064 1292 4122 ut
1312 4049 1497 4143 praecipit:
1522 4045 1784 4119 convertimini
1799 4050 1844 4119 ad
1860 4070 1937 4134 me,
1961 4063 2076 4141 cteqo

64 4171 126 4240 qua
153 4152 311 4244 ingentia
338 4152 509 4226 miracula
539 4164 575 4222 et
602 4151 830 4222 liberationes
857 4151 1039 4220 mirandae
1091 4168 1278 4226 convertar
1292 4155 1335 4222 ad
1349 4173 1423 4224 vos.
1842 4155 1845 4162 '

66 4270 84 4318 a
105 4251 177 4325 Deo
202 4255 319 4328 factae
343 4266 445 4336 suut,
481 4267 517 4326 et
542 4252 608 4326 ubi
631 4252 755 4327 Patres
785 4265 819 4324 et
841 4247 1040 4346 Prophetae
1196 4254 1283 4327 Item
1299 4252 1448 4324 desinite
1462 4251 1553 4322 mala
1568 4251 1700 4336 facere,
1724 4263 1760 4322 et
1773 4249 1899 4322 discite
1911 4251 2006 4324 bona
2020 4251 2076 4324 la-

63 4351 222 4430 rirerant.
1091 4381 1182 4431 cere.
1240 4355 1281 4428 si
1310 4355 1443 4425 luerint
1467 4365 1608 4444 peccata
1630 4365 1747 4424 restra
1770 4353 1860 4424 sieut
1881 4352 2076 4440 coccinum,
2192 4355 2197 4365 '

155 4474 234 4548 Hae
255 4487 374 4552 tantae
396 4473 679 4568 praerogativae,
709 4497 786 4544 non
807 4474 961 4545 liberant
983 4471 1039 4544 le·
1081 4458 1191 4530 ’θῐῖῑῑθ
1205 4455 1347 4575 tflndld}
1363 4455 1455 4528 δῑῦῦῑ
1470 4455 1542 4574 ΰῑξ·
1851 4556 1861 4574 ·
1974 4555 1984 4576 ·

65 4577 287 4672 rosolymam,
316 4591 350 4650 et
377 4592 497 4650 tamen
519 4578 624 4648 valde
643 4575 896 4668 superbiebant
920 4575 1039 4647 ludaei
1194 4558 1273 4630 11⁰⁰
1295 4572 1400 4629 ‘flam
1417 4558 1722 4676 ⁶⁰⁰⁸¹d²ffll⁰2⁸de
1740 4554 1897 4640 Ss'fflfflh
1922 4555 2076 4676 quutj
2112 4573 2116 4584 '

68 4667 119 4746 his
141 4679 414 4780 praerogativis,
446 4693 482 4752 et
507 4680 682 4773 putabant
709 4677 926 4770 impossibile
956 4700 1040 4762 esse,
1091 4675 1179 4734 runt
1200 4660 1436 4753 ierosolymae
1457 4671 1540 4730 ante
1562 4659 1813 4777 obsidionem„
1863 4655 1941 4729 Hos
1962 4658 2076 4750 aitqua
2214 4685 2221 4707 =

69 4777 170 4851 deleri
193 4806 293 4854 suam
315 4781 492 4881 politiam.
543 4779 751 4854 clamabant
774 4777 943 4872 ternplum
965 4776 1040 4848 Do·
1092 4759 1449 4882 htbfflfflfl’llllum
1469 4753 1732 4880 Ρῐθῆἶῑθῑῑῢῐωι
1755 4769 2078 4832 ¹¹1⁸⁵0²¹1¹¹²⁰ffl¹¹⁰⁸

26 4921 34 4940 ·
71 4879 180 4970 nint,
194 4883 285 4957 sicut
298 4881 460 4975 Papistae
475 4883 643 4954 clamant:
670 4878 850 4966 Ecclesia,
873 4877 1040 4966 Ecclesia,
1092 4887 1134 4936 ²¹
1150 4867 1239 4936 urbe
1253 4863 1451 4949 <lumime
1475 4875 1509 4934 0¹
1523 4864 1769 4938 thwetum·
1960 4971 1968 4982 ι

71 4991 101 5050 et
118 4983 374 5078 imaginantur,
400 5007 476 5058 non
496 5007 596 5077 posse
610 4983 744 5056 destrui
759 5007 859 5056 suam
874 4982 1040 5053 ‹lomina-
1194 4980 1279 5056 Post
1293 4981 1565 5054 destructionem
1580 4976 1619 5051 hi
1632 4979 1764 5052 reversi
1780 4992 1875 5065 sunt,
1896 4990 1931 5050 et
1945 4979 1985 5049 in
1998 4974 2077 5049 rui·

73 5079 208 5163 tionem.
254 5087 326 5160 Sed
341 5111 412 5181 quo
426 5088 565 5161 tardior
576 5100 626 5160 est
638 5107 763 5180 poena,
785 5109 827 5157 ro
839 5085 905 5158 erit
917 5085 1039 5158 maior.
1092 5084 1152 5154 nis
1169 5097 1352 5180 utcunque
1372 5079 1640 5164 habitaverunt,
1665 5094 1701 5156 et
1720 5081 1861 5179 aliquos
1881 5079 2078 5154 ricosrur·
2110 5165 2114 5184 .

73 5174 115 5256 Et
127 5186 190 5280 ipsi
203 5187 357 5263 etTurei
373 5203 457 5262 suut
469 5202 645 5281 postrema
659 5189 714 5258 lex
730 5185 921 5280 impietatis
934 5209 1041 5256 muu-
1091 5208 1152 5260 sus
1166 5185 1452 5262 aedificaverunt.

74 5281 118 5354 li·
163 5287 247 5368 ldeo
260 5289 359 5368 rmit
374 5313 489 5386 poena
503 5289 658 5379 tardius,
679 5291 744 5362 sed
756 5289 874 5364 reniet
888 5286 1041 5380 gravior.
1195 5287 1250 5362 Ita
1263 5283 1361 5362 Deus
1370 5288 1500 5463 loibapat
1514 5281 1665 5364 &octos
1680 5281 1719 5356 in
1735 5281 1916 5379 periculis.
