4616 5818
14 5141 17 5224 l

64 162 144 242 858
457 269 463 286 ι
621 157 704 234 ΧΙῙι
756 152 1154 242 ANNOTATIONES
1180 156 1231 230 ΙΝ
1256 151 1560 232 EVANGELIA.
1959 221 1970 230 .
2031 157 2107 232 864

65 331 291 408 abominatio
313 342 364 404 eat
388 349 507 402 coram
523 317 612 402 Deo.
680 327 760 402 Hae
780 341 864 402 aunt
886 329 1063 402 terribiles
1217 324 1371 426 Quanto
1394 333 1519 398 autem
1541 324 1666 422 magis
1689 321 1754 396 ille
1773 323 1826 398 eis
1843 321 2103 428 praecipiebat,

65 460 173 509 voces
215 447 373 508 taxantes
413 427 559 521 impiam
599 431 823 508 securitatem
862 426 1063 518 hominum,
1217 438 1324 503 tuoto
1349 426 1478 524 magis
1503 424 1792 526 praedicabant,
1827 435 2001 528 strupra
2024 457 2103 506 mo-
2190 483 2193 492 .

66 562 161 634 quae
190 535 344 610 maxime
375 533 414 603 in
442 524 503 603 hia
528 541 600 622 eat,
631 533 694 628 qui
717 527 851 608 hebent
870 532 1062 605 eminentia
1217 527 1306 604 dam
1326 529 1540 628 stupebunt,
1573 527 1746 601 dicentes:
1772 523 1874 600 Bene
1896 531 2021 603 omniu
2042 533 2102 628 se-

65 643 349 850 ἀ(Μοὸοριίιιιο.
401 705 501 842 Quid
516 762 569 824 eat
580 744 789 824 humilitas?
839 747 906 824 Eat
919 775 1002 822 vere
1017 749 1062 823 ti·

1215 633 1281 716 ca't,
1307 639 1340 705 rt
1353 628 1590 732 surdosseca't
1604 629 1754 714 audire,
1783 639 1814 700 et
1828 641 1948 705 mutos
1966 630 2079 734 loqui.

1217 786 1248 864 1.
1298 785 1380 860 Una
1410 787 1582 881 quaedam
1611 799 1778 878 perpetua
1802 787 1963 859 doctrina
1985 789 2023 862 in
2045 785 2102 860 hia

1113 891 1296 962 miraculis
1315 889 1484 960 omnibus
1498 889 1717 958 observanda
1735 901 1803 973 est,
1828 889 1924 980 quod
1941 891 2101 962 testimo-

1113 993 1175 1064 nia
1206 1005 1306 1072 sunt,
1340 1013 1432 1084 quae
1458 989 1651 1063 ostendunt
1672 981 1907 1078 Evangelium
1929 1013 2005 1062 non
2022 1015 2101 1064 ease

1114 1092 1415 1178 commentitium,
1446 1092 1508 1162 sed
1531 1088 1704 1161 divinitus
1724 1090 1905 1164 traditum.
1954 1096 1992 1166 2.
2016 1091 2101 1164 Mo.

1114 1208 1202 1266 nent
1221 1196 1308 1266 item
1326 1195 1423 1286 quod
1438 1192 1575 1262 venerit
1588 1184 1769 1276 Christus,
1795 1205 1831 1264 et
1844 1203 1926 1264 aunt
1940 1195 2101 1266 teatirou·

1112 1297 1175 1368 nie
1209 1296 1503 1387 promissionum,
1541 1291 1726 1378 videlicet,
1766 1293 1863 1386 quod
1898 1317 1980 1366 vere
2013 1295 2100 1368 velit

1114 1395 1278 1470 Christus
1293 1397 1419 1466 tollere
1436 1406 1616 1488 peccatum
1632 1405 1668 1464 et
1680 1406 1843 1464 mortem.
1894 1393 1990 1484 Quia
2003 1398 2098 1467 enim

67 883 168 934 ruere
175 855 316 942 Deum,
340 866 377 926 et
389 875 590 946 agnoscere,
615 855 712 948 quod
727 855 821 926 dona
837 853 910 924 aiut
925 853 1061 946 abipso

65 983 257 1046 concessa,
287 969 332 1030 ut
357 955 515 1028 aerriaut
535 953 635 1040 aliia,
663 978 739 1026 non
758 969 798 1030 ut
818 953 1062 1048 opprimamus

67 1089 141 1136 eos.
194 1059 305 1146 ltem,
333 1057 430 1155 qnod
460 1079 535 1128 nou
563 1056 637 1128 aint
662 1056 780 1129 felicia
801 1055 878 1129 aine
898 1054 994 1137 Deo,
1027 1065 1063 1126 et

67 1167 158 1238 tales
180 1162 259 1233 aine
283 1161 394 1230 verbo
411 1156 501 1239 Dei,
527 1170 562 1228 et
583 1156 659 1228 sine
674 1158 858 1230 vocatione
873 1151 967 1230 nihil
984 1181 1063 1228 mo-

68 1278 158 1336 vent
173 1264 232 1334 vel
247 1262 391 1336 audent.
415 1257 579 1332 'Eeontra
596 1259 763 1351 superbia
775 1273 827 1332 est
841 1260 918 1329 sine
932 1259 1062 1330 timore

67 1365 139 1444 Dei
161 1363 322 1456 seipsum
342 1361 528 1446 admirari,
553 1383 590 1432 ae
612 1361 788 1433 oblectare
803 1360 925 1442 donis,
948 1383 989 1430 ac
1005 1355 1064 1430 hia

68 1467 271 1583 “infidiffe
296 1476 332 1534 ²²
353 1457 572 1581 h³⁰‚·s¹‘¹¹¹⁰i⁸
594 1485 736 1532 '‘W“
761 1461 871 1532 mum
890 1461 966 1532 ⁸³⁰⁰
982 1483 1062 1580 ”³2
1113 1501 1209 1574 tollit
1231 1501 1395 1578 morbos,
1428 1510 1462 1568 et
1483 1493 1610 1566 excitat
1631 1506 1809 1580 mortuos,
1833 1493 1937 1568 etiam
1958 1519 2099 1570 eausam

68 1571 139 1650 bo,
168 1580 203 1638 et
218 1588 296 1636 esne
311 1576 515 1646 vocatione,
532 1573 580 1635 ut
592 1559 680 1634 Saul
697 1576 819 1684 eontra
835 1563 983 1634 verbum
992 1555 1062 1680 Iler
1113 1601 1351 1673 camimum
1373 1599 1494 1683 mue„
1516 1594 1667 1676 „fficm
1694 1608 1876 1686 ,mmm
1896 1611 1931 1669 0,
1952 1621 2100 1688 „gnum

70 1682 225 1742 conatur
244 1687 394 1758 regnum
417 1666 556 1734 tradere
579 1677 730 1758 posteris
744 1687 829 1738 aare.
881 1662 1063 1736 Antomua
1114 1701 1259 1776 diaboli·
1311 1703 1347 1774 5·
1372 1697 1876 1784 flammineummndum,
1901 1693 2101 1772 huncum,

71 1770 152 1842 ‘in‘
168 1767 352 1840 malim
366 1776 516 1838 mmm*
530 1788 701 1858 “mm
715 1763 918 1858 immium'
952 1761 1062 1836 pm*
1113 1818 1266 1877 retorem
1288 1799 1420 1876 habere
1436 1798 1595 1872 divinam
1609 1797 1823 1889 potentiam,
1849 1799 1934 1893 quia
1948 1801 2101 1875 restituit

71 1873 174 1968 9⁶⁰⁸
192 1869 271 1989 ‘5¹¹⁶
291 1866 611 1987 3⁰⁰²l3⁰⁰⁰f¹¹⁰m
626 1865 779 1987 ΨΜ
804 1866 986 1938 ‘maden‘
999 1888 1063 1936 ³¹¹³
1112 1920 1278 1978 naturam
1300 1905 1508 1988 extinctam,
1531 1900 1628 1992 quod
1650 1912 1701 1969 est
1723 1910 1863 1970 tautum
1879 1901 2023 1974 divinae
2036 1928 2101 1996 po·

71 1984 256 2068 potentia,
279 1980 372 2040 arent
388 1981 523 2062 mqmt,
548 1991 585 2040 se
600 1964 738 2040 Italiam
752 1968 972 2062 repleturum
988 1988 1063 2038 ease

75 2071 287 2146 exercitibus
299 2067 529 2162 supplosione
542 2067 653 2162 pedis.

175 2187 248 2260 Hic
270 2198 390 2261 amem
410 2187 588 2260 dimum·
610 2209 732 2260 vocem
753 2182 904 2260 Christi:
931 2181 1063 2256 Omni·
1114 2109 1233 2181 recula
1248 2107 1461 2178 referantur.

125 2293 136 2312 .
477 2288 516 2306 ..
567 2287 576 2306 .
700 2287 711 2308 .
880 2287 889 2306 .
1216 2223 1265 2302 ll.
1317 2221 1361 2293 lu
1388 2218 1446 2291 his
1471 2218 1655 2292 miracolis
1683 2239 1806 2290 causae
1835 2221 2043 2292 morborum
2066 2236 2100 2295 et

75 2317 138 2388 Ψ
159 2311 198 2362 ⁸⁶
219 2289 366 2373 ΨΜ
388 2282 658 2373 h⁰m¹¹¹³b¹¹¹¹¹’
682 2299 772 2360 ⁸¹⁰⁰*
791 2311 954 2360 ⁰¹¹¹¹¹¹⁰¹¹¹
969 2300 1063 2406 ΜΓ
1115 2329 1276 2401 omnium
1305 2323 1543 2396 calamitatum
1572 2320 1859 2402 considerentur,
1898 2345 1988 2416 quae
2017 2338 2101 2396 sunt

75 2417 203 2486 mmm
225 2385 394 2462 mmm
416 2392 627 2471 “munh
653 2401 830 2462 mmmm
849 2388 978 2460 fidu&
995 2411 1063 2470 ³⁰¹¹
1115 2441 1297 2526 peecatum
1321 2440 1356 2499 et
1376 2425 1539 2520 tyrannia
1560 2419 1716 2506 diaboli,
1741 2422 1804 2514 qui
1826 2422 1978 2516 impellit
1996 2421 2100 2494 infir-

75 2509 112 2566 et
131 2504 315 2564 moventes
333 2490 469 2585 aliquid
485 2491 562 2562 sine
577 2490 786 2575 vomtione,
812 2504 846 2563 et
861 2491 938 2560 aine
954 2489 1063 2561 verbo
1115 2552 1191 2604 ma,
1212 2543 1348 2602 meme,
1369 2529 1416 2599 ,d
1436 2525 1547 2596 mffi„
1564 2523 1696 2613 fflgffia
1710 2535 1746 2594 ,ι
1757 2543 1860 2616 nep,
1878 2547 2025 2618 ⁰⁰fl²⁰¹³
2040 2548 2100 2596 εχ,

76 2595 168 2679 Μ’
190 2587 414 2664 hmbffim
437 2590 612 2662 ‘eddim'
651 2589 722 2662 ffl⁰
743 2604 899 2682 ⁰⁹³¹⁸⁰⁸²
913 2590 982 2683 95³⁸
998 2586 1064 2709 hic
1116 2634 1249 2706 mutiat
1277 2629 1430 2712 morbis,
1462 2625 1551 2698 sicut
1581 2623 1705 2696 caedes
1733 2636 1767 2694 et
1790 2625 1920 2696 similia
1943 2627 2101 2715 molitur,

76 2694 251 2814 sapieptie
269 2695 400 2812 deuna
417 2694 650 2812 concionatur
663 2691 809 2814 Petrus,
832 2716 913 2764 cum
929 2692 1073 2812 lnqlm'.
1116 2757 1196 2806 mm
1214 2735 1261 2804 δὴ
1277 2727 1467 2804 homffida·
1519 2723 1615 2796 ph„
1631 2722 1785 2796 hmim
1797 2727 2046 2804 (imbuam,
2062 2728 2100 2798 in

76 2793 333 2868 Humss'm‘m
353 2793 421 2864 ἰὼ
441 2806 580 2885 P⁰m¹¹¹
604 2817 713 2865 ΝΜ
726 2790 808 2865 D‘'‘
856 2791 975 2866 ΒΜ
995 2815 1064 2860 ¹¹¹¹*
1117 2835 1271 2916 Genesi,
1300 2832 1366 2904 ubi
1403 2829 1551 2902 dicitura
1587 2824 1741 2918 Serpens
1772 2826 1950 2898 mordebit
1985 2829 2100 2898 calca·

77 2897 203 2988 pulsua
226 2908 296 2980 est,
328 2895 390 2964 sed
411 2917 534 2967 rursus
554 2908 708 2976 erectus,
739 2894 823 2988 qula
846 2906 951 2965 norat
972 2893 1065 2964 serre

75 2993 374 3072 humiliationem.
418 2993 504 3067 Saul
519 3019 593 3066 non
606 3010 659 3068 eat
673 2997 867 3081 restitutus,
893 2993 974 3090 quia
989 3017 1065 3064 non

77 3113 185 3170 norat
202 3097 296 3166 l'erre
318 3090 624 3182 humiliationem,
656 3097 718 3168 aed
738 3120 802 3188 per
820 3095 1065 3194 impotentiam

77 3201 154 3270 ruit
176 3199 216 3267 in
237 3197 536 3290 desperationem,
560 3209 594 3267 et
616 3199 739 3290 odium
755 3194 835 3269 uei.
888 3195 1066 3266 Memine-

77 3300 195 3372 rimus
214 3298 324 3388 igitur
344 3296 385 3366 in
403 3297 656 3370 afflictionibus
673 3293 741 3370 hoc
756 3299 911 3396 dietum,
934 3295 1066 3368 Humi-

76 3400 220 3474 liamini
242 3399 309 3470 sub
332 3398 468 3490 potenti
490 3423 598 3474 mano
612 3393 711 3486 Dei,
736 3399 835 3493 quasi
852 3398 964 3483 dicat,
990 3420 1066 3468 ma·

77 3526 149 3575 nus
172 3500 240 3572 Dei
270 3513 395 3592 patene
421 3500 587 3578 estatio
610 3501 812 3593 puniendo,
844 3515 880 3573 et
901 3500 939 3570 in
961 3498 1067 3572 reati·

78 3603 237 3689 tuendo,
260 3616 302 3674 ut
317 3601 357 3670 in
371 3599 511 3674 Davide
527 3615 683 3695 apparet.

1117 2953 1237 3010 neum.
1297 2933 1410 3004 Nemo
1438 2944 1489 3002 eat
1516 2929 1579 3024 qui
1605 2951 1680 3000 uon
1702 2925 1901 3018 experiatur
1924 2926 2100 3019 insignem

1116 3039 1270 3132 aliquem
1292 3055 1470 3118 morsum,
1493 3043 1534 3102 ut
1554 3031 1750 3102 ostendunt
1771 3027 1984 3102 calamitates
1998 3042 2032 3100 et
2046 3029 2101 3102 la·

1116 3161 1201 3234 pana
1222 3150 1447 3218 sauctorum,
1470 3146 1511 3209 ut
1527 3129 1655 3216 Moisi,
1679 3126 1851 3215 Aaronis,
1875 3128 2041 3217 Davidia,
2065 3145 2101 3206 et

1117 3242 1282 3314 aliorum.
1339 3234 1473 3327 lmpios
1499 3255 1584 3301 vero
1606 3231 1757 3302 omnino
1777 3232 1923 3305 devorat
1945 3255 2101 3326 serpens,

1117 3357 1159 3415 ut
1171 3339 1366 3415 ostendunt
1380 3332 1566 3406 horribilia
1586 3331 1742 3423 exempla
1757 3326 1925 3404 historiae
1939 3335 2078 3406 mundi.

1221 3454 1287 3530 tlt.
1339 3451 1473 3524 Contra
1486 3445 1572 3519 haec
1586 3446 1756 3516 miracula
1769 3431 1953 3534 resunto'r,
1978 3451 2102 3521 datum

1118 3582 1193 3632 esse
1213 3559 1461 3643 liberatorem,
1485 3548 1548 3643 qui
1568 3560 1603 3618 et
1613 3559 1775 3618 naturam
1792 3549 1949 3632 sanabit,
1975 3563 2009 3621 et
2025 3549 2101 3621 bel-

1119 3663 1289 3752 ligeratur
1310 3677 1390 3728 eum
1413 3663 1595 3744 serpente,
1619 3661 1736 3720 servat
1751 3659 1786 3720 et
1802 3649 1962 3722 deleudit
1979 3664 2101 3744 peten-

1119 3778 1171 3837 tes
1192 3758 1364 3832 auxilium
1386 3768 1509 3836 contra
1532 3765 1747 3843 serpentem,
1772 3750 1863 3821 sicut
1880 3748 2028 3824 Genesis
2043 3754 2102 3824 in-

215 3854 437 3954 Dominica
455 3851 555 3940 ΧΙῙ.
575 3863 678 3966 posi
705 3854 941 3942 Trinitatis.
1120 3863 1215 3960 quit:
1243 3860 1364 3954 Ipsum
1385 3879 1504 3977 semen
1528 3865 1685 3971 conteret
1705 3864 1811 3948 caput
1831 3855 2015 3972 serpentia.
2066 3852 2101 3925 la

365 4013 599 4109 ιιι
622 4017 738 4096 ιι
1120 3947 2101 4064 *¹

131 4165 190 4240 El
213 4164 343 4236 illrum
364 4163 490 4238 exiens
514 4156 716 4260 definlbvs
733 4159 833 4260 Tem⁸
845 4173 878 4237 el
892 4157 1069 4262 Sydvm'ss
1122 4182 1157 4242 et
1175 4117 1354 4250 attollere',
1378 4162 1541 4232 vincetur
1560 4155 1650 4248 sicut
1669 4175 1813 4246 serpena
1835 4177 1909 4226 nou
1931 4169 2045 4247 potest
2064 4179 2103 4230 ae
2212 4217 2216 4228 ,

84 4349 89 4356 ,
186 4265 282 4339 veuit
303 4258 360 4338 ud
378 4289 481 4336 mure
496 4259 1069 4360 Galiloeueintermediosfines
1121 4271 1291 4354 attollere,
1311 4267 1360 4336 ita
1374 4262 1526 4334 sciamus
1538 4257 1722 4328 diabolum
1737 4277 1810 4326 esse
1825 4255 2103 4330 vietumaChri·

185 4363 429 4466 Decapoleos.
480 4363 536 4440 Et
558 4363 747 4440 adducunt
771 4364 977 4440 airardum
999 4365 1069 4439 im·
1121 4386 1187 4447 sto.
1236 4367 1282 4440 Et
1302 4387 1506 4462 quanquam
1528 4358 1701 4430 iaculatur
1718 4380 1870 4444 venene,
1894 4371 2013 4429 tamen
2031 4361 2102 4430 eri-

183 4463 331 4570 pedr'tue
353 4467 525 4566 liuguae,
549 4478 581 4541 et
603 4464 891 4566 deprecabuntur
905 4492 1003 4558 eum,
1021 4475 1069 4540 ut
1121 4497 1203 4568 gere
1226 4495 1263 4542 ae
1283 4492 1360 4540 nou
1380 4476 1515 4561 potest,
1539 4473 1574 4534 et
1597 4461 1740 4532 tandem
1762 4455 1938 4532 aChristo
1956 4462 2103 4532 conoul.

186 4573 384 4670 r'mponeret
411 4567 665 4646 illi-murrum.
715 4567 772 4640 Et
793 4566 1069 4670 apprehendens
1121 4575 1271 4648 cabitur.
1369 4578 1373 4585 ’

184 4697 267 4746 eum
282 4667 325 4742 de
337 4669 448 4744 turba
460 4695 641 4758 seorsum,
661 4669 763 4744 misit
777 4667 915 4767 digitos
929 4671 1070 4746 suasio
1224 4669 1310 4747 llll.
1350 4653 1649 4742 AffectusChristi
1659 4658 1844 4754 praecipue
1855 4659 1892 4731 in
1905 4655 2104 4734 hervau·

187 4797 298 4848 aures
313 4773 409 4868 eius,
434 4783 466 4844 et
484 4777 644 4873 expuens
660 4772 778 4872 teligit
795 4771 967 4872 linguam
984 4774 1071 4862 eius',
1123 4777 1216 4872 gelio
1232 4773 1492 4856 consideretur,
1517 4766 1581 4838 ubi
1597 4763 1737 4836 dieitur.
1745 4762 1966 4854 ingemuisse.
2017 4760 2104 4835 Cre-

187 4885 222 4948 et
252 4873 452 4972 suspiciens
481 4875 522 4948 ιἰι
550 4873 707 4964 coelum,
737 4876 932 4974 ingemuit,
962 4885 995 4947 et
1014 4876 1071 4948 uit
1124 4883 1248 4952 damus
1262 4886 1411 4947 veroset
1427 4891 1572 4960 magnos
1588 4876 1707 4936 motos
1721 4862 1935 4949 animiesse,
1958 4865 2020 4958 qui
2035 4865 2106 4935 mi-

192 4973 288 5062 illie,
309 4971 515 5075 Ephatlau,
555 4974 657 5076 quod
683 4987 753 5063 est,
790 4973 1005 5078 adoperire,
1040 4987 1073 5049 et
1125 4975 1315 5056 sericordia
1337 4972 1473 5064 generis
1493 4967 1642 5040 humaui
1662 4965 1830 5052 allicitur,
1854 4965 2000 5035 sicutin
2015 4961 2105 5058 Epi.

178 5078 318 5158 ..aialim
338 5089 486 5178 aperias
507 5088 595 5152 sunl
615 5081 837 5172 aurarius,
863 5089 895 5151 et
910 5075 1073 5153 solutum
1124 5081 1215 5152 stola
1229 5080 1273 5150 ad
1290 5073 1447 5152 Ebraeos
1461 5072 1605 5144 dicitur:
1631 5065 1812 5138 Habemus
1827 5065 2026 5155 pontificem
2044 5069 2107 5161 qni

189 5189 244 5254 est
273 5177 456 5252 vineolam
486 5176 639 5277 linguae
668 5179 763 5272 eius,
798 5178 1075 5278 alloquebatur
1125 5184 1192 5254 scit
1213 5180 1366 5271 compati
1383 5192 1448 5250 etc.
1499 5171 1570 5245 Sed
1591 5163 1991 5254 hominessuntl'errei,
2016 5169 2107 5240 sicut

194 5289 293 5360 recte.
350 5275 405 5357 Et
424 5281 608 5382 proecepit
630 5279 729 5372 illis,
763 5309 807 5360 ue
827 5289 887 5358 cni
908 5281 1073 5360 dicerent.
1125 5279 1361 5370 hiesurdus,
1392 5300 1466 5352 non
1490 5285 1651 5348 statuunt
1673 5292 1755 5339 vere
1776 5265 1868 5336 allici
1887 5263 2008 5375 Deum¹
2024 5294 2106 5342 cura

139 5389 453 5466 Mammosas.
476 5389 560 5456 Vos.
589 5387 683 5458 XIV.
826 5385 830 5394 '
1575 5369 1625 5447 23
1894 5381 1899 5390 '

1114 2007 1256 2082 tentiae.
1307 2007 1367 2076 Ad
1388 2000 1482 2074 hane
1505 1999 1703 2092 generalem
1720 1999 1877 2090 regulam
1896 2004 2016 2075 omnia
2031 2005 2100 2076 mi·
2250 2091 2254 2100 Ι
