4622 5818
238 171 315 248 stt
830 151 960 234 emt.
984 149 1103 230 ΜΠ,
1126 149 1337 230 semera
1357 153 1667 236 momen
1948 212 1953 221 -
2188 155 2259 234 ets

298 387 301 396 ,
340 332 479 426 Quarto
522 327 695 402 differunt
724 323 980 398 instrumentis.
1037 322 1230 416 Magistra·
1381 327 1454 404 Sed
1485 329 1592 402 alise'
1613 349 1750 423 poenae
1779 337 1943 400 neumas
1971 327 2089 401 multo
2118 325 2262 402 maiores

239 455 316 516 tum
341 446 483 532 oportet
514 453 587 503 esse
608 431 819 498 instructum
840 427 967 514 armis,
992 428 1139 519 opibus,
1166 451 1233 520 po·
1281 433 1527 528 praesentibus
1542 430 1649 503 etiam
1665 443 1868 526 sequentur.

241 539 364 614 tentia.
415 535 488 608 Sed
511 532 674 604 minister
696 529 919 618 evangelicus
941 543 993 600 est
1016 530 1093 600 sine
1115 529 1234 615 armis,
1383 530 1431 606 Et
1451 532 1549 608 Deus
1569 535 1712 607 tandem
1735 526 1826 606 banc
1849 532 2044 627 potentiam
2060 530 2267 604 Pontificum

169 711 174 726 ,
242 645 320 718 sine
334 639 480 732 opibus,
505 634 582 705 sine
606 631 779 722 potentia,
804 633 895 702 sicut
917 625 1095 704 Iohannes
1109 629 1234 724 Bapti·
1284 650 1319 708 et
1335 632 1594 728 Episcoporum
1611 637 1786 720 destruet,
1808 635 1947 705 etiamsi
1969 635 2033 706 diu
2053 657 2130 705 eam
2145 632 2268 704 tolera·

243 760 297 819 sta
321 741 418 812 solus
440 739 477 808 in
503 739 641 806 deserto
665 747 830 822 vagatur,
863 745 897 803 et
920 733 1023 803 dicit:
1058 728 1134 823 Ego
1155 756 1233 805 sum
1286 739 1355 820 vit,
1382 738 1465 832 quia
1481 739 1520 808 in
1539 737 1610 809 fine
1630 736 1758 808 mundi
1770 731 1838 806 hoc
1854 759 2006 825 regnum
2019 735 2135 828 Papae
2150 731 2269 804 babuit

245 840 527 916 conclamantis.
579 835 677 924 Quid
698 848 748 903 est
772 834 947 904 infirmius
968 833 1077 906 rocci
1102 836 1163 906 sed
1181 848 1234 904 ta·
1286 855 1420 912 eertum
1442 853 1603 934 tempus,
1634 839 1725 910 sicut
1751 832 1986 930 pharisaicum
2010 860 2160 930 reguum
2180 837 2268 935 apud

245 969 329 1018 men
352 967 414 1036 per
435 937 526 1011 banc
549 961 671 1010 vocem
692 931 789 1006 Deus
810 951 861 1008 est
888 937 1027 1022 efficax,
1062 950 1103 1009 ut
1121 960 1237 1028 nuper
1287 937 1722 1014 ludaeoshabuitcerlum
1741 954 1891 1033 tempus.

247 1050 381 1120 dictum
398 1056 460 1114 est.
1385 1035 1484 1113 llaec
1499 1043 1537 1112 in
1552 1065 1681 1133 genere
1694 1041 1821 1112 dixisse
1838 1040 1922 1111 satis
1938 1038 1984 1110 sit
2006 1039 2051 1110 de
2072 1033 2142 1109 boc
2164 1036 2267 1110 dicto:

347 1143 423 1218 Has
436 1139 653 1211 differentias
667 1159 803 1228 semper
815 1137 962 1210 teneatis
982 1138 1022 1207 in
1038 1151 1237 1233 conspectu,
1288 1143 1363 1234 Qui
1394 1169 1431 1214 se
1460 1146 1607 1232 exaltat,
1637 1139 1897 1217 humiliabitur.
1948 1137 2014 1212 Est
2036 1153 2157 1211 autem
2181 1163 2270 1210 com-

247 1251 365 1322 etiam
390 1247 525 1328 videte,
554 1242 734 1336 quomodo
748 1237 843 1330 Papa
870 1253 905 1310 el
927 1235 1096 1334 Episcopi
1118 1255 1234 1311 verte·
1287 1270 1396 1317 mune
1426 1247 1581 1334 dictum,
1618 1245 1713 1339 qood
1737 1268 1812 1315 non
1831 1244 1947 1314 solnm
1975 1242 2179 1326 ministros,
2215 1241 2268 1312 sed

247 1353 323 1424 rint
339 1344 575 1418 ministerium
590 1339 775 1431 Evangelii
794 1342 833 1411 in
849 1364 957 1432 regna
973 1357 1007 1412 et
1020 1340 1239 1436 tyrannides.
1288 1349 1394 1419 etiam
1412 1348 1500 1418 alios
1514 1342 1677 1418 homines
1689 1344 1935 1419 universaliter
1948 1344 2063 1424 docet,
2084 1357 2128 1414 ut
2142 1344 2270 1412 discant

247 1452 332 1526 Non
354 1452 482 1520 dotent
497 1442 751 1533 Evangelium‚
777 1443 850 1512 imo
873 1455 956 1512 sunt
979 1438 1098 1514 hostes
1116 1441 1237 1514 Evan·
1289 1472 1431 1520 manere
1450 1449 1544 1521 intra
1568 1449 1809 1532 vocationem,
1833 1471 1909 1517 non
1931 1446 2126 1537 suscipiant
2152 1445 2272 1533 guber-

248 1554 351 1646 gelli.
378 1550 537 1620 condunt
553 1546 665 1637 leges,
692 1545 884 1638 etquidem
901 1546 1084 1616 manifeste
1097 1546 1237 1636 impias,
1289 1553 1453 1622 nationes
1478 1576 1520 1622 ex
1533 1549 1718 1642 superbie,
1741 1543 1818 1620 sine
1840 1546 2044 1618 vocatione:
2070 1569 2147 1615 non
2162 1558 2212 1616 est
2225 1545 2271 1613 le-

247 1672 289 1727 nt
303 1647 582 1748 prohibitionem
606 1647 774 1735 ῦῦῐιὶϋεῑὶ·
825 1643 985 1718 Puniunt
1005 1647 1143 1736 gladio.
1164 1650 1238 1715 into
1289 1655 1338 1724 lis
1352 1647 1507 1724 bumana
1527 1649 1711 1744 superbia,
1734 1651 1795 1722 sed
1818 1644 1914 1721 baud
1928 1649 2036 1721 dubie
2049 1646 2272 1720 confunditur

174 1841 179 1850 ⁴
250 1759 378 1828 dicunt
399 1751 505 1822 Petro
529 1751 651 1819 datum
676 1770 749 1817 esse
763 1773 783 1818 a
798 1741 942 1818 Christo
964 1761 1144 1842 utrunque
1165 1748 1239 1838 gla-
1290 1769 1325 1828 et
1339 1755 1486 1846 podofit.

249 1860 367 1941 dium,
406 1866 441 1923 et
470 1851 627 1944 eripiunt
654 1848 802 1940 imperia
824 1849 982 1938 regihu⁸‚
1021 1850 1112 1921 titul
1138 1871 1239 1942 ⁸³01st
1392 1855 1477 1927 Ideo
1499 1853 1617 1927 Lucae
1636 1853 1695 1930 16.
1712 1853 1860 1926 dicitur:
1888 1849 1997 1942 Quod
2017 1871 2138 1920 coram
2164 1845 2271 1918 homi·

249 1979 377 2048 magna
405 1954 499 2026 bella
527 1963 709 2042 gesserunt
738 1974 817 2020 cnm
843 1947 1128 2040 imperatoribus.
1190 1949 1241 2022 Et
1291 1958 1398 2029 nibus
1431 1957 1583 2028 sublime
1606 1971 1680 2040 est,
1720 1955 1937 2027 abominatio
1966 1966 2019 2022 est
2049 1973 2171 2022 coram
2194 1946 2273 2020 Deo.

249 2057 473 2131 Friedericns
495 2051 710 2124 Barbarossa
730 2049 945 2144 Imperator,
977 2053 1086 2124 iacuit
1109 2054 1154 2124 ad
1178 2077 1241 2146 pe-
1294 2058 1407 2130 Valde
1423 2070 1524 2130 atrox
1545 2056 1757 2152 vituperatio
1776 2071 1831 2136 est,
1841 2053 2048 2148 superbiae,
2072 2053 2172 2146 quod
2188 2050 2273 2133 dicit,

251 2165 314 2234 des
328 2156 529 2239 Pontificis,
554 2167 589 2246 et
605 2153 768 2224 Pontifex
793 2167 897 2244 caput
911 2156 1136 2246 Imperatoris
1152 2157 1241 2247 pede
1292 2161 1514 2232 abominatio
1532 2174 1594 2233 est,

251 2260 435 2358 percussit.
491 2254 539 2325 Et
564 2256 762 2346 Imperator
787 2255 928 2325 veniam
953 2257 1099 2349 petivit,
1140 2256 1242 2352 quasi
1392 2260 1487 2350 Quia
1513 2261 1733 2332 abominatio
1768 2272 1819 2329 est
1851 2256 2009 2354 aliquid,
2054 2254 2156 2348 quod
2187 2245 2272 2320 Dent

253 2365 385 2434 iniuste
401 2357 559 2449 gessisset
579 2358 712 2425 bellum
728 2357 895 2428 adversus
908 2356 1053 2450 Papam.
1294 2363 1397 2434 valde
1419 2365 1625 2434 detestatur.
1675 2360 1735 2433 ste
1758 2361 1919 2453 loquitur
1941 2360 1986 2428 de
2008 2355 2188 2447 superbia.
2233 2345 2274 2420 Et

355 2460 494 2530 Videlis
522 2458 606 2528 ilem
638 2471 769 2550 quanli!
797 2459 843 2528 Ιὶῑ
859 2460 1047 2552 Ροῑθῐιὶἱι,
1091 2470 1243 2552 (ιιιιιιῑῑιε
1293 2467 1384 2536 iusta
1400 2464 1691 2557 vituperatio'est,
1714 2463 1798 2557 quia
1814 2460 1910 2533 Deus
1924 2459 2001 2531 vult
2015 2481 2082 2528 nos
2100 2473 2274 2547 agnoscere

256 2587 342 2658 ⁰Pes
358 2559 628 2653 EPi⁵⁰⁰P⁰ffl¹ffi
1294 2581 1414 2639 nostra
1428 2579 1584 2657 peccata,
1609 2579 1644 2637 et
1656 2587 1754 2635 suam
1770 2565 1860 2632 iram
1879 2576 2002 2634 contra
2017 2571 2170 2651 peccata.
2207 2551 2274 2623 Hoc

358 2663 457 2733 Haec
471 2662 591 2732 omnia
606 2660 815 2752 praevidens
828 2655 992 2734 Christus
1006 2656 1065 2733 bic
1080 2685 1244 2754 praemo-
1296 2671 1358 2763 qui
1372 2670 1530 2752 faciunt,
1553 2667 1697 2752 dolent,
1723 2679 1759 2737 et
1772 2677 1970 2756 agnoscunt
1984 2685 2021 2732 se
2038 2681 2115 2731 esse
2125 2657 2274 2764 miseros,

256 2784 319 2841 net
333 2765 540 2858 Apostoloss
568 2760 641 2851 Qui
664 2775 715 2834 cst
738 2764 873 2850 maior,
898 2763 945 2833 sit
965 2764 1129 2834 minister
1151 2765 1245 2834 inter
1296 2785 1330 2841 et
1346 2795 1420 2856 non
1436 2782 1519 2840 sunt
1536 2769 1693 2859 superbi.
1776 2779 1779 2786 ⁴

258 2895 343 2950 vos,
368 2869 406 2936 id
424 2878 490 2936 est:
516 2863 597 2934 Nou
613 2865 695 2933 volo
711 2861 903 2935 Ecclesiam
919 2865 1070 2937 similem
1087 2887 1161 2936 esse
1176 2867 1243 2934 im·
1398 2869 1455 2940 llli
1473 2894 1557 2939 vero
1576 2884 1658 2940 sunt
1675 2867 1842 2962 superbi,
1867 2867 1928 2958 qui
1945 2879 2028 2937 sunt
2042 2863 2177 2946 securi,
2201 2879 2273 2930 con·

256 2971 364 3064 periis
383 2967 530 3046 mundi,
564 2967 624 3034 sed
647 2965 853 3054 intelligatis
875 2990 937 3036 vos
959 2990 1032 3037 csse
1053 2969 1246 3052 ministros,
1296 2986 1492 3043 temnentes
1514 2972 1603 3039 iram
1621 2971 1713 3057 Dei‚·
1738 2970 1821 3042 elati
1843 2984 1988 3059 propter
2009 2966 2215 3058 opinionem
2228 2961 2273 3027 iu·

257 3071 461 3144 etnnncios
485 3066 711 3152 meaevocis,
733 3068 809 3135 sine
829 3068 956 3149 armis,
979 3069 1056 3138 sine
1077 3082 1246 3161 potestate
1299 3074 1414 3144 stitiae
1439 3087 1475 3142 et
1495 3073 1684 3163 sapientiae
1716 3073 1761 3142 de
1790 3095 1836 3143 se.
1907 3068 1962 3141 lta
1996 3068 2111 3136 multa
2150 3072 2275 3157 peccata

257 3174 373 3264 regia,
406 3171 483 3238 sine
503 3167 682 3256 opulentia
705 3169 810 3258 regia.
862 3168 948 3238 Sitis
975 3171 1094 3238 fideles
1117 3171 1155 3238 in
1177 3171 1247 3238 mi·
1298 3173 1544 3266 complectitur
1560 3175 1738 3267 superbia,
1763 3168 1949 3242 ideoDeus
1963 3167 2157 3240 iustissime
2171 3159 2276 3234 irasci·

259 3273 425 3350 pislerio,
452 3283 485 3339 et
507 3269 788 3338 servite-vestrae
806 3269 1003 3355 vocationi,
1028 3295 1102 3340 nean
1118 3266 1247 3341 trahite
1299 3292 1358 3348 tur
1373 3276 1570 3366 superbiae.

259 3379 304 3448 ad
319 3399 384 3445 nos
398 3371 688 3462 gubernationem
697 3367 836 3458 Regum
846 3385 878 3440 et
889 3369 1093 3464 Principum
1110 3373 1248 3446 mundi.
1403 3375 1451 3448 Et
1468 3391 1591 3449 comm
1613 3375 1816 3469 superbiam
1840 3396 1978 3464 sempor
1999 3371 2208 3440 dobeo-omos
2221 3385 2275 3432 no-

262 3477 361 3548 Haec
378 3487 430 3562 est
450 3471 598 3562 simplex
620 3474 791 3541 sententia
818 3472 857 3542 in
880 3468 947 3542 boc
970 3475 1065 3554 loco,
1092 3477 1175 3568 qnia
1190 3471 1249 3545 bic
1301 3481 1356 3550 bis
1381 3502 1583 3572 proponere
1604 3476 1805 3569 exemplum
1827 3472 1981 3558 Christi,
2006 3473 2067 3567 qui
2088 3469 2192 3540 dicit:
2221 3462 2275 3532 Dt-

266 3575 513 3672 principaliter
526 3572 687 3667 loquitur
700 3569 862 3644 Christus
877 3576 922 3645 de
939 3575 1112 3646 ministris
1127 3575 1249 3648 Evan·
1300 3583 1385 3653 scite
1400 3605 1419 3650 a
1435 3603 1510 3662 me,
1536 3580 1619 3672 quia
1637 3580 1733 3649 mitis
1747 3601 1848 3668 sum,
1874 3591 1908 3648 et
1924 3572 2070 3646 humilis
2086 3571 2202 3643 corde.
2237 3561 2275 3634 Et

261 3678 357 3774 gelih
1303 3684 1382 3752 vide
1399 3695 1530 3776 quanta
1552 3682 1598 3752 sit
1613 3676 1811 3752 humilitas:
1839 3676 1918 3770 lpse
1934 3679 2024 3746 iacet
2042 3697 2163 3744 coram
2179 3681 2275 3740 aeter-

329 3831 332 3838 .
364 3776 522 3849 Poenam
538 3774 644 3881 etiam
658 3773 859 3846 minitatur:
886 3774 960 3865 Qui
975 3777 1103 3850 exaltat
1117 3802 1165 3864 se,
1181 3773 1252 3849 hu·
1303 3810 1350 3856 no
1367 3783 1489 3868 Patre,
1515 3795 1550 3854 et
1570 3797 1621 3854 est
1638 3805 1718 3852 reus
1734 3781 1808 3852 irae
1824 3777 1911 3864 Dei,
1935 3777 2037 3872 quasi
2053 3773 2230 3866 polluisset
2247 3789 2275 3834 ss

262 3879 472 3954 miliabilul'·
1303 3889 1373 3958 tuis
1397 3898 1429 3954 et
1454 3885 1540 3954 meis
1562 3883 1730 3975 peccatis,
1771 3895 1805 3953 et
1827 3895 1924 3952 tuam
1948 3894 1983 3952 et
2007 3902 2123 3947 meam
2140 3867 2275 3964 ignomi-

364 3978 510 4051 Cerlum
536 3991 606 4062 eat,
646 3977 789 4070 quando
813 3978 943 4073 aliquis
971 3981 1126 4080 erumpit
1156 3995 1251 4051 extra
1304 3988 1399 4056 niam
1416 3985 1454 4053 in
1470 4009 1505 4053 se
1521 3986 1697 4060 transfert.
1747 3982 1794 4055 Et
1809 3997 1927 4075 postea
1944 4006 2009 4074 pro
2028 3993 2063 4049 te
2079 3991 2115 4049 et
2131 4000 2186 4046 me
2201 3994 2273 4064 pen·

264 4085 484 4157 vocationem
504 4102 622 4158 tuam,
654 4092 691 4150 el
712 4079 857 4170 suscipit
885 4083 1157 4173 gubernationes
1177 4107 1251 4152 non
1304 4092 1364 4159 det
1378 4088 1417 4154 in
1434 4107 1557 4177 cruce,
1582 4101 1719 4178 spretus
1743 4099 1777 4156 ct
1795 4085 1942 4158 derisus.
1992 4079 2147 4151 Tantam
2173 4070 2274 4146 huni·

265 4187 481 4280 pertinentes
503 4182 548 4250 ad
573 4201 672 4250 suum
697 4183 937 4269 vocationem,
970 4199 1054 4257 tunc
1081 4198 1199 4276 peccat
1220 4197 1253 4252 et
1305 4191 1438 4260 litatem
1455 4213 1534 4256 cnm
1551 4188 1732 4273 videmus,
1759 4189 1890 4276 pudere
1912 4209 1979 4253 nos
1994 4181 2172 4273 oportuit,
2195 4171 2273 4268 quod

266 4288 432 4379 punitur,
465 4283 554 4352 sicut
578 4283 734 4371 peccavit
755 4298 787 4355 et
811 4287 1023 4376 punitusest
1041 4284 1203 4358 Absolon
1220 4299 1254 4355 et
1305 4313 1407 4380 saepe
1434 4303 1580 4380 propter
1612 4313 1724 4359 unum
1750 4287 1828 4356 leve
1861 4283 2083 4371 convicium,
2129 4281 2274 4351 volumus

268 4388 330 4458 alii
347 4385 470 4468 multip
488 4383 551 4475 qui
567 4383 758 4456 voluerunt
773 4409 870 4476 reges
886 4390 984 4478 fieri,
1006 4389 1083 4460 sine
1097 4388 1253 4478 legitima
1306 4415 1447 4463 movere
1464 4413 1611 4480 magnos
1627 4388 1811 4462 tumultus.

268 4487 464 4559 wenidone·
1409 4489 1495 4562 ltem
1513 4494 1593 4562 vide
1614 4505 1723 4563 totam
1748 4489 1953 4579 angelorum
1974 4499 2175 4556 sanctorum
2189 4493 2273 4544 voct-

367 4583 486 4660 Etiam
508 4585 612 4655 multi
627 4583 815 4662 Pontifices
837 4593 875 4662 in
893 4588 960 4663 hac
981 4591 1052 4662 vita
1068 4587 1257 4663 horribili·
1307 4593 1452 4668 tionem.
1511 4591 1650 4666 Horum
1683 4593 1839 4664 officium
1868 4604 1936 4674 est,
1976 4600 2018 4658 ut
2042 4587 2116 4655 sint
2136 4575 2273 4652 custodes

268 4708 328 4766 ter.
352 4686 468 4782 puniti
495 4699 597 4770 suut,
637 4702 678 4760 ut
700 4715 778 4760 cum
800 4693 917 4786 Papae
937 4690 1134 4764 Alexandri
1163 4693 1257 4762 filius
1308 4718 1496 4786 corporum
1511 4708 1548 4764 et
1560 4719 1678 4764 rerum
1693 4707 1911 4763 nostrarum:
1939 4675 2272 4781 ipsidepelluntDitt·

171 4885 177 4898 θ
268 4792 376 4866 vellet
401 4810 538 4859 veneno
565 4786 760 4862 interlicere
782 4797 952 4887 quosdam
970 4791 1176 4864 Cardinales
1200 4793 1257 4862 in·
1309 4797 1410 4867 bolos
1434 4821 1453 4866 a
1476 4812 1536 4866 tua
1555 4799 1686 4881 domo,
1721 4795 1832 4866 atuis
1855 4793 1991 4884 pneris,
2017 4815 2037 4860 a
2059 4803 2121 4859 tua
2141 4786 2272 4854 tornare.

271 4891 459 4970 vitatosad
474 4911 651 4971 mensam,
684 4907 783 4982 pater
806 4895 898 4988 Papa
913 4892 1117 4966 Alexander
1139 4919 1257 4966 errore
1310 4897 1443 4972 Sedent
1471 4898 1525 4968 ibi
1549 4899 1661 4969 sancti
1692 4897 1808 4985 angeli
1836 4894 1942 4967 simul
1969 4894 2148 4962 intuentes
2168 4879 2272 4990 facim

277 4994 396 5069 hausit
412 5012 609 5074 venenum,
635 5005 668 5060 et
684 4993 731 5062 ita
745 5013 906 5069 mortuus
921 5008 982 5068 est.
1310 5000 1400 5086 Dei,
1426 5014 1461 5070 et
1477 5001 1711 5069 custodientes
1733 5013 1831 5068 tuam
1855 4999 2054 5078 fornacem,
2084 5003 2177 5060 tuam
2200 4977 2273 5048 cult·

373 5093 478 5166 Talis
496 5091 651 5180 exempla
660 5091 796 5166 Romae
811 5098 923 5169 multa
940 5099 1162 5172 acciderunt:
1190 5095 1259 5168 Pa·
1310 5127 1411 5188 nam,
1444 5116 1544 5173 tuum
1569 5101 1710 5174 lectum.
1761 5096 1859 5169 llaec
1880 5109 1930 5166 est
1955 5116 2083 5184 magna
2104 5080 2274 5159 homitias.
2300 5159 2301 5174 ,

221 5289 222 5292 Ἴ
274 5221 319 5292 pe
333 5195 505 5280 Clemens,
527 5191 707 5286 proximus
721 5212 802 5270 ante
815 5196 968 5272 Paulum
982 5201 1137 5287 tertium,
1156 5201 1259 5272 etiam
1312 5218 1347 5274 et
1362 5225 1510 5293 magnus
1526 5225 1628 5272 amoc
1647 5222 1727 5289 erga
1751 5222 1817 5270 nos
1838 5199 1986 5271 miseros
2001 5209 2038 5270 et
2052 5175 2274 5290 sordidosbos

275 5317 413 5370 venem
428 5308 573 5369 mittut
585 5307 651 5370 “lo
1312 5305 1440 5376 mines.
1491 5303 1629 5378 Pudeat
1653 5302 1762 5393 igitur
1776 5325 1861 5389 uos,
1885 5299 1982 5395 qoud
2001 5319 2122 5373 sumus
2141 5279 2273 5381 superba
