4620 5814
93 211 168 288 sta

88 481 151 558 hic
168 483 271 554 dicit:
299 478 483 552 Exaltatus
500 504 519 548 a
536 477 632 561 Deo,
658 471 796 546 Effudit
812 472 985 565 Spiritum
1002 494 1083 540 sao-

88 602 200 660 etum.
253 583 343 656 Tale
365 603 512 672 regnum
529 579 616 659 erit,
639 576 771 650 scilicet
786 573 949 645 liberatio
965 596 984 642 a
1002 596 1083 664 pec-

89 701 169 760 cato
197 702 232 760 et
255 698 369 756 morte
393 697 555 768 aeterna,
586 679 732 752 donatio
755 677 913 784 iusticiae
936 689 970 745 ει
991 673 1084 742 vitae

89 805 269 862 aeternae.

196 907 320 980 Tertia
349 927 430 997 pars
458 917 526 983 est,
558 902 603 970 de
633 895 884 989 applicatione,
916 897 1084 966 sedante

90 1009 366 1103 applicationem
390 1017 442 1076 est
463 1002 627 1074 doctrina
647 1002 869 1093 deprecato,
894 1011 929 1068 ει
945 995 1083 1086 praecli-

91 1113 184 1182 catio
208 1107 455 1202 poenitentiae.
508 1103 601 1173 Vide
624 1115 759 1185 autem,
782 1102 879 1193 quod
903 1110 1083 1215 peccatum

89 1228 252 1298 accuset,
278 1210 428 1289 scilicet.
454 1207 550 1301 quod
576 1229 649 1274 non
670 1202 838 1274 noverint
853 1199 986 1271 Filium
1004 1197 1083 1282 Der,

1 1331 2 1360 ³
89 1316 166 1385 imo
184 1313 421 1384 crucifixerint
435 1311 564 1399 ipsum.

197 1445 353 1516 Peccata.
413 1439 573 1531 Populus
605 1437 790 1508 contemsit
821 1435 921 1530 signa
951 1431 1018 1504 Dei
1050 1447 1085 1505 et

90 1548 279 1618 manifesta
309 1545 500 1627 miracula,
532 1565 607 1609 non
636 1539 787 1610 credidit
807 1531 995 1627 Prophetis
1024 1548 1089 1618 aut,

92 1651 212 1719 verbis
239 1641 395 1727 Christi,
428 1642 606 1714 interiecit
627 1637 821 1712 Christum.
879 1635 977 1707 Haec
1003 1662 1086 1730 pec-

93 1767 169 1821 cata
199 1773 276 1819 non
308 1747 442 1816 iudicat
471 1745 584 1828 ratio,
616 1756 791 1812 ettamen
815 1763 939 1810 omnes
963 1763 1085 1810 sumus

92 1854 159 1922 rei.
212 1849 287 1920 lam
309 1844 379 1918 hoc
402 1860 561 1937 tempore
581 1869 686 1936 quam
705 1838 927 1940 horribiliter
943 1857 1084 1912 coutra-

97 1951 227 2024 dieitur
241 1947 453 2020 verboDei?
503 1944 771 2015 interficiuntur
783 1943 905 2028 sancti,
931 1943 1084 2012 etmulti

97 2051 341 2136 consentiunt,
385 2050 450 2119 etsi
482 2069 593 2117 manu
631 2069 709 2117 non
739 2044 968 2116 interficiunt.
1034 2041 1085 2113 Hi

93 2178 219 2225 omnes
241 2154 354 2222 sciant
375 2173 412 2221 se
432 2150 483 2219 sic
498 2169 576 2218 reos
593 2168 683 2232 esse,
709 2148 798 2216 sicut
812 2141 873 2215 hic
888 2144 1012 2216 Petrus
1027 2146 1084 2214 di·

93 2258 156 2327 cit:
180 2255 252 2327 Sed
267 2256 467 2324 liberantur
482 2275 546 2344 per
561 2273 695 2319 nomen
711 2248 791 2318 lesu
809 2249 1001 2317 credentes.

197 2389 422 2462 Psalm.16.:
447 2383 627 2458 Conserva
651 2379 831 2454 meDcus.
884 2375 1085 2470 Argumen-

92 2511 170 2566 tum
185 2492 318 2562 Psalmi
341 2491 445 2560 initio
470 2487 655 2570 recitetur,
679 2484 861 2554 Psalmum
878 2482 1086 2573 principali-

94 2612 148 2668 ter
170 2619 246 2664 esse
268 2592 476 2663 vaticinium
501 2591 544 2656 de
560 2581 702 2657 Christo
722 2609 869 2676 passuro
885 2597 918 2654 et
935 2585 1086 2654 resusci-

93 2699 226 2782 tando,
255 2711 288 2764 et
310 2708 361 2765 est
382 2694 555 2762 insertum
570 2688 761 2758 discrimen
778 2711 881 2756 verae
896 2683 1086 2768 Ecclesiae,

94 2814 129 2870 et
157 2820 353 2892 synagogae
383 2781 625 2886 persequentis
647 2784 847 2876 Christum,
886 2787 992 2859 titulo
1015 2783 1085 2858 Ec-

92 2901 221 2970 clesiae
239 2895 319 2970 Dei.

130 3085 137 3100 ,
199 3015 271 3088 Sed
298 3017 391 3086 dicat
415 3013 564 3106 aliquis,
596 3031 704 3102 quare
728 3009 889 3101 loquitur
910 3010 949 3076 in
972 3007 1085 3096 prima

93 3142 265 3210 persona,
296 3119 477 3188 Conserva
506 3137 583 3196 me,
612 3109 714 3203 quasi
744 3112 787 3179 de
811 3131 847 3178 se
870 3111 946 3200 ipso
967 3107 1084 3179 David

92 3220 326 3314 loqueretur?
362 3215 599 3308 Respondeo,
624 3211 850 3301 peculiariter
865 3211 1028 3306 loquitur
1043 3214 1087 3280 de

94 3321 261 3407 Christo,
302 3333 337 3390 et
364 3319 475 3388 verba
506 3316 556 3384 sic
585 3313 815 3403 intelligenda
846 3326 951 3396 sunt,
989 3315 1086 3404 quod

92 3417 261 3496 Christus
289 3407 362 3513 ipse
386 3421 572 3510 loquatur,
596 3415 688 3484 sicut
710 3427 745 3484 et
771 3412 863 3484 Psal.
881 3419 963 3487 22:
990 3411 1087 3482 Deus

93 3525 192 3598 Deus
210 3547 330 3610 meus,
355 3542 463 3616 quare
479 3542 536 3588 me
551 3515 797 3606 dereliquisti?
836 3513 883 3586 Et
900 3515 990 3588 Psal.
1008 3510 1086 3588 50.:

93 3625 296 3718 Expectans
327 3621 505 3715 expectavi
527 3632 591 3692 etc.
650 3615 698 3688 Et
726 3629 846 3688 tamen
875 3617 912 3687 in
943 3613 1086 3688 Christo

94 3730 202 3799 etiam
221 3741 340 3819 postea
357 3723 513 3795 membra
528 3719 792 3808 complectitur,
817 3743 907 3813 quae
923 3719 988 3789 scit
1002 3742 1086 3808 pro-

96 3847 176 3921 pter
187 3825 370 3900 Christum
385 3821 630 3894 resuscitanda
647 3843 740 3905 esse,
767 3823 828 3916 qui
847 3821 996 3910 resurgit
1011 3820 1086 3910 pri-

95 3956 195 4013 mus,
222 3946 264 4001 ut
285 3933 330 4001 sit
351 3939 456 3997 autor
477 3922 743 3994 resurrectionis
765 3937 799 3993 ει
820 3923 911 3993 vitae
925 3936 1086 3993 aeternae

95 4035 233 4104 omnib.
258 4029 438 4101 membris.
505 4023 626 4114 Quare
648 4023 739 4095 sicut
764 4027 807 4094 de
829 4021 972 4094 Christo
996 4023 1086 4094 dici-

93 4153 173 4217 tur‚
189 4129 280 4206 *eum
307 4155 381 4201 oon
405 4149 613 4220 mansurum
637 4126 676 4194 in
695 4141 826 4208 morte,
851 4128 909 4195 sed
928 4149 1086 4195 resurre-

94 4254 235 4308 cturum
265 4259 337 4305 esse
366 4231 489 4302 divina
516 4229 691 4322 potentia,
723 4227 771 4296 ita
804 4227 1022 4316 significatur
1041 4231 1085 4298 de

94 4339 264 4423 omnibus
287 4333 474 4416 membris,
500 4331 594 4424 quod
615 4350 738 4398 eorum
763 4353 910 4421 corpora
932 4331 1005 4400 sint
1028 4354 1086 4400 re-

94 4444 247 4512 victura.
306 4435 358 4507 lta
378 4437 416 4504 in
438 4432 517 4502 aliis
536 4430 707 4513 Psalmis,
738 4454 818 4500 cum
841 4432 1085 4523 principaliter

95 4543 310 4613 vaticinetur
341 4539 385 4608 de
409 4531 573 4620 Christo,
605 4545 723 4603 tamen
744 4545 890 4624 propter
911 4535 1085 4621 effectum,

95 4646 159 4738 qui
179 4646 225 4714 ad
251 4640 412 4712 membra
437 4636 608 4729 pertinet,
632 4630 766 4705 Psalmi
790 4634 895 4705 etiam
913 4640 955 4705 ad
973 4661 1083 4706 mem-

94 4749 161 4817 bra
185 4743 518 4817 accommodantur,
553 4737 611 4806 sed
644 4749 760 4806 tamen
783 4739 977 4827 prudenter
999 4763 1084 4807 con.

94 4851 326 4919 siderandum
356 4857 426 4927 est,
456 4863 547 4934 quae
575 4839 719 4930 proprie
748 4835 890 4909 Christo
920 4841 986 4909 soli
1018 4839 1083 4912 tri-

93 4957 273 5032 buantur,
297 4960 338 5018 ut
361 4946 401 5014 in
423 4939 493 5014 hoc
507 4939 648 5014 Psalmo
670 4944 715 5012 de
734 4943 859 5011 merito
876 4957 910 5014 et
926 4941 1083 5034 appella-

93 5055 194 5124 tione
213 5049 389 5143 passionis
405 5047 490 5118 Filii
504 5045 595 5128 Dei,
621 5045 717 5137 quod
738 5043 784 5114 sit
807 5043 1005 5132 victimaet
1026 5067 1083 5113 aa·

93 5155 268 5226 orificium
296 5176 360 5244 pro
383 5150 480 5234 aliis,
513 5149 609 5239 quod
632 5151 675 5214 de
696 5159 897 5216 sanctorum
920 5145 1083 5216 alllictio-

92 5261 204 5328 nibus
226 5279 302 5325 non
326 5252 475 5335 dieitur,
499 5273 589 5342 quae
610 5249 673 5318 etsi
697 5247 785 5318 liunt
810 5247 977 5318 sacrificia
1000 5273 1082 5338 pro-

90 5379 173 5452 pter
198 5347 391 5428 Christum
420 5354 507 5431 fide,
543 5352 579 5420 id
603 5365 672 5433 est,
706 5352 821 5422 cultus
843 5351 917 5422 Deo
939 5353 1082 5444 accepti,

146 5467 327 5530 llrraara.
347 5463 451 5528 Orsa.
479 5458 564 5528 Vos.
582 5449 676 5526 XIV.
732 5520 743 5532 ,

640 199 722 278 llll.
774 191 1169 276 ANNOTATIONES
1198 191 1248 264 lN
1273 189 1577 284 EVANGELlA.

89 385 135 455 ad
167 382 324 454 dandam
354 371 529 450 iusticiam
556 387 590 446 et
609 345 716 445 vitam
741 386 931 444 aeternam.
997 366 1112 439 ldeot

2041 200 2118 276 614
2178 225 2182 230 ’

1136 377 1254 436 tamen
1284 389 1360 434 nou
1385 379 1565 438 merentur
1586 367 1670 459 ipsis
1692 385 1752 440 aut
1775 371 1854 442 aliis
1876 374 2119 445 rerrdssionem

1136 481 1370 559 peccatorum.
1429 467 1516 538 ltem
1548 470 1592 538 de
1623 466 1765 544 Christo
1795 477 1871 545 solo
1899 475 2002 546 etiam
2033 472 2120 548 haee

1135 569 1241 640 verba
1265 569 1448 640 dicuntur:
1476 568 1557 640 Non
1580 573 1682 642 dabis
1703 590 1862 647 sanctum
1884 579 2120 648 tuumvidere

1136 671 1420 761 corruptionem,
1452 685 1493 742 ut
1516 668 1574 741 hic
1596 671 1721 746 Petrus
1745 681 1903 770 exponit:
1930 675 2022 749 Caro
2045 681 2121 750 eius

1136 797 1210 841 non
1234 774 1323 844 sidit
1347 774 1630 870 corruptionem,
1656 792 1696 846 ut
1718 777 1854 868 David,
1879 780 1980 852 cuius
2003 784 2121 874 sepul·

1136 898 1233 958 crum
1251 869 1367 944 adhuc
1384 878 1476 964 apud
1496 900 1560 945 nos
1577 892 1639 948 est.
1758 899 1763 914 ·

1237 1008 1353 1078 Habet
1369 1007 1532 1079 Psalmus
1549 1011 1773 1084 utilissimam
1796 1017 2005 1089 doctrinam.
2057 1013 2124 1090 Est

1135 1110 1378 1180 testimonium
1404 1113 1450 1180 de
1472 1115 1742 1199 resurrectione,
1775 1131 1809 1187 et
1831 1141 1897 1190 nos
1921 1119 2015 1210 ipsos
2036 1143 2123 1189 corr-

1135 1211 1276 1281 firmare
1301 1214 1426 1298 debet,
1458 1213 1496 1281 in
1521 1216 1690 1304 petitione
1714 1231 1748 1288 ει
1771 1221 2008 1309 expectatione
2030 1221 2123 1292 vitae

1137 1328 1309 1384 aeternae.
1364 1312 1449 1382 ltem
1472 1315 1660 1386 discrimen
1683 1315 1860 1390 Ecclesiae
1883 1323 2003 1407 docet,
2033 1345 2123 1414 quae
2244 1391 2247 1400 .

1137 1417 1182 1486 sit
1199 1437 1280 1484 vcra
1295 1411 1471 1502 Ecclesia,
1497 1430 1535 1487 et
1546 1418 1730 1490 coufirmat
1746 1443 1829 1506 nos,
1858 1447 2124 1494 removeamur

1136 1517 1251 1609 specie
1276 1527 1310 1585 et
1331 1517 1516 1586 autoritate
1532 1521 1639 1589 falsae
1654 1519 1844 1594 Ecclesiae.
1896 1523 2008 1595 Docet
2026 1526 2123 1607 item,

1137 1632 1176 1688 ut
1193 1641 1355 1688 curemus
1369 1642 1441 1688 esse
1457 1623 1613 1691 membra
1630 1619 1935 1712 veraeEcclesiae,
1962 1640 1996 1697 et
2009 1627 2123 1717 lugia·

1137 1741 1215 1789 mus
1233 1719 1355 1788 falsam
1370 1717 1583 1821 Ecclesiam,
1609 1748 1682 1793 nou
1700 1727 1869 1796 faciamus
1885 1751 1963 1822 cum
1981 1751 2019 1797 ea
2038 1752 2124 1797 con-

1137 1822 1351 1910 ciliationes,
1380 1847 1470 1913 quae
1485 1849 1607 1893 eorum
1624 1827 1754 1896 abusus
1770 1829 1992 1902 confirmant.
2042 1829 2124 1900 Nou

1137 1924 1323 2013 recipiam,
1358 1925 1492 2016 inquit,
1520 1927 1708 1997 libationes
1733 1952 1875 2014 eorum,
1899 1955 1963 2001 nec
1989 1953 2125 2001 sumam

1138 2026 1282 2094 nomina
1300 2048 1422 2094 eorum
1438 2027 1475 2118 in
1495 2026 1596 2095 labiis
1611 2029 1709 2102 meis.
1758 2027 1997 2102 HieChristus
2013 2033 2126 2102 reiicit

1137 2125 1397 2197 omnesMissas
1411 2127 1615 2218 impiorum,
1643 2143 1677 2198 et
1691 2153 1814 2199 omnes
1829 2135 1955 2217 cultus,
1982 2137 2127 2204 damnat

1138 2251 1260 2296 eorum
1284 2223 1496 2319 Ecclesiam,
1530 2228 1618 2302 dicit
1643 2221 1680 2298 se
1707 2233 1803 2300 nolle
1827 2258 1902 2302 eam
1928 2235 2125 2316 nominare,

1137 2329 1174 2398 id
1201 2343 1273 2413 ost,
1298 2330 1397 2398 nolle
1425 2354 1550 2398 vocare
1568 2357 1645 2403 eam
1668 2328 1862 2402 Ecclesiam
1885 2359 2002 2420 suam,
2030 2340 2127 2408 nolle

1137 2455 1202 2522 pro
1225 2453 1264 2500 ea
1290 2453 1404 2502 orare.
1458 2429 1559 2500 Nihil
1585 2449 1697 2526 potest
1719 2435 1854 2505 tristius
1869 2449 1902 2506 et
1918 2431 2126 2510 horribilius

1138 2531 1220 2601 dici.
1282 2529 1366 2601 ldeo
1393 2530 1504 2603 simus
1533 2536 1660 2622 cauti,
1680 2559 1725 2604 ne
1754 2537 1973 2609 stabiliamus
2003 2563 2127 2611 eorum

1138 2633 1346 2724 impietates.
1410 2632 1614 2721 Postremo,
1652 2651 1745 2708 totus
1774 2636 1935 2709 Psalmus
1963 2655 2015 2710 est
2047 2657 2128 2713 tau·
2219 2703 2223 2709 .

1138 2755 1244 2827 qtram
1268 2735 1475 2826 promissio,
1500 2741 1597 2830 quod
1614 2738 1710 2809 Deus
1729 2739 1815 2810 velit
1829 2743 1986 2812 membra
2003 2741 2128 2815 Eccle-

1138 2837 1211 2906 siae
1241 2861 1325 2905 suae
1356 2839 1521 2908 exaudire
1550 2853 1585 2910 et
1615 2839 1766 2910 liberare
1794 2865 1813 2910 a
1838 2857 1952 2912 morte
1973 2858 2128 2921 aeterna.

1141 2936 1191 3007 lta
1215 2961 1281 3006 nos
1303 2963 1445 3030 quoque
1466 2942 1651 3011 recitemus
1675 2938 1769 3012 hunc
1784 2941 1983 3026 Psalmum,
2011 2961 2044 3016 ει
2063 2951 2127 3016 ad-

1139 3039 1353 3128 glutioemus
1384 3061 1449 3109 nos
1471 3055 1639 3135 tanquam
1662 3047 1819 3114 membra
1844 3046 1950 3136 capiti
1972 3041 2126 3132 Christo,

1139 3141 1201 3234 qui
1235 3155 1285 3210 est
1313 3142 1571 3236 primogenitus
1603 3169 1643 3213 ex
1674 3147 1834 3217 mortuis.
1895 3146 1989 3219 Sunt
2009 3164 2126 3220 autem

1139 3239 1293 3337 quatum
1309 3247 1466 3314 m'embra
1476 3244 1618 3320 Psalmi.
1662 3249 1695 3320 1.
1714 3246 1842 3318 Petitio
1851 3244 1986 3320 Christi
2000 3264 2040 3321 ut
2053 3275 2128 3324 ser·

1139 3360 1260 3430 vetur,
1286 3369 1365 3415 curn
1386 3347 1604 3436 expositione
1617 3346 1806 3422 Passionis.
1857 3343 1894 3425 2.
1921 3347 2126 3445 Applicatio
2153 3371 2160 3376 ‘

1139 3447 1329 3538 passionis,
1364 3460 1398 3517 ει
1426 3449 1624 3538 repudiatio
1646 3451 1815 3523 falsorum
1839 3456 2000 3524 cultuum
2024 3455 2128 3548 impii

1139 3561 1267 3622 coetus.
1326 3550 1360 3618 8.
1386 3547 1551 3619 Narratio
1574 3551 1619 3620 de
1641 3555 1909 3626 resurrectione.
1962 3553 2000 3631 4.
2024 3555 2127 3628 Finis

1138 3650 1421 3734 resurrectionis,
1447 3665 1487 3722 ut
1500 3647 1657 3722 Ecclesia
1674 3651 1838 3745 collecta,
1865 3681 1947 3756 vere
1963 3674 2127 3749 agnoscat

1137 3749 1271 3838 Deum,
1295 3767 1330 3824 et
1346 3753 1551 3825 celebratio
1568 3756 1642 3827 vita
1656 3769 1811 3834 aeterna.

1239 3885 1383 3960 Primus
1409 3916 1530 3964 versus
1558 3905 1627 3978 est,
1659 3893 1837 3967 invocatio
1866 3909 1900 3966 et
1931 3894 2125 3988 propositio

1139 4005 1259 4080 petens
1273 3991 1533 4078 liberationem,
1558 4009 1592 4064 et
1610 3994 1710 4066 addit
1727 4021 1886 4067 causam:
1914 3995 2007 4084 Quia
2022 4007 2124 4086 spe'ro

1138 4093 1176 4162 in
1195 4106 1245 4178 te,
1270 4107 1305 4162 et
1321 4107 1354 4163 ιε
1370 4091 1484 4164 Deum
1502 4118 1618 4165 meum
1634 4095 1772 4169 invoco.
1824 4095 1915 4166 Nam
1930 4093 1998 4167 hoc
2014 4099 2126 4188 signi-

1137 4195 1232 4274 ficat,
1258 4197 1356 4287 quod
1378 4195 1443 4264 ait:
1469 4193 1554 4262 Dixi
1575 4193 1749 4279 Domino,
1774 4195 1871 4268 Deus
1893 4223 1990 4269 meus
2016 4215 2126 4286 estu,

1138 4297 1267 4380 idest,
1298 4309 1332 4366 te
1359 4321 1470 4367 unum
1492 4297 1640 4383 invoco,
1666 4312 1700 4370 et
1723 4313 1837 4373 statuo
1862 4325 1935 4370 esse
1956 4303 2125 4394 omnipo-

1137 4388 1288 4483 tentem,
1314 4397 1540 4469 liberatorem
1563 4424 1604 4469 ex
1626 4415 1756 4490 morte,
1781 4405 1979 4498 etquidem
2002 4407 2125 4497 propi-

1136 4500 1230 4569 cium
1253 4494 1362 4586 mihi,
1389 4500 1566 4571 volentem
1589 4506 1771 4590 exaudire,
1799 4520 1832 4576 et
1848 4505 1983 4576 salvare
1998 4507 2139 4579 consu·-¹

1137 4601 1270 4692 gientes
1285 4604 1330 4672 ad
1346 4615 1399 4685 ιε,
1422 4599 1529 4676 Hunc
1542 4606 1608 4676 tibi
1626 4600 1795 4676 honorem
1812 4607 1922 4681 tribui
1938 4610 2000 4694 vis,
2025 4611 2123 4704 quod

1137 4706 1224 4775 velis
1237 4705 1391 4790 salvare,
1415 4706 1511 4778 iuxta
1525 4720 1604 4778 tuas
1618 4708 1888 4804 promissiones,
1915 4708 2124 4800 confugien-

1137 4820 1187 4879 tes
1204 4809 1248 4878 ad
1265 4821 1309 4879 te.

1238 4943 1393 5032 Querela
1407 4957 1441 5015 et
1457 4945 1614 5015 narratio
1629 4946 1819 5035 passionis,
1845 4945 1986 5016 Bonum
2001 4971 2121 5021 meum

1136 5063 1211 5115 non
1228 5059 1435 5138 propterte,
1461 5070 1533 5130 seu,
1551 5070 1624 5114 non
1641 5064 1692 5119 est
1708 5045 1797 5118 mihi
1814 5051 1901 5116 bene
1917 5065 2059 5140 propter
2074 5069 2121 5136 ιε,

1134 5147 1173 5216 id
1197 5162 1266 5233 est,
1291 5171 1369 5220 sum
1389 5149 1429 5218 in
1445 5148 1715 5235 alllictionibus,
1740 5165 1774 5220 et
1792 5150 1914 5218 videor
1926 5152 2065 5224 etiama
2085 5170 2120 5226 te

1135 5252 1312 5338 desertus,
1344 5250 1434 5322 sicut
1461 5249 1615 5320 clamitat
1646 5253 1685 5320 in
1716 5250 1873 5334 Psalmo:
1905 5249 2002 5326 Deus
2024 5254 2120 5330 Deus

1134 5375 1251 5440 meus,
1287 5377 1397 5448 quare
1425 5359 1482 5422 me
1513 5351 1758 5523 degeoliquisti?
1808 5351 1879 5426 Sed
1913 5356 2047 5430 clarius
2069 5375 2121 5432 est

1376 5712 1515 5784 A
