4590 5808
244 209 319 284 789
341 255 345 261 -

243 357 362 450 ctum:
404 370 541 476 Omnes
569 375 632 468 qui
661 386 696 444 te
726 355 1053 463 exspectant,'non
1068 368 1235 442 ‘conlun-

250 485 390 552 dentur.

653 654 827 710 obtectio.

352 783 401 856 At
424 782 602 880 quomodo
623 779 786 863 credam,
818 775 948 847 dixerit
969 777 1065 871 quis,
1092 791 1152 849 aut
1176 802 1236 848 ex-

252 888 428 980 spectem?
469 909 548 954 cum
579 877 666 951 baec
692 879 833 948 infirma
866 891 993 949 natura
1024 902 1097 978 nou
1126 881 1236 971 possit

252 1014 377 1060 exuere
394 1011 457 1057 seu
479 989 657 1077 deponere
678 981 887 1074 pravitatem
905 981 1088 1051 nobiscum
1104 996 1236 1067 natam,

252 1092 411 1160 omnium
440 1085 626 1158 hominum
649 1086 755 1155 corda
781 1084 885 1174 plena
908 1097 991 1151 sunt
1014 1084 1235 1154 dubitatione

250 1207 283 1285 et
298 1191 533 1283 trepidatione
547 1189 703 1278 fugiente
713 1185 856 1256 Deum?
906 1181 1136 1274 Respondeo:
1162 1185 1235 1254 Vr.

248 1295 426 1365 cissimum
443 1307 494 1363 est
508 1290 666 1366 innubis
679 1287 844 1359 omnibus
860 1309 932 1357 esse
946 1299 980 1356 et
996 1311 1140 1357 manere
1153 1287 1234 1380 plu-

237 1390 378 1467 rimum
419 1393 633 1463 infirmitatis
663 1406 696 1461 et
726 1389 993 1480 trepidationis,
1044 1413 1166 1460 verum
1196 1403 1236 1460 tu

249 1497 438 1591 preponito
463 1494 549 1578 tibi,
576 1507 611 1564 et
632 1492 831 1590 consideres
853 1491 973 1561 animo
996 1516 1115 1561 vocem
1138 1491 1236 1562 illius

221 1661 227 1680 ,
249 1600 370 1669 miseri
387 1597 513 1690 patris,
538 1593 695 1664 Marci9.
709 1594 771 1686 qui
787 1594 983 1688 lacrymans
998 1593 1154 1682 agnoscit
1167 1593 1236 1662 im-

176 1779 178 1784 ,
249 1701 474 1772 berillitatem
498 1699 601 1782 fidei,
628 1712 662 1768 et
685 1709 806 1788 petens
829 1718 865 1765 se
889 1695 1092 1764 confirmari
1113 1696 1237 1792 clami·

251 1816 319 1874 tat:
353 1800 467 1875 Credo
492 1800 667 1883 Domine,
699 1799 760 1867 sed
782 1821 883 1888 opem
906 1797 998 1868 lecto
1023 1821 1120 1866 meae
1142 1797 1236 1866 dilfi-

250 1904 391 1978 deutiae
411 1928 474 1973 seu
496 1900 744 1971 imbecillitati.
796 1894 951 1989 Oportet
972 1900 1067 1970 enim
1093 1899 1237 1968 accendi

251 2009 288 2077 in
312 2005 460 2096 singulis
477 2004 578 2072 initia
594 2017 627 2074 et
644 2001 858 2072 scintillulas
875 2023 977 2069 verae
993 2001 1097 2086 fidei,
1123 2024 1237 2092 quan·

249 2108 381 2180 tumvis
403 2105 610 2196 languidae,
644 2105 704 2173 sed
731 2103 899 2195 paulatim
925 2102 1109 2188 eluctantis
1132 2116 1236 2195 atque

249 2209 478 2302 repugnantis
499 2207 732 2290 dubitationi,
756 2205 996 2289 diffidentiae,
1022 2228 1062 2274 ac
1079 2204 1236 2296 trepida-

248 2311 407 2384 tionibus
429 2311 546 2380 cordis
567 2307 734 2397 fugientis
748 2303 877 2382 Deum,
929 2304 1006 2376 lmo
1021 2306 1059 2373 in
1074 2300 1144 2376 hoc
1161 2329 1237 2374 cer-

248 2415 381 2488 tamine
401 2425 435 2482 et
448 2412 543 2480 lucta
558 2410 767 2479 discendum
785 2421 853 2491 est,
878 2406 964 2500 quid
982 2409 1027 2476 sit
1042 2430 1124 2476 vera
1139 2407 1236 2488 tides,

250 2531 285 2586 et
306 2514 486 2608 quomodo
502 2511 670 2599 languida
684 2509 767 2579 fidei
783 2507 884 2578 initia
898 2509 1139 2579 confirmanda
1153 2509 1238 2594 sint,

35 2693 38 2700 Ι
131 2677 134 2680 ,
249 2630 292 2687 ut
314 2628 471 2685 crescant
494 2628 527 2683 et
550 2619 761 2702 augeantur,
788 2611 817 2679 si
838 2610 925 2680 fides
948 2624 999 2681 est
1022 2609 1237 2699 languidior,

250 2743 312 2790 cor
335 2730 436 2792 tuum
460 2716 642 2785 intueatur
666 2728 699 2784 et
715 2713 785 2782 sibi
801 2725 977 2802 proponat
992 2713 1127 2808 aliquot
1143 2713 1237 2782 dicta

251 2844 313 2891 seu
334 2818 532 2890 testimonia
557 2815 834 2908 promissionum
857 2814 1079 2900 divinarum,
1105 2809 1162 2883 his
1176 2839 1237 2882 co-

251 2935 360 2992 netur
383 2919 566 3000 assentiri,
591 2942 631 2987 ac
654 2931 775 3009 petens
797 2915 986 2999 auxilium,
1010 2916 1145 2986 tribuat
1160 2911 1235 2985 Deo

250 3011 349 3092 hunc
364 3017 555 3102 honorem,
580 3015 673 3088 hanc
686 3016 826 3088 laudem
842 3019 999 3087 veritatis
1014 3028 1118 3109 atque
1131 3017 1238 3088 boni-

251 3123 349 3208 tatis,
382 3124 477 3214 quod
510 3133 603 3191 certo
632 3120 719 3190 velit
749 3143 814 3190 nos
838 3120 1020 3204 exaudire,
1053 3119 1146 3188 etin
1171 3116 1237 3189 hac

249 3226 346 3295 bona
381 3247 441 3316 spe
471 3247 532 3293 seu
562 3222 804 3318 consolatione
830 3222 1026 3314 acquiescat
1056 3234 1092 3290 et
1122 3221 1238 3289 vivifi-

251 3341 350 3397 cetur
371 3325 525 3396 animus:
557 3324 742 3410 videlicet,
767 3323 863 3418 quod
884 3320 981 3393 Deus
998 3321 1235 3416 opitulaturus

251 3429 315 3510 sit,
339 3450 405 3496 nec
426 3421 625 3497 deserturus
647 3440 697 3511 te,
722 3450 788 3496 nec
809 3425 1061 3517 permissurus,
1088 3438 1127 3495 ut
1144 3447 1238 3492 mer·

200 3555 207 3558 ·
250 3528 343 3620 garis
365 3529 404 3596 in
429 3543 606 3614 aeternam
628 3541 801 3616 mortem,
835 3529 946 3596 donec
969 3527 1058 3618 petis
1079 3540 1114 3598 te
1135 3526 1238 3596 adiu-

250 3632 347 3712 vari,
375 3643 410 3700 et
423 3631 509 3719 erigi
525 3645 624 3700 tuum
642 3642 761 3720 pectus
777 3629 855 3696 lide.

346 3730 421 3801 tlte
438 3732 541 3800 etiam
559 3731 671 3828 repeti
686 3743 722 3800 et
735 3743 862 3799 notum
877 3751 949 3799 esse
963 3741 1102 3820 oportet
1112 3729 1239 3798 discri-

251 3859 333 3906 men
348 3833 624 3925 promissionum
640 3855 702 3902 seu
717 3831 980 3914 beneficiomm,
1006 3853 1096 3922 quac
1111 3843 1239 3920 petun-

180 3931 184 3943 ’
251 3953 310 4008 tur
318 3963 327 4024 ;
352 3937 550 4030 loquuntur
570 3935 664 4004 enim
689 3934 791 4004 aliae¹
803 3931 1053 4024 promissiones
1075 3931 1238 4001 debonis

250 4041 403 4112 aeternis
432 4041 482 4108 ac'
499 4035 764 4136 spiritualibus,
803 4035 893 4104 aliae
922 4035 966 4102 de
997 4033 1239 4124 corporalibus

252 4166 292 4211 ac
315 4140 559 4232 praesentibus
579 4140 695 4208 bonis.
746 4136 799 4208 De
814 4135 992 4207 beneficiis
1008 4135 1180 4220 aeternis,
1201 4135 1238 4205 id

252 4255 322 4325 est,
346 4241 633 4312 reconciliatione
654 4253 690 4310 et
706 4239 779 4309 vita
794 4252 954 4320 aeterna,
979 4237 1161 4307 sciendum
1177 4251 1240 4323 est,

253 4343 416 4434 quodfsit
437 4358 619 4413 aeternum
642 4357 676 4412 et
699 4340 920 4410 immutabile
935 4342 1141 4410 mandatum
1160 4335 1239 4421 Dei,

252 4456 293 4514 ut
320 4441 451 4532 singuli
474 4439 560 4513 baec
585 4441 659 4534 ipsa
684 4443 778 4512 bona
800 4441 1011 4513 nominatim
1029 4455 1171 4535 petant,
1206 4455 1240 4513 et

254 4545 355 4612 firma
380 4544 448 4612 lide
469 4557 640 4631 statuant,
665 4568 703 4613 ea
728 4559 822 4616 certo
845 4544 914 4614 sihi
929 4543 1007 4612 dari
1023 4568 1084 4613 seu
1099 4545 1240 4614 contin-

253 4669 350 4734 gere:
372 4645 462 4714 sicut
477 4646 549 4737 ipse
558 4643 735 4716 Dominus
748 4641 1053 4719 affirmatlobann.
1063 4646 1118 4718 6.]
1143 4642 1240 4715 Haec

253 4763 305 4818 est
333 4747 495 4815 voluntas
520 4745 633 4818 Patris
663 4749 725 4841 qui
752 4748 847 4818 misit
870 4773 945 4828 me,
978 4761 1018 4818 ut
1039 4749 1155 4819 omnis
1177 4748 1242 4842 qui

253 4847 496 4918 novitFilium
513 4860 547 4917 et
563 4853 672 4920 credit
690 4853 728 4919 in
746 4875 839 4933 eum,
863 4845 989 4920 babeat
1003 4849 1111 4920 vitam
1128 4865 1240 4921 aeter·

254 4975 350 5024 nam.
407 4948 506 5021 Deus
539 4964 700 5022 aeternus
729 4953 947 5022 severissime
979 4953 1167 5044 praecipit,
1201 4966 1241 5021 ut

146 5103 147 5106 ,
256 5053 375 5122 credas
405 5053 443 5122 in
466 5051 618 5134 Filium,
651 5067 685 5124 et
717 5056 861 5147 quidem
890 5055 1063 5145 postulat,
1096 5069 1136 5124 ut
1163 5055 1241 5124 sine

189 5177 194 5188 ·
255 5152 459 5224 conditione
482 5156 623 5243 credas,
648 5159 743 5247 quod
766 5151 852 5226 baec
875 5157 949 5246 ipsa
965 5157 1058 5226 bona
1075 5158 1240 5227 nomina-

255 5256 319 5326 tim
337 5254 402 5322 tibi
419 5259 565 5326 daturus
582 5256 645 5340 sit,
672 5259 819 5346 gratiam
834 5281 895 5328 seu
911 5259 1098 5346 gratuitam
1114 5261 1239 5328 remis-

255 5358 389 5428 sionem
418 5369 659 5446 peecatorum,
694 5359 880 5440 iustitiam,
915 5361 951 5429 id
982 5374 1052 5446 est,
1084 5362 1239 5454 imputa-

834 193 967 270 ·rnn.
994 191 1111 269 uun
1137 163 1346 270 solerem
1372 175 1673 272 nxucbrron

2176 199 2242 277 tto

1282 367 1417 442 tionem
1445 371 1618 459 iustitiae,
1648 371 1922 442 vivificationem
1951 396 2012 447 seu
2034 373 2242 446 donationem

1283 469 1436 565 Spiritus
1458 475 1568 546 sancti
1586 485 1620 545 et
1635 475 1728 545 vitae
1743 487 1915 551 aeternae.
1965 473 2060 546 llaec
2073 487 2204 547 aeterna
2218 493 2244 547 et

1284 576 1479 666 spiritualia
1499 576 1593 646 bona
1609 577 1713 646 iidem
1732 591 1871 670 oportet
1887 579 1925 646 in
1943 580 2056 670 specie
2070 601 2129 649 scu
2143 581 2246 650 nomi·

1284 678 1395 748 natim
1427 691 1544 770 petere
1574 693 1609 748 et
1634 692 1841 770 exspectare.
1899 677 2035 751 Eodem
2058 683 2159 751 modo
2182 681 2246 750 sine

1284 781 1489 851 conditione
1518 783 1667 871 petenda
1691 795 1774 852 sunt
1792 781 2005 853 nominatim
2029 783 2120 853 bona
2142 782 2178 851 in
2198 805 2246 872 ge-

1284 903 1367 951 nere
1397 884 1584 952 coniuncta
1606 907 1686 953 cum
1710 883 1945 972 promissione
1966 886 2095 975 gratiae
2117 900 2150 957 et
2168 884 2247 954 ritae

1284 997 1462 1070 aeternae,
1496 999 1537 1055 ut
1567 986 1773 1076 propagatio
1804 986 1988 1058 doctrinae
2020 986 2192 1072 salutaris,
2221 999 2248 1054 et

1283 1087 1504 1157 conservatio
1520 1085 1708 1160 Ecclesiae.

1384 1220 1456 1293 Sed
1471 1227 1514 1293 de
1529 1202 1633 1295 bonis
1646 1223 1902 1316 corporalibus,
1924 1225 2034 1311 victu,
2058 1247 2150 1324 pace,
2169 1224 2248 1293 bona
2285 1221 2286 1280 ξ

1284 1323 1505 1411 valetudine,
1537 1323 1691 1418 divitiis,
1718 1349 1841 1396 verum
1864 1338 1915 1396 cst
1935 1320 2022 1396 haec
2046 1328 2137 1397 bona
2159 1347 2249 1414 opor·

1284 1439 1357 1495 tere
1372 1426 1462 1517 peti,
1485 1442 1716 1499 veruntamen
1730 1451 1810 1497 cum
1824 1422 1892 1497 hae
1906 1427 2124 1499 conditione:
2147 1442 2184 1496 ut
2195 1447 2249 1494 uos
2285 1425 2286 1496 l

1285 1529 1380 1616 ipsos
1403 1527 1613 1620 offeramus,
1639 1543 1673 1599 et
1696 1529 1808 1620 parati
1830 1530 1942 1599 simus
1961 1531 2007 1600 ad
2030 1528 2249 1600 obedientiam
2285 1543 2286 1608 g

1284 1627 1360 1700 Deo
1386 1633 1651 1722 praestandam,
1677 1631 1707 1700 si
1730 1654 1797 1699 nos
1819 1631 1904 1703 velit
1917 1631 2053 1703 diutius
2068 1628 2249 1700 afflictioni·
2285 1645 2286 1722 t

1284 1733 1351 1801 bus
1374 1732 1543 1802 exerceri:
1570 1733 1868 1827 quemadmodum
1887 1754 1989 1824 saepe
2006 1733 2083 1802 lieri
2099 1732 2250 1812 videmus,

1285 1834 1379 1925 quod
1396 1831 1517 1904 Sancti
1533 1859 1607 1903 non
1621 1834 1818 1904 liberentur
1831 1833 1868 1902 in
1883 1827 2036 1906 haesita
2052 1857 2094 1903 ex
2106 1855 2248 1924 praescu-

1284 1935 1379 2006 tibus
1402 1935 1526 2026 poenis
1542 1949 1603 2007 aut
1618 1935 1893 2014 calamitatibus,
1927 1935 2117 2030 dequibus
2133 1945 2248 2026 petunt,
2285 1943 2286 1952 ’

1285 2051 1345 2108 aut
1362 2051 1453 2108 certe
1472 2041 1568 2132 quod
1583 2038 1781 2120 differatur,
1808 2061 1873 2106 nec
1887 2061 1969 2107 mox
1986 2037 2164 2126 contingat
2177 2034 2249 2103 libe-

1284 2139 1396 2224 ratio,
1422 2164 1487 2210 nec
1509 2141 1721 2230 respondeat
1743 2151 1890 2210 eventus
1911 2133 2080 2210 humanis
2101 2135 2248 2226 imagina—
2285 2131 2286 2134 ’

1282 2240 1444 2312 'tionibus
1468 2253 1501 2312 et
1523 2242 1662 2333 optatis.
1714 2237 1804 2310 Nam
1826 2240 1946 2330 regula
1969 2241 2015 2310 de
2031 2237 2248 2310 omnibusbe·

1284 2343 1418 2414 neliciis
1433 2356 1467 2413 et
1481 2341 1777 2435 promissionibus
1790 2341 2047 2433 corporalibus,
2067 2342 2139 2410 sive
2151 2336 2248 2408 nomi·
2285 2335 2286 2410 ζ

1284 2445 1407 2530 natim,
1434 2445 1507 2512 sire
1522 2468 1596 2515 non
1610 2443 1821 2514 nominatim
1836 2443 2019 2535 expressis,
2045 2443 2189 2516 tenenda
2200 2451 2241 2507 est
2285 2491 2286 2526 3

1284 2548 1382 2638 quod
1415 2541 1570 2616 babeant
1604 2567 1758 2614 annexas
1784 2545 1841 2614 vel
1869 2542 2025 2614 inclusas
2053 2542 2250 2617 conditiones
2285 2545 2286 2548 ’

1285 2648 1389 2717 duas:
1417 2647 1561 2716 alteram
1578 2646 1834 2735 castigationis,
1860 2646 2007 2716 alteram
2023 2646 2145 2717 crucis.

1386 2767 1466 2853 Etsi
1479 2780 1574 2848 enim
1591 2779 1770 2850 verissime
1785 2778 1934 2869 largitur
1947 2774 2046 2849 Deus
2061 2780 2162 2852 etiam
2174 2778 2250 2846 bour
2285 2781 2286 2868 J

1286 2883 1463 2974 corporis,
1488 2876 1726 2951 nibilominus
1746 2894 1865 2950 tamen
1886 2879 2033 2970 castigat
2048 2894 2084 2952 et
2100 2878 2250 2970 punitio·
2285 2937 2286 2974 ,

1286 2983 1500 3056 obedientes.
1552 2981 1640 3054 Vult
1655 2983 1739 3052 item
1755 2982 1834 3074 pios
1848 2982 2012 3067 exerceri,
2040 2978 2249 3052 etllicclesiam

1287 3086 1481 3157 subiectam
1510 3107 1584 3154 esse
1607 3083 1722 3168 cruci,
1756 3096 1900 3175 propter
1920 3083 2043 3174 plures
2063 3103 2194 3154 causas:
2217 3081 2250 3146 de
2285 3093 2286 3168 f

1288 3189 1417 3281 quibus
1438 3187 1640 3279 saepissime
1662 3207 1725 3256 suo
1745 3186 1824 3255 loco
1840 3184 1980 3256 auditis.
2033 3181 2167 3270 David,
2186 3177 2252 3251 Ma·
2285 3183 2286 3266 3

1287 3309 1388 3359 nasse
1409 3290 1625 3378 castigantur
1650 3300 1685 3358 et
1705 3287 1906 3379 puniuntur
1928 3300 2076 3379 propter
2098 3299 2184 3356 certa
2204 3284 2252 3352 de-

1287 3393 1370 3461 licta
1398 3414 1478 3478 sua;
1515 3386 1662 3482 loseph,
1696 3386 1880 3473 Ieremias,
1912 3387 2045 3458 Daniel
2070 3397 2252 3458 exercentur
2285 3389 2286 3456 l

1287 3492 1484 3578 aerumnis,
1507 3494 1734 3562 abducuntur
1748 3491 1787 3558 in
1803 3490 1926 3559 exilia:
1952 3493 2091 3562 tametsi
2130 3497 2252 3560 etantet

1288 3605 1487 3688 exspectent
1510 3591 1622 3664 aDeo
1646 3592 1905 3665 liberationem.
1957 3587 2093 3662 Verum
2104 3514 2251 3660 birscire
2285 3623 2286 3658 ι

1288 3708 1445 3788 oportet,
1476 3718 1701 3789 nequaquam
1730 3707 1915 3786 propterea
1936 3693 2127 3782 petitiones
2146 3710 2253 3776 corpo-

1289 3798 1416 3870 ralium
1439 3796 1690 3867 beneficiorum
1713 3795 1831 3866 irritas
1853 3817 1926 3864 esse
1933 3845 1945 3877 ,
1973 3797 2036 3863 sed
2054 3807 2146 3864 certo
2159 3792 2252 3880 impe-

1288 3913 1382 3970 trare
1401 3899 1628 3982 alterutrum,
1656 3898 1840 3968 videlicet:
1867 3908 1928 3966 aut
1943 3896 2201 3974 liberationem,
2223 3902 2253 3956 ut
2285 3891 2286 3970 s

1289 4023 1433 4092 prorsus
1460 4001 1650 4085 tollantur,
1681 4013 1744 4071 aut
1764 3997 2045 4088 mitigationem,
2075 4011 2114 4068 ut
2135 3993 2252 4065 lenian-

1289 4116 1348 4173 tur
1360 4102 1574 4174 calamitates
1589 4115 1623 4172 et
1638 4124 1783 4192 poenae.
2285 4099 2286 4112 ³

1390 4235 1450 4311 Sic
1466 4235 1799 4332 precanturEsaias,
1823 4233 2040 4320 Hieremias,
2068 4247 2102 4306 et
2116 4227 2252 4303 aliiPro·

1289 4334 1436 4432 phetae,
1468 4341 1631 4433 quicum
1653 4339 1777 4409 vident
1799 4340 1870 4408 iam
1894 4337 2013 4426 vagari
2035 4357 2178 4429 poenas,
2201 4350 2251 4432 nec
2285 4327 2286 4364 ³

1288 4444 1468 4527 futurum,
1493 4455 1535 4513 ut
1554 4443 1672 4514 statim
1695 4453 1829 4512 cessent
1850 4452 1910 4510 aut
1931 4461 2077 4529 prorsus
2092 4436 2250 4506 tollantur,
2285 4447 2286 4496 1

1288 4558 1413 4636 petunt
1444 4559 1563 4614 tamen
1601 4557 1636 4613 et
1662 4543 1855 4635 impetrant
1884 4540 2153 4629 mitigationem.
2210 4527 2250 4598 lta
2285 4535 2286 4588 Τ

1290 4647 1384 4716 enim
1400 4643 1597 4716 Hieremias
1618 4658 1696 4716 orat
1718 4668 1792 4735 cap.
1812 4641 1887 4715 10.:
1914 4639 2061 4733 Corripe
2079 4663 2133 4707 me
2147 4629 2252 4706 nomi-

1290 4773 1355 4833 ne,
1387 4761 1618 4817 veruntamen
1647 4749 1685 4815 in
1711 4745 1864 4836 iudicio,
1892 4745 2027 4812 nonin
2052 4743 2185 4820 furore,
2216 4752 2251 4798 ne

1289 4854 1379 4921 forte
1401 4852 1446 4920 ad
1471 4843 1627 4920 nihilum
1649 4850 1786 4938 redigas
1808 4871 1876 4918 me.
1928 4839 1976 4913 Et
1990 4839 2110 4914 Esaias
2125 4835 2176 4908 his
2189 4855 2250 4902 ver-

1289 4954 1344 5023 bis
1373 4955 1583 5045 deprecatur
1610 4951 1719 5035 iram,
1758 4944 1926 5038 cap.64.:
1962 4941 2020 5014 Ab
2050 4939 2195 5014 Domine
2221 4946 2251 5000 tu

1289 5053 1394 5146 Pater
1411 5068 1445 5125 et
1461 5053 1627 5124 conditor
1639 5077 1701 5123 seu
1716 5051 1817 5122 fictor
1828 5062 1960 5128 noster,
1987 5070 2064 5117 ecce
2076 5067 2138 5113 nos
2155 5041 2249 5107 lutum

1290 5170 1391 5226 tuum
1414 5170 1450 5227 et
1464 5179 1571 5246 opera
1586 5178 1758 5229 manuum
1774 5167 1938 5236 tuarum,
1964 5175 2007 5218 ne
2023 5141 2175 5218 irascaris
2190 5133 2249 5206 Do·

1289 5259 1386 5326 mine
1410 5258 1529 5342 valde,
1565 5280 1612 5326 ne
1634 5257 1796 5326 effundas
1817 5255 1909 5326 iram
1933 5267 2039 5323 tuam.
2105 5241 2150 5316 Et
2168 5237 2250 5356 dbt‘
2285 5251 2286 5260 ’

1291 5357 1421 5430 ειιεδ.ε
1457 5358 1611 5432 Domine
1640 5381 1706 5429 nos
1731 5381 1820 5452 opus
1842 5370 1943 5430 tuum
1966 5374 2101 5436 sumus,
2133 5337 2248 5414 viufictt
