4620 5814
87 321 370 398 struitiasidiee
392 318 546 398 veritati.
593 315 873 395 commem
893 315 1083 414 sophistice

86 427 253 498 obsecre:
269 421 526 514 Evangeiium,
558 435 594 492 et
623 426 779 494 mundus
809 423 1003 494 delectetur
1028 418 1084 492 hie

85 525 295 598 mendaciis·
310 538 347 596 et
371 523 589 614 praestigiis,
614 525 699 616 quis
721 547 785 594 nec
802 524 976 614 Spiritum
998 546 1082 596 seo·

85 641 187 700 ctum
212 627 336 710 novit,
357 649 473 719 neque
494 621 688 697 Christum.
739 622 811 696 Sed
835 624 903 714 pii,
930 625 993 717 qui
1016 648 1083 694 no-

83 740 177 800 runt
190 722 395 811 Christum,
421 738 456 798 et
478 738 603 816 petunt
625 724 789 816 spiritum
805 725 982 809 veritatis,
1006 739 1082 797 toto

82 841 234 920 pectore
250 829 483 900 adversentur
497 827 628 897 teiihus
645 827 862 916 imposturis.
912 822 1009 896 Deus
1024 839 1081 896 ta·

82 953 175 1000 rnen
191 929 346 1000 servabit
359 924 571 1010 Ecclesiam,
595 927 747 1015 depellet
762 924 915 1010 Turcse,
939 940 1082 1016 propter

83 1028 305 1107 Ecclesiam,
345 1052 419 1098 non
452 1043 601 1119 propter
638 1027 767 1116 impios
797 1040 833 1100 et
863 1026 1081 1101 idololatres.

84 1129 190 1200 Haec
204 1130 362 1202 breviter
376 1124 445 1209 hoc
460 1129 520 1201 die
535 1129 712 1207 mompda
728 1141 823 1212 sunt
848 1140 889 1198 ut
903 1122 988 1199 haec
1003 1151 1079 1198 mo-

84 1231 169 1302 nita
182 1227 318 1302 Christi
332 1230 505 1321 recipiant
518 1229 589 1320 pii,
614 1242 648 1302 et
661 1249 732 1308 una
748 1227 951 1301 invocentur
964 1225 1078 1300 Deum

84 1345 237 1424 propter
266 1327 420 1420 Filium,
452 1344 485 1401 et
514 1342 673 1420 petamus
701 1326 876 1418 Spiritum
906 1343 1080 1413 sonuum,

84 1433 183 1502 sicut
205 1431 383 1522 promisit:
409 1430 513 1503 Pater
538 1453 636 1501 meus
657 1429 817 1502 coelestis
840 1429 940 1509 dabit
962 1429 1079 1522 Spiri-

83 1547 168 1604 tum
182 1545 344 1604 sanctum
360 1531 570 1624 petentibus.

424 1813 585 1907 concio
611 1783 741 1929 Petri,

473 1976 645 2049 Actorum
654 1979 697 2050 ί.

140 2125 260 2200 Stans
292 2136 413 2201 nutem
440 2119 570 2200 Petrus
599 2151 679 2198 cum
709 2121 896 2214 undecim,
926 2121 1077 2200 elevavit

195 2253 310 2300 uocem
339 2253 465 2312 suam,
500 2237 532 2297 et
556 2225 772 2298 locutusest
796 2228 866 2298 eis:
903 2225 994 2302 Viri
1011 2233 1076 2299 Iu-

194 2326 299 2417 daei,
325 2339 357 2401 et
372 2327 439 2426 qui
452 2323 636 2399 habitatis
649 2327 885 2400 Hierusalem
903 2325 1075 2416 universi,

192 2425 263 2502 lsoc
293 2429 395 2501 vobis
422 2439 546 2500 nolum
572 2429 641 2511 sil,
674 2439 705 2499 cl
731 2427 887 2502 auribus
905 2429 1075 2528 percipile

193 2531 302 2602 verba
322 2555 415 2605 men.
466 2523 555 2604 Non
573 2529 672 2600 enim
692 2529 786 2600 sicut
803 2555 863 2601 vas
880 2530 1074 2602 existima-

192 2633 244 2704 tis
268 2627 313 2712 lsi
329 2628 427 2706 ebrii
446 2640 657 2716 sunt,‚euns
676 2630 729 2705 sit
748 2627 843 2702 leora
865 2629 942 2702 diei
953 2631 1073 2707 tertia.

642 145 721 229 su
770 139 1170 226 amarum
1195 141 1246 222 ss
1262 71 1576 225 ¹ressensis.
1704 107 1711 112 ’

2043 160 2120 239 500

1238 317 1391 390 nsm'in
1410 311 1598 416 conspeetu
1620 317 1706 410 meo'
1717 328 1878 418 semper,
1888 322 2076 420 'puniam
2095 355 2121 404 u

1238 415 1381 490 dextra
1404 429 1456 490 est
1480 414 1593 502 milti,
1618 443 1664 490 ne
1683 431 1917 499 eommovear.
1968 419 2123 523 Propter

1234 513 1305 590 lsoc
1331 519 1512 592 laetatum
1541 529 1593 592 est
1622 545 1849 610 cormeum,
1879 533 1912 596 et
1940 526 2119 600 exultavit

1238 618 1373 716 lingua
1395 644 1496 709 mea,
1522 622 1672 720 insuper
1683 633 1716 694 et
1733 649 1820 697 caro
1834 648 1914 696 mea
1931 629 2118 726 requiescet

1240 722 1282 792 in
1302 747 1375 819 spe.
1421 722 1610 820 Quoniam
1624 735 1699 795 non
1714 723 1940 825 derelinques
1954 729 2118 798 antinum
2158 775 2168 792 ι

1240 849 1358 894 meam
1380 825 1418 894 in
1440 825 1608 925 inferno,
1635 849 1698 897 nec
1712 821 1822 900 dubis
1835 837 2002 900 sanctum
2017 839 2117 900 tuum

1237 921 1354 996 videre
1385 927 1658 1024 corruptionem.
1718 923 1844 1002 Notus
1865 930 1996 1027 fecesti
2020 925 2118 1000 milti

1235 1028 1316 1098 vias
1337 1025 1449 1110 vitoe,
1475 1023 1630 1125 replebis
1644 1053 1700 1100 me
1715 1025 1941 1102 incunditate
1955 1052 2031 1100 cum
2041 1029 2115 1128 sa·

1234 1127 1285 1198 cie
1299 1136 1377 1203 tua.

1130 1277 1136 1284 -
1187 1221 1277 1298 Viri
1288 1228 1458 1328 fratres,
1486 1226 1594 1302 liceat
1611 1226 1788 1304 audenter
1803 1227 1913 1304 elicere
1925 1225 1980 1298 ad
1994 1254 2055 1302 vos
2070 1227 2113 1302 de

1230 1325 1450 1426 patriarcha
1472 1329 1625 1421 David,
1656 1334 1833 1433 quoniam
1865 1343 1892 1404 et
1917 1325 2111 1428 defunctus

1234 1440 1304 1516 est,
1340 1441 1372 1504 el
1395 1431 1559 1530 sepultus
1582 1443 1654 1520 est,
1684 1445 1716 1507 el
1736 1431 1938 1534 sepulcrum
1961 1431 2037 1502 eius
2059 1442 2112 1502 est

1123 1549 1126 1554 ·
1233 1527 1341 1626 apud
1358 1557 1424 1607 nos
1440 1559 1552 1633 usque
1567 1535 1609 1611 in
1623 1529 1839 1608 hodiernum
1857 1526 1963 1607 diem.
2015 1525 2111 1603 Pro-

1230 1627 1343 1730 pheta
1358 1635 1474 1728 igitur
1489 1661 1570 1708 cum
1582 1646 1694 1720 esset,
1719 1647 1751 1712 et
1764 1634 1883 1718 sciret,
1907 1633 1997 1731 quia
2014 1632 2110 1706 iure-

1233 1732 1394 1806 iurando
1416 1736 1574 1809 iurasset
1591 1735 1655 1811 illi
1669 1735 1788 1820 Deus,
1811 1728 1855 1804 de
1863 1732 1996 1836 fructu
2012 1731 2109 1806 lum-

1155 1923 1159 1930 ·
1233 1833 1362 1906 borum
1381 1835 1457 1908 eius
1479 1835 1599 1912 sedere
1618 1858 1728 1938 super
1742 1829 1860 1906 sedern
1880 1837 2110 2005 eius‚hprae-

1231 1935 1356 2006 videns
1379 1936 1522 2010 locutus
1543 1949 1595 2012 est
1616 1935 1659 2008 de
1681 1935 1932 2016 rusurrectione
2011 1939 2109 2030 risti,

1231 2034 1334 2134 quod
1351 2061 1462 2134 neque
1478 2037 1669 2110 derelictus
1678 2031 1738 2106 esl
1745 2035 1784 2120 in
1800 2035 1969 2133 inferno,
1995 2063 2109 2136 neque

1232 2159 1319 2208 coro
1334 2135 1413 2208 eius
1427 2135 1519 2210 vidit
1536 2135 1803 2238 corruptionem.
1853 2135 1964 2209 Hunc
1980 2135 2107 2210 Iesum

1231 2238 1457 2313 resuscitavit
1477 2237 1603 2324 Deus,
1631 2236 1733 2308 euius
1760 2261 1883 2310 annes
1911 2248 2015 2334 testes
2041 2264 2107 2313 su-

1227 2363 1321 2416 mus.
1375 2336 1546 2412 Dextera
1577 2334 1688 2434 r'pitur
1717 2333 1795 2410 Dei
1822 2336 2032 2422 exaltatus,
2072 2351 2104 2412 et

1224 2439 1464 2536 promissione
1481 2439 1639 2540 Spiritus
1655 2438 1776 2512 sancti
1787 2449 1930 2537 accepta
1947 2467 1972 2509 a
1986 2451 2106 2538 putre,

1224 2535 1357 2712 effebdit
1391 2537 1459 2616 loc
1490 2541 1641 2631 domm,
1686 2535 1788 2637 quod
1819 2565 1880 2614 vos
1912 2538 2040 2613 vidctis
2071 2553 2103 2614 et

1227 2666 1278 2710 au
1306 2641 1381 2719 ilis.

190 2728 271 2819 Sed
281 2727 363 2811 ‚hoo
377 2741 448 2817 est,
474 2727 573 2829 qrsod
595 2728 731 2802 dictum
752 2741 804 2802 est
826 2756 892 2828 per
910 2727 1073 2831 Prophe*

192 2845 271 2917 ,am
282 2831 381 2906 [ὥς
409 2831 464 2905 Ε,
479 2833 546 2901 mp
562 2832 602 2902 ἡ,
617 2833 826 2904 ngmis
842 2831 988 2918 diebus,
1014 2830 1070 2904 dp
1226 2789 1360 2866 Concio
1388 2791 1488 2871 Petri
1512 2807 1584 2868 tota
1614 2796 1771 2870 continet
1801 2801 1873 2868 tres
1898 2797 2103 2892 praecipuas

1223 2917 1345 3068 hrima
1367 3013 1418 3072 est
1440 2999 1570 3072 dictum
1594 2993 1717 3079 tostis,
1741 2999 1927 3071 continens
1949 3000 2103 3091 promis-

193 2935 241 3008 cit
250 2933 453 3013 Dominus,
481 2927 693 3032 Effundam
710 2930 752 3004 de
767 2934 901 3028 spiritu
917 2959 995 3007 meo
1007 2961 1073 3005 su·
1124 2907 1222 2988 Ρπίε

193 3058 260 3135 per
281 3057 422 3108 ornnem
439 3057 596 3110 carnem.
648 3031 703 3104 Er
717 3027 1075 3130 prophetabunefilii
1142 3095 1152 3116 ,

194 3135 305 3211 mm·
328 3146 360 3206 a
388 3131 504 3229 filiu
529 3143 685 3220 mma,
726 3143 758 3206 ιι
793 3135 937 3206 mem
966 3136 1076 3207 mm
1122 3118 1259 3167 sionem
1284 3098 1439 3191 Spiritus
1466 3097 1593 3182 sancti,
1624 3111 1659 3170 et
1683 3100 1808 3170 salutis
1833 3114 2102 3192 aeternsepro-

194 3237 349 3316 visiones
371 3231 542 3311 videbunt
550 3287 561 3318 ,
588 3244 620 3306 et
633 3233 789 3308 'seniores
806 3237 916 3306 vestri
925 3237 1073 3308 somnia
1124 3197 1238 3288 prim
1263 3201 1351 3269 ¹¹⁰Vi
1375 3199 1597 3272 Mummii·
1656 3198 1817 3270 Primum
1841 3201 1949 3293 385²OE
1969 3201 2102 3272 limfi-

1124 3300 1259 3370 buntur
1273 3302 1438 3373 beneficia
1452 3298 1536 3366 novi
1548 3297 1778 3373 Testamenti.
1894 3343 1899 3355 ’

194 3337 444 3414 somniabunt.
498 3335 551 3409 Et
568 3335 963 3434 qurdcmsuperscrvos
977 3361 1074 3411 meos
1225 3415 1385 3486 secunda
1408 3435 1483 3506 pm
1499 3426 1569 3499 m,
1594 3411 1729 3487 Contio
1745 3417 1919 3490 demum
1934 3432 2102 3490 amur,

194 3449 227 3509 et
254 3435 419 3510 ancillas
442 3461 542 3511 meas
567 3437 606 3506 in
630 3433 757 3508 dicbus
777 3434 857 3508 illis
881 3433 1073 3542 effundam
1198 3514 1208 3533 .
1388 3518 1397 3535 ,
1536 3513 1545 3533 ,
1884 3519 1893 3538 ,
2088 3519 2099 3540 ,

193 3537 239 3612 de
258 3538 393 3636 spirim
415 3563 512 3624 mm,
544 3546 576 3608 α
596 3533 888 3634 prophewhm,
920 3549 953 3610 ιι
977 3537 1074 3611 dabo
1125 3529 1278 3586 rectione
1293 3515 1458 3598 Mesene,
1484 3538 1546 3606 qus
1563 3527 1613 3584 est
1629 3540 1730 3587 causa
1747 3519 1998 3591 beneficiorum
2014 3545 2102 3592 novi

191 3638 367 3737 prodigia
387 3641 427 3710 ,ᾗ
443 3637 539 3711 ,0310
552 3662 718 3724 smum,
742 3645 774 3707 ιν
790 3638 902 3733 sign„
917 3639 959 3710 ὁ,
974 3649 1072 3712 mm
1124 3615 1349 3688 Testamenti.
1391 3606 1527 3706 Estque
1542 3611 1600 3687 hie
1614 3617 1712 3689 locus
1726 3621 1976 3709 testimonium,
2003 3625 2101 3716 qnod

195 3739 384 3823 demum,
410 3739 628 3834 sanguinem
644 3749 676 3809 ,ι
693 3740 830 3834 ignem,
856 3751 888 3811 α
905 3765 1072 3839 ,apum
1125 3711 1182 3789 hic
1199 3716 1291 3789 lesus
1306 3717 1350 3787 sit
1365 3713 1534 3802 Messias,
1559 3719 1641 3812 quia
1658 3722 1849 3793 resurrexit
1862 3747 1881 3794 a
1895 3725 2055 3799 mortuis.

190 3843 302 3941 sumi.
346 3839 417 3914 Sol
428 3849 648 3914 convertetur
660 3845 701 3910 in
713 3839 890 3928 tenebras,
917 3839 1072 3916 etLuna
1224 3835 1336 3908 'l'ertia
1352 3857 1451 3926 pars,
1477 3835 1522 3906 de
1535 3838 1793 3931 applicatione,
1819 3845 2000 3936 quomodo
2015 3837 2100 3916 haec

194 3946 234 4015 in
256 3942 495 4037 sanguinem,
527 3951 726 4040 anlaquurn
748 3943 867 4014 venial
890 3940 969 4015 dies
989 3944 1073 4016 Do-
1125 3936 1284 4008 beneficia
1314 3936 1400 4004 novi
1427 3933 1665 4019 Testamenti.
1708 3955 1804 4030 parta
1840 3967 1902 4032 ptr
1931 3943 2099 4014 Messium

193 4041 291 4116 mini
325 4067 485 4137 magnus
521 4052 552 4112 et
586 4042 822 4141 manifestus.
897 4041 951 4116 Et
988 4048 1073 4118 erit:
1124 4057 1390 4126 consequamur,
1422 4037 1600 4108 videlicet:
1633 4035 1737 4128 Agite
1760 4043 2032 4133 poenitentiam,
2065 4059 2100 4118 et
2163 4083 2170 4094 s

193 4139 330 4218 Omnis
359 4144 562 4242 quicunque
590 4142 809 4214 invocaverit
841 4170 969 4218 nomen
989 4145 1073 4220 Do-
1123 4138 1312 4230 bvptlfflut
1328 4139 1571 4230 ssssussqulsque
1588 4140 1626 4208 5¹¹
1643 4142 1789 4211 ¹10ml¹¹e
1804 4139 1955 4230 Christi,
1981 4150 2023 4214 td
2043 4171 2100 4216 re-

192 4245 306 4332 mini,
330 4243 459 4318 salvus
478 4245 560 4318 erit.
1122 4235 1318 4308 mistionem
1343 4251 1583 4328 peccatorum,
1608 4253 1644 4314 et
1663 4243 1809 4335 accipite
1829 4245 1963 4316 donum
1982 4245 2099 4342 Spiri-

144 4346 239 4424 Viri
267 4343 485 4428 israelitae,
518 4341 645 4418 audite
675 4343 783 4416 verba
811 4341 917 4430 laec,
949 4346 1072 4422 Iesum
1123 4335 1313 4412 tursancti.

192 4445 436 4524 Nazarenum
464 4445 583 4518 virum
614 4443 858 4543 approbatum
880 4473 907 4518 a
926 4445 1012 4520 Deo
1033 4450 1073 4520 in
1214 4447 1337 4538 Longa
1368 4451 1492 4522 concio
1522 4467 1591 4540 est,
1622 4471 1656 4531 et
1685 4457 1976 4552 locupletissime,
2007 4485 2097 4557 quae

196 4548 317 4634 velia,
357 4546 571 4632 virtutibus,
609 4556 641 4618 el
671 4543 857 4642 prodigiis
884 4550 1074 4644 el‘signis,
1120 4566 1187 4618 aon
1214 4563 1328 4639 potest
1351 4553 1470 4640 paucis
1494 4567 1567 4627 tota
1592 4560 1760 4630 enarrari.
1809 4560 1957 4636 Prodest
1978 4577 2098 4635 autem

197 4673 293 4751 quae
308 4648 404 4749 fecit
421 4647 528 4719 Deus
546 4670 611 4742 per
630 4643 741 4718 illum
765 4647 806 4717 in
822 4644 941 4719 medio
956 4650 1074 4732 vestri,
1124 4649 1198 4722 tales
1216 4649 1311 4719 locos
1325 4670 1426 4740 saepe
1441 4657 1604 4728 meditari
1619 4663 1663 4730 sd
1679 4661 1841 4732 alendam
1858 4667 2097 4756 cognitionem

194 4754 290 4826 sieut
303 4749 420 4834 scitis,
445 4743 543 4820 hunc
558 4741 723 4838 definitio
736 4746 900 4832 consilio,
925 4757 957 4820 et
966 4773 1075 4847 prae-
1123 4751 1364 4822 teneticiorum
1382 4747 1535 4838 Christi,
1561 4775 1596 4830 et
1617 4760 1892 4834 confirmandam
1908 4767 2036 4846 tidem,
2063 4773 2099 4830 et

194 4852 316 4926 sentia
331 4847 607 4937 Deitroditum
627 4873 692 4946 per
710 4873 842 4922 monus
863 4849 1074 4949 iniquorum
1123 4853 1155 4921 at
1186 4851 1404 4921 excitandam
1434 4856 1624 4945 gratiarum
1653 4859 1847 4950 actionem,
1877 4877 1912 4935 et
1931 4861 2099 4934 ditectio·

195 4949 392 5054 affigentes
415 4949 660 5023 interemistis.
712 4947 1076 5048 QuemDeussusci·
1124 4977 1194 5024 rem
1210 4973 1288 5043 erga
1306 4951 1433 5024 Deum.
1485 4955 1569 5029 Ideo
1585 4961 1737 5053 primum
1751 4960 1907 5035 breviter
1922 4965 1965 5034 de
1978 4961 2101 5053 prima
2149 5021 2159 5030 .

195 5056 302 5145 tavit,
327 5049 460 5126 solutis
475 5045 666 5137 doloribus
680 5051 836 5149 inferni,
855 5047 1078 5151 iuxtaquod
1122 5065 1211 5144 perte
1233 5055 1414 5125 contionis
1429 5054 1525 5130 Petri
1544 5062 1721 5146 dicsrmn,
1748 5065 1929 5147 videlieet,
1956 5065 2001 5130 de
2016 5083 2102 5147 gra-

197 5152 424 5250 impossihile
446 5162 529 5231 erat.
548 5153 662 5224 tenui
675 5150 790 5242 ‚suum
811 5151 861 5222 oh
884 5177 936 5228 eo.
985 5151 1074 5226 Da-
1117 5155 1161 5226 tia
1189 5153 1276 5224 novi
1305 5153 1540 5246 Testamenti,
1579 5177 1615 5236 ct
1643 5167 1688 5238 ds
1703 5165 1912 5237 donatione
1940 5159 2104 5252 Spiritus

168 5253 377 5349 ‚vitlenlm
398 5249 485 5330 dicit
502 5255 543 5329 in
559 5278 654 5328 eum:
679 5248 924 5331 Providcbnm
938 5251 1069 5330 Dor-1¹-
1115 5253 1232 5350 saoeti.
1811 5275 1813 5280 ·
