4620 5814
243 174 320 257 aaa
497 201 503 210 -
696 191 756 246 ,-
840 163 967 244 aare.
994 162 1111 246 uun.
1137 129 1676 246 semera-exuemus.
1715 228 1737 254 .,
1827 171 1859 183 ··
2186 175 2253 250 aaa

254 348 404 422 veniunt
425 345 515 416 inse
539 340 645 417 etiam
660 337 902 426 infirmitates,
926 351 961 412 et
982 339 1154 414 libentius
1175 363 1233 411 ess
1285 365 1391 414 mo
1429 343 1541 433 possit
1576 365 1638 414 eos
1662 367 1810 435 prorsus
1841 344 1992 414 extrue?
2037 343 2252 435 Respondeo:

254 455 426 528 fatentur,
453 460 487 520 et
504 458 628 538 petunt
645 442 818 514 aeniama
836 438 932 526 Deo,
957 455 992 514 et
1012 443 1058 512 ab
1074 438 1233 514 homini·
1285 441 1382 515 Haec
1409 443 1504 514 dicta
1525 439 1660 514 Christi
1684 468 1758 515 non
1783 463 1864 518 snut
1889 446 2048 530 inutilia,
2080 450 2160 540 quia
2181 461 2254 516 sunt

255 557 332 624 bus.
384 550 424 622 Si
448 549 538 618 alter
561 570 635 616 non
660 545 735 614 vtrlt
758 543 998 624 reconciliari,
1031 558 1150 634 postea
1173 559 1234 616 tras
1287 545 1567 636 praedicationes
1595 547 1853 638 poenitentiae,
1892 562 1932 618 ut
1963 549 2055 627 dixi,
2100 549 2173 618 vult
2199 571 2255 616 nos

256 650 471 727 conscientia
502 663 553 720 est
581 660 760 732 excusata,
805 645 836 714 si
865 646 994 736 petiisti
1026 647 1235 718 reconcilia·
1287 645 1383 720 Deus
1404 668 1610 735 agnoscere,
1636 652 1730 740 qrtod
1756 650 1867 718 sinrns
1888 652 1990 718 mersi
2016 650 2053 717 in
2079 665 2255 747 peecatum,

258 759 408 834 tionem,
434 753 534 824 Deus
556 748 622 822 erit
645 747 769 830 iudex,
796 761 831 818 ct
847 750 962 826 tradet
982 747 1086 818 illum
1108 750 1236 840 impls-
1287 749 1395 820 atrei
1417 749 1563 840 peccati.
1619 746 1667 820 Et
1692 751 1768 821 vult
1790 773 1856 820 nos
1878 753 2016 834 dolere,
2042 765 2077 820 et
2101 775 2170 820 raon
2190 773 2256 817 esse

258 857 407 930 rabilem
423 867 458 924 et
481 851 655 923 furiosum
678 844 861 921 hominem
884 849 1021 934 lictori,
1048 850 1111 944 qui
1133 851 1237 938 ducet
1287 851 1420 920 ferreos
1443 861 1478 921 et
1500 874 1658 934 securos,
1694 854 1795 945 quasi
1825 853 1935 921 sinnas
1963 853 2048 922 iusti
2078 863 2111 920 et
2141 850 2255 920 nrundi

257 951 390 1029 eumin
410 976 593 1032 carcerem.
764 951 769 958 '
1288 965 1409 1022 nostra
1431 954 1625 1036 munditie,
1664 967 1696 1022 et
1719 957 1796 1024 vult
1829 979 1893 1023 aros
1923 977 2089 1047 quaerere
2113 950 2257 1041 gratiam,

357 1055 453 1127 Haec
473 1053 635 1126 doctrina
660 1078 733 1123 non
755 1053 869 1124 solum
891 1053 1057 1122 discenda
1079 1066 1150 1132 est,
1175 1055 1235 1122 sed
1289 1068 1325 1125 et
1347 1053 1491 1122 credere
1521 1056 1617 1144 quod
1648 1069 1792 1146 propter
1821 1056 2050 1126 mediatorem
2083 1057 2184 1122 detur
2208 1073 2256 1118 re

126 1151 131 1178 ι
259 1158 362 1232 etiam
377 1158 416 1228 in
432 1158 503 1226 vita
520 1158 720 1226 exercenda.
775 1153 912 1224 Multae
931 1154 1237 1224 internosoffen-
1289 1153 1411 1226 missio
1428 1167 1668 1244 peccatorum,
1693 1170 1727 1226 ct
1744 1173 1949 1248 reputemur
1965 1157 2062 1228 iusti.

258 1263 374 1333 aiones
405 1259 589 1340 incidunt,
630 1251 694 1325 has
716 1254 853 1326 debetis
877 1278 1019 1340 sanare,
1058 1270 1093 1326 et
1115 1269 1238 1326 mutua
1391 1251 1439 1324 Et
1466 1259 1609 1348 quando
1632 1281 1753 1325 sumus
1775 1257 1936 1327 conversi
1961 1259 2006 1327 ad
2029 1255 2161 1332 Deum,
2190 1251 2257 1318 vult

258 1361 546 1435 reconciliatione
570 1358 692 1430 iuvare
721 1367 943 1428 communem
970 1381 1107 1448 pacem,
1149 1358 1239 1426 sicut
1289 1378 1356 1426 nos
1371 1357 1511 1426 frenare
1529 1372 1670 1427 nostms
1686 1374 1811 1440 motus,
1835 1360 1960 1427 et·vult
1975 1379 2043 1426 nos
2059 1379 2133 1425 non
2147 1365 2256 1422 contra

257 1481 291 1537 et
308 1461 456 1536 lacobus
479 1463 568 1530 bene
589 1459 722 1551 inquit:
749 1455 975 1529 Confitemini
991 1459 1140 1528 invicem
1159 1482 1238 1547 pec·
1290 1457 1540 1528 conscientiam
1553 1460 1783 1550 polluercuns
1793 1460 2005 1529 scortatione
2015 1460 2071 1529 vel
2079 1451 2257 1526 adulteriis.

259 1579 333 1638 csta
358 1578 484 1635 vestra.
540 1557 599 1632 Tu
631 1555 740 1632 hebes
771 1573 928 1652 peccata,
958 1556 1069 1630 habeo
1099 1573 1133 1630 et
1164 1582 1239 1646 ego.
1390 1557 1493 1629 Hane
1510 1561 1709 1630 doctrinam
1725 1562 1768 1629 de
1785 1574 1946 1652 peccato,
1971 1560 2102 1649 gratia,
2127 1569 2255 1625 etnova

258 1665 337 1758 Ego
353 1665 421 1738 tibi
442 1664 626 1746 condono,
652 1660 711 1732 Tu
728 1676 762 1732 et
778 1655 866 1730 mihi
881 1663 1080 1732 condonato
1097 1678 1240 1752 propter
1263 1663 1267 1726 l
1291 1655 1491 1730 obedientia
1520 1684 1623 1752 saepe
1652 1661 1739 1732 alias
1765 1661 1909 1733 auditis.
1967 1659 2017 1732 Et
2042 1660 2145 1730 debet
2169 1654 2257 1723 vobis

257 1771 391 1850 Deum,
407 1780 440 1837 et
456 1776 603 1858 propter
619 1763 811 1836 Dominum
829 1776 987 1832 nostrum
1005 1759 1119 1832 lesum
1134 1757 1240 1833 Chri·
1264 1747 1267 1836 ἶ
1290 1762 1458 1830 omnibus
1475 1778 1556 1833 nota
1572 1785 1656 1832 esse.

259 1885 371 1955 stum,
404 1869 487 1961 quia
518 1861 605 1936 haee
634 1878 684 1934 est
715 1865 879 1936 voluntas
901 1859 988 1946 Dei,
1027 1879 1067 1936 ut
1090 1864 1128 1932 in
1156 1839 1268 1978 pace}
1394 1860 1461 1932 Hic
1484 1863 1590 1933 etiarn
1613 1865 1706 1934 addo
1736 1865 1879 1932 brevem
1903 1863 2180 1935 admonitionem
2202 1875 2256 1944 pro

258 1985 379 2042 mutua
396 1970 568 2038 vivamus.
1293 1961 1505 2034 iunioribus.
1578 1965 1713 2036 Scitote
1752 1965 1926 2034 adulteria
1965 1980 2000 2037 et
2046 1959 2258 2034 scortationes

360 2065 450 2143 Non
466 2059 725 2140 moechaberis.
778 2063 864 2160 Ego
887 2073 1009 2136 aulem
1033 2059 1114 2136 dico
1130 2015 1268 2150 vullai,
1293 2085 1417 2152 magna
1434 2080 1572 2156 peccata
1590 2091 1676 2152 esse,
1696 2065 1854 2137 etaDeo
1867 2067 1945 2146 sine
1960 2069 2038 2136 ullo
2053 2058 2258 2134 dubitatione

258 2168 359 2273 qtaod
371 2169 511 2255 omnis,
531 2167 597 2268 qai
611 2161 705 2236 videl
723 2166 910 2238 mulierem
924 2163 980 2239 od
990 2165 1240 2266 concupiscen·
1264 2241 1267 2248 ⁴
1294 2165 1430 2252 magnis
1463 2170 1588 2258 poenis
1619 2169 1759 2258 puniri,
1807 2169 1888 2259 {tofi
1908 2166 2008 2242 ‘uolt
2038 2173 2142 2262 genet
2168 2157 2257 2238 laub
2293 2240 2294 2254 χ

259 2272 346 2347 dam
361 2297 463 2359 eom,
487 2271 564 2341 iam
580 2262 790 2340 moechatus
812 2277 863 2338 est
880 2268 920 2337 in
938 2265 1135 2343 sordesco.
1265 2261 1266 2264 ¹
1292 2265 1411 2354 &leth
1439 2270 1504 2342 aab
1527 2271 1577 2344 bie
1591 2271 1710 2358 ssbtttt
1733 2267 1867 2361 iltufftt.

359 2375 443 2449 Dixi
461 2397 584 2465 supra,
610 2394 718 2464 quare
740 2367 825 2442 haee
843 2371 1020 2440 enarratio
1034 2367 1238 2460 Decalogia
1396 2365 1448 2438 De
1474 2365 1530 2440 lais
1553 2373 1674 2462 poenis
1695 2375 1848 2464 primum
1872 2371 1961 2440 dicit
1983 2389 2141 2461 expresse
2160 2371 2258 2432 textus

103 2571 105 2578 y
179 2494 184 2505 ‘
259 2475 400 2552 Christo
424 2474 601 2568 prdposita
625 2472 693 2556 sit,
723 2473 854 2543 scilicet
876 2471 959 2566 quia
988 2483 1041 2540 est
1067 2471 1240 2562 interpres
1264 2502 1266 2514 Α
1291 2470 1336 2536 ad
1367 2466 1540 2541 Ebraeos:
1584 2473 1802 2544 Scortatores
1835 2487 1868 2543 et
1894 2473 2078 2542 adulteros
2107 2459 2259 2536 iudicabit

259 2581 364 2671 legis,
390 2590 424 2648 et
439 2575 657 2668 praedicator
678 2571 938 2664 poenitentiae,
964 2585 999 2643 et
1022 2571 1099 2642 vult
1119 2587 1240 2644 osten-
1263 2529 1267 2614 l
1291 2567 1400 2643 Deus.

259 2683 343 2754 dere
364 2701 431 2750 nos
453 2699 576 2747 omnes
598 2696 677 2746 reos
691 2697 784 2759 esse,
807 2688 841 2746 et
861 2667 992 2744 habere
1014 2689 1175 2765 peccata,
1200 2688 1241 2746 ut
1263 2621 1268 2768 l
1392 2669 1439 2742 Et
1451 2670 1601 2744 Levitici
1621 2675 1680 2748 ts.
1696 2675 1829 2745 dicitur
1844 2677 1887 2741 de
1904 2674 2074 2743 omnibus
2089 2657 2258 2768 prohibitis

258 2784 377 2873 agnita
394 2783 447 2852 ira
464 2778 553 2862 Dei,
579 2771 824 2866 confugiamus
836 2778 878 2844 ad
895 2775 1055 2864 gratiam,
1076 2787 1110 2845 et
1126 2775 1240 2844 disca·
1264 2772 1267 2885 ζ
1292 2771 1410 2841 modis
1423 2777 1734 2848 communionum:
1771 2773 1902 2846 Omnis
1918 2777 2038 2844 anima
2054 2795 2142 2866 quae
2155 2759 2258 2836 fecerit

257 2908 336 2956 mus
354 2885 459 2954 sliam
477 2880 650 2950 iusticiam
673 2878 778 2956 nobis
794 2875 1010 2970 propositam
1033 2897 1125 2962 esse,
1155 2900 1239 2968 pro·
1264 2901 1266 2910 ’
1292 2872 1380 2942 tales
1410 2875 1713 2963 abominationes,
1754 2879 1884 2969 peribit
1917 2879 1963 2945 de
1992 2875 2109 2945 medio
2140 2861 2256 2960 populi.

257 2984 400 3055 missam
417 2995 561 3075 propter
575 2977 708 3049 Filium
724 2975 801 3065 Dei,
818 2994 851 3050 et
870 3000 935 3047 nos
950 3001 1024 3047 non
1041 3001 1114 3048 esse
1129 2979 1241 3055 iustos
1264 3027 1266 3035 .
1291 2971 1475 3046 Custodite
1492 2981 1655 3051 mandata
1672 3003 1764 3058 mea,
1793 3005 1836 3046 ne
1853 2993 1942 3047 terra
1961 3003 2024 3047 vos
2046 2983 2198 3051 evomat,
2219 2961 2258 3030 εἰ·

259 3087 466 3179 impletione
483 3081 580 3171 legis.
1264 3089 1267 3140 t
1293 3088 1353 3146 cut
1369 3079 1526 3149 evomuit
1546 3094 1684 3170 gentes,
1713 3105 1802 3176 quae
1820 3081 1917 3169 prius
1933 3081 2016 3149 talia
2033 3081 2195 3148 fecerunt.

359 3181 409 3258 Et
432 3204 574 3254 exorsus
592 3195 643 3252 est
655 3178 834 3250 Dominus
855 3203 874 3248 a
892 3181 1032 3251 duobus
1053 3183 1241 3264 mandatis,
1264 3147 1268 3242 l
1395 3177 1468 3249 Nec
1494 3181 1657 3252 dubitare
1689 3184 1843 3262 debetis,
1879 3181 1969 3278 (urin
1991 3179 2087 3249 Datis
2111 3169 2204 3243 bellis
2230 3175 2259 3230 tl

259 3311 350 3381 quae
373 3283 555 3356 manifeste
580 3283 799 3352 convincunt
827 3302 910 3364 nos,
943 3305 1023 3351 curn
1049 3284 1242 3378 loquantur
1265 3363 1267 3373 1
1294 3279 1431 3367 magnis
1455 3285 1712 3354 vastationibus
1736 3285 1861 3378 puniat
1885 3282 2060 3351 adulteria
2091 3291 2125 3348 et
2148 3265 2260 3343 similis

259 3393 306 3461 de
334 3384 548 3460 inordinatis
582 3385 735 3454 flammis
770 3396 803 3452 et
834 3382 1106 3473 cupiditatibus,
1155 3408 1242 3478 quas
1294 3381 1434 3454 delicta.

258 3491 389 3562 sentire
412 3511 535 3558 ornnes
562 3499 597 3557 et
618 3485 775 3556 iudicare
796 3498 960 3576 possunt,
988 3485 1170 3569 videlicet,
1197 3489 1241 3553 «le
1265 3475 1269 3572 l
1392 3478 1531 3573 Scripta
1547 3499 1630 3554 sunt
1644 3487 1748 3554 etiarn
1766 3486 1922 3578 exempla
1937 3486 1979 3554 ad
1991 3481 2146 3571 regeriam
2161 3483 2261 3544 osten-

258 3589 455 3662 invidentia
479 3601 514 3658 et
537 3585 647 3669 odiis,
680 3601 715 3657 et
740 3587 785 3654 de
815 3585 950 3654 illicitis
975 3587 1174 3670 amoribus,
1208 3602 1242 3657 et
1266 3619 1269 3654 ;
1296 3581 1461 3654 dendam.

259 3687 731 3786 cupiditateadulteriorum.
1266 3679 1270 3776 l
1399 3683 1433 3756 1.
1466 3683 1562 3755 Deus
1592 3687 1731 3778 punivit
1762 3689 1938 3757 mundum
1969 3684 2109 3755 diluvio
2137 3685 2261 3772 propter

263 3835 266 3843 ·
364 3791 445 3863 ldeo
461 3785 520 3859 hic
542 3787 642 3859 addit
660 3787 919 3858 enarrationem
941 3781 1025 3858 huic
1049 3804 1244 3879 praecepto,
1267 3779 1269 3815 ³
1295 3783 1480 3859 adulteria.

260 3895 343 3968 Non
365 3887 625 3973 moechaberis,
662 3884 771 3958 banc:
815 3881 946 3958 Omnis
968 3888 1030 3984 qui
1049 3889 1143 3958 videt
1166 3870 1270 3976 rau-l
1397 3889 1432 3959 2·
1466 3887 1622 3958 Sorloma
1653 3890 1851 3980 perierunt,
1898 3902 1932 3960 et
1969 3900 2114 3979 pmpter
2151 3871 2262 3950 staua

259 3998 381 4070 liercm
404 3996 450 4064 ad
470 3991 791 4082 concupiscendum
814 4013 908 4075 eam,
941 3990 1010 4059 iam
1041 3984 1245 4060 moechatus
1267 4000 1270 4041 ἕ
1296 3984 1424 4056 delicta
1451 4013 1546 4060 nunc
1571 4005 1643 4060 tota
1667 3992 1772 4074 Asia,
1799 3989 1996 4084 Aegyptus,
2025 3985 2171 4058 Graecia
2194 3983 2261 4044 sunt

260 4112 323 4174 est.
374 4094 451 4167 Hac
472 4095 709 4165 declaratione
736 4091 906 4176 ostendit,
938 4093 1033 4186 quod
1061 4109 1242 4182 praecepto
1297 4099 1443 4158 vastata.

261 4196 330 4271 Dei
355 4222 430 4268 nou
453 4197 567 4268 solurn
598 4207 740 4264 externa
761 4191 932 4263 adulteris
958 4187 1137 4282 prohibita
1161 4195 1245 4276 sint,
1399 4189 1436 4258 8.
1458 4187 1565 4262 Num.
1585 4191 1647 4264 25.
1678 4189 1778 4260 babet
1794 4189 1891 4261 Deus
1913 4190 2081 4280 suspendi
2107 4179 2262 4280 principes

138 4313 152 4320 ⁶
261 4301 324 4372 scd
340 4301 446 4370 etiam
463 4319 588 4366 omnes
602 4295 797 4365 inordinati
813 4307 941 4365 motus.
973 4289 1020 4363 Et
1037 4297 1132 4386 qnod
1148 4292 1245 4364 Deus
1299 4290 1423 4379 populi
1452 4289 1585 4374 lsrael,
1623 4308 1657 4363 et
1693 4294 1904 4362 occiduntur
1941 4309 2115 4382 praeterea
2152 4279 2261 4366 llll¹¹¹¹

262 4400 349 4472 velit
363 4424 425 4470 cor
446 4421 521 4476 esse
537 4411 690 4475 castum,
718 4411 753 4466 et
774 4395 945 4464 obediens
968 4395 1078 4486 ipsius
1100 4397 1186 4486 legi,
1213 4411 1246 4467 et
1299 4407 1452 4482 quatuor
1469 4393 1579 4461 millia
1598 4389 1802 4476 bonimnn,
1830 4412 1973 4486 propter
1987 4390 2220 4462 scortationes.

262 4523 386 4573 amoos
404 4501 597 4571 castitatem
612 4498 703 4568 sicut
720 4497 794 4586 ipse
808 4512 872 4567 cst.
1395 4490 1482 4560 ltem
1505 4497 1618 4563 tribus
1643 4495 1827 4564 Beniamin
1860 4519 1950 4586 pene
1980 4510 2051 4564 tota
2084 4489 2193 4560 deleta
2212 4487 2262 4552 etl,

367 4597 517 4674 Accusat
534 4601 643 4692 igitur
665 4621 730 4668 nos
754 4621 894 4684 onmes,
919 4598 1015 4689 quod
1042 4621 1113 4666 rtou
1138 4598 1248 4667 simus
1300 4591 1381 4678 qanta
1405 4590 1551 4666 Nobiles
1579 4599 1724 4688 qarialaan
1756 4613 2000 4687 stupraveraut
2022 4595 2164 4667 Levitae
2191 4601 2263 4650 coat-

261 4703 360 4780 sales
1300 4693 1429 4782 iugem.
1485 4751 1488 4758 ,

1175 4804 1181 4812 ’
1405 4791 1490 4866 ltem
1515 4795 1630 4865 David
1663 4812 1806 4890 propter
1828 4799 2040 4867 adulterium
2062 4783 2262 4865 horribiliter

1301 4897 1447 4986 punitus
1469 4911 1533 4969 est.
1591 4895 1637 4970 Et
1660 4901 1749 4970 sicut
1774 4901 1849 4992 ipse
1874 4899 2020 4969 alterius
2043 4897 2107 4966 viri
2133 4903 2260 4962 uxorem

368 5005 439 5078 Hic
461 5002 589 5076 iterum
606 5013 721 5100 potest
743 4999 897 5070 obiicere
922 4995 1030 5069 honio
1053 5004 1246 5072 secundum
1301 4997 1447 5086 polluit,
1475 5000 1521 5068 ita
1546 4999 1698 5070 vicissim
1715 4999 1810 5072 Deus
1833 5001 1992 5093 permisit
2012 4998 2122 5092 pollui
2153 5001 2262 5060 uxores

259 5108 447 5204 politicam
463 5103 688 5197 sapientiam,
710 5100 853 5190 nautes
868 5101 956 5176 {teu
972 5100 1123 5194 tntltlp'elt.
1300 5099 1422 5190 ipsias.
1914 5143 1916 5150 ,

372 5208 492 5298 Quare
507 5208 650 5298 prodest
668 5227 867 5294 proponere
882 5199 1063 5295 praecepta
1084 5204 1248 5297 impossi·
1399 5196 1447 5270 Et
1465 5199 1579 5270 videte
1595 5201 1746 5271 familias
1769 5223 1892 5293 regum
1915 5216 1947 5272 et
1971 5200 2185 5292 principem,
2207 5183 2259 5255 ubi

271 5309 382 5382 bilia?
420 5308 495 5382 Cur
517 5302 752 5400 prohibentur
781 5303 978 5376 inordinati
1006 5319 1141 5388 motus,
1166 5333 1247 5380 curn
1270 5365 1274 5387 ,
1298 5301 1481 5371 manifesta
1500 5303 1657 5392 exempla
1673 5320 1773 5386 sunt,
1799 5305 1894 5400 qrtod
1911 5302 2006 5375 Deus
2023 5301 2123 5396 punit
2138 5297 2259 5388 ptctflll

673 4873 841 4931 obleetto.
