4616 5818
834 125 961 206 euru.
987 126 1102 202 uun.
1136 124 1349 201 semem
1366 75 1680 203 'exscertus

395 299 457 372 lll.
482 299 657 394 Quinque
669 302 773 370 rebus
788 299 949 369 abundat
962 296 1210 389 iusticiaspiri-

443 403 549 472 tualis
570 426 675 492 supra
701 401 920 470 rationalem.
975 403 1007 472 1.
1035 399 1210 469 Ponitcn-

449 503 507 576 tia.
577 506 613 572 2.
648 502 748 576 Fide.
808 503 844 576 5.
877 501 1043 574 Novitate
1067 502 1224 593 spiritus.

443 605 480 677 4.
523 604 750 675 successibus
772 604 810 671 in
835 604 1029 675 vocatione.
1089 598 1125 677 5.
1161 601 1224 672 Vi-

453 706 573 776 ctoriis
588 707 755 776 adversus
770 704 970 774 diabolum.=

394 807 479 879 llll.
514 805 622 894 Quod
653 807 707 876 lex
735 807 893 900 requirat
923 807 1109 900 perlectam
1143 803 1230 874 obe·

449 910 630 982 dientiam.

398 1009 440 1086 V.
468 1010 660 1099 Quomodo
683 1012 816 1101 placeat
836 1004 922 1080 haec
945 1006 1145 1077 obedientia
1173 1005 1230 1074 in-

453 1126 550 1182 coata
567 1126 601 1182 et
615 1112 833 1202 imperfecta.

402 1212 464 1287 Vl.
490 1213 544 1284 De
562 1213 728 1283 vindicta.

398 1311 482 1389 Vll.
514 1313 622 1402 Quod
652 1313 871 1385 ceremoniae
899 1336 973 1382 non
1003 1310 1162 1403 prosint,
1201 1309 1231 1378 si

451 1428 574 1484 contra
614 1415 865 1487 conscientiam
901 1414 1014 1484 violes
1049 1425 1231 1505 praecepta

445 1517 603 1591 moralia.
1038 1543 1041 1546 ·

399 1613 496 1692 vtlt.
525 1619 583 1689 De
598 1618 682 1688 odio
697 1631 732 1688 et
748 1619 792 1690 de
808 1616 1110 1689 reconciliatione.

611 1783 863 1848 nepnma

349 1890 610 1962 Testimonium
643 1890 866 1960 manifestum
896 1902 966 1973 est,
998 1889 1095 1983 quod
1124 1913 1232 1981 opor-

153 2058 157 2066 ,
245 2008 317 2066 teat
350 1997 470 2063 adesse
492 1993 666 2063 iusticiam
690 2015 855 2084 operum,
888 1991 969 2083 quia
993 2013 1099 2082 supra
1124 1991 1229 2063 dicit:

245 2094 326 2166 Non
343 2095 423 2165 veni
442 2095 578 2164 solvere
594 2095 725 2183 legem,
752 2088 861 2166 ethic
883 2093 1034 2185 requirit
1055 2091 1229 2161 iusticiam

245 2198 414 2267 maiorem
431 2196 656 2279 Scribarum,
689 2219 771 2284 ergo
795 2193 991 2286 requiritur
1012 2190 1070 2263 hic
1093 2194 1230 2266 iusticia

211 2338 215 2346 κ
245 2301 360 2369 bonae
382 2297 635 2381 conscientiae,
662 2310 697 2366 et
720 2296 884 2386 amplius.
936 2291 1017 2364 Huc
1042 2295 1233 2386 pertinent,

247 2396 501 2470 ethaecdicta:
536 2397 656 2470 Nolite
670 2419 803 2481 errare,
835 2395 1007 2474 adulteri,
1038 2396 1232 2465 fornicato-

246 2523 321 2586 res,
351 2497 570 2584 homicidae,
596 2522 670 2569 non
685 2497 917 2590 possidebunt
934 2517 1082 2586 regnum
1101 2494 1180 2572 Dei.

574 2667 900 2719 Descoundo

347 2765 479 2846 Extare
499 2773 537 2841 in
553 2771 709 2843 Ecclesia
732 2795 870 2842 necesse
891 2785 942 2843 est
963 2771 1152 2843 discrimen
1174 2773 1231 2842 di-

248 2876 419 2968 sciplinae
434 2874 638 2960 rationalis,
672 2899 760 2968 quae
778 2887 926 2944 vocatur
941 2874 1079 2944 iusticia
1102 2875 1231 2960 carnis,

247 2991 280 3046 et
313 2977 471 3046 iusticiae
506 2975 712 3067 spiritualis.
776 2972 973 3067 Disciplina
1007 2989 1058 3047 est
1090 2977 1231 3047 ratione

246 3081 408 3148 coercere
425 3078 602 3162 membra,
618 3101 662 3148 ne
677 3076 868 3148 admittant
880 3092 1020 3149 externa
1036 3079 1125 3148 facta
1143 3103 1229 3148 con-

246 3193 300 3250 tra
323 3179 432 3268 legem
459 3176 545 3263 Dei,
580 3179 717 3250 etiamsi
741 3203 802 3248 cor
825 3194 876 3251 est
899 3180 975 3248 sine
997 3204 1080 3248 vero
1102 3180 1230 3250 timore

245 3277 334 3365 Dei,
366 3282 441 3351 sine
457 3282 696 3372 poenitentia,
729 3281 808 3351 sine
831 3282 918 3366 fide,
951 3281 1097 3373 plenum
1123 3282 1228 3350 dubi-

245 3382 430 3456 tationum.
491 3380 594 3453 Hanc
626 3383 849 3475 disciplinam
882 3384 1067 3454 tradebant
1100 3378 1227 3453 Phari-

245 3484 334 3571 saei,
369 3498 403 3553 et
429 3487 600 3576 putabant
624 3509 695 3556 esse
720 3486 806 3574 legis
828 3485 1072 3576 impletionem
1115 3498 1148 3555 et
1173 3486 1228 3554 iu-

245 3585 381 3654 sticiam
413 3611 530 3655 coram
553 3587 641 3658 Deo.
698 3585 770 3654 Nec
804 3581 1032 3676 reprehendit
1064 3584 1229 3658 Christus

245 3687 492 3778 disciplinam,
519 3689 578 3755 sed
604 3709 758 3770 errores,
794 3709 883 3779 quos
907 3688 1086 3759 addebant
1101 3684 1250 3758 Pharia

245 3790 334 3874 saei,
363 3801 397 3860 et
412 3790 674 3858 immunditiem
694 3787 910 3859 interiorem.

603 3953 867 4009 Detersso

346 4061 544 4150 Diligenter
573 4063 832 4130 observandum
866 4077 936 4144 est,
968 4061 1099 4154 quibus
1123 4065 1228 4134 rebus

244 4164 399 4232 abundet
429 4164 566 4232 iusticia
592 4163 796 4253 spiritualis.
855 4161 1015 4233 Primum
1042 4167 1228 4255 poeniten·

245 4265 308 4334 tia:
343 4286 479 4332 necesse
495 4278 545 4332 est
562 4265 655 4334 enim
674 4265 711 4332 in
731 4266 836 4332 corde
858 4288 961 4334 veros
983 4289 1129 4356 pavores
1152 4269 1226 4337 exi-

244 4379 334 4434 stere
350 4389 391 4432 er
407 4365 588 4454 agnitione
604 4365 676 4434 irae
693 4364 760 4434 Dei
776 4366 943 4436 adversus
969 4383 1166 4455 peccatum,
1193 4383 1227 4440 et

243 4478 407 4557 agnoscat
423 4490 484 4536 cor
499 4490 571 4536 non
590 4479 725 4536 tantum
742 4479 884 4538 externa
907 4470 1035 4538 delicta
1052 4493 1128 4539 esse
1144 4495 1224 4562 pec-

242 4584 335 4650 cata,
363 4568 421 4636 scd
441 4569 544 4636 etiam
560 4553 799 4638 dubitationes
816 4571 859 4639 de
870 4569 965 4655 Deo,
991 4573 1225 4657 securitatem,

242 4668 496 4747 diffidentiam,
522 4693 690 4762 quaerere
705 4666 859 4740 humana
876 4671 1050 4767 praesidia
1068 4697 1108 4743 ex
1129 4675 1225 4746 dilli-

242 4773 360 4841 dentia
386 4784 418 4840 et
444 4771 663 4858 neglectione
684 4768 763 4845 Dei.
825 4771 911 4844 ltem
933 4773 1146 4865 multiplices
1168 4801 1224 4847 er-

2191 138 2256 212 328

1279 295 2255 397 immmfflmmmmw

1279 403 1378 472 nulla
1396 416 1447 471 est
1465 401 1656 475 invocatio.

1382 501 1505 572 Tertio
1522 505 1682 574 abundat
1698 504 1854 575 novitate
1869 504 2035 596 spiritus,
2062 507 2099 578 id
2115 523 2183 595 est,
2205 510 2255 580 in-

1279 617 1376 676 coata
1401 603 1602 674 obedientia
1626 604 1816 688 interiore,
1843 607 1972 678 timore
1986 606 2073 694 Dei,
2099 611 2184 696 fide,
2206 613 2255 680 di-

1282 706 1453 791 lectione,
1479 705 1722 792 invocatione,
1748 706 1937 797 patientia,
1961 709 2256 797 castitate,amore

1283 809 1460 892 veritatis,
1493 806 1735 879 misericordia
1767 831 1849 898 erga
1879 811 1986 896 alios,
2026 810 2124 884 iuxta
2157 815 2254 884 illud:

1281 909 1355 1001 Qui
1369 909 1496 1000 spiritu
1513 906 1581 979 Dei
1596 923 1766 1000 aguntur,
1792 905 1832 979 hi
1852 929 1937 983 sunt
1953 912 2022 983 tilii
2036 909 2117 990 Dei.

1381 1008 1539 1100 Quarto,
1573 1011 1791 1082 successibus
1820 1012 1979 1086 abundat
2007 1015 2047 1084 in
2073 1017 2255 1098 vocatione,

1280 1111 1397 1184 David
1428 1114 1496 1182 fide
1527 1115 1687 1184 munitus
1710 1137 1765 1183 res
1787 1113 1958 1186 salutares
1980 1131 2015 1187 et
2035 1117 2140 1189 utiles
2165 1121 2254 1209 gerit.

1281 1213 1366 1285 Saul
1382 1215 1464 1310 quia
1482 1214 1559 1284 sine
1572 1217 1640 1284 lide
1655 1228 1728 1300 est,
1745 1239 1819 1283 non
1835 1219 1942 1287 audet
1955 1217 2142 1306 dimicare,
2157 1243 2254 1314 quae-

1281 1317 1329 1388 rit
1345 1315 1494 1386 consilia
1512 1317 1663 1406 magica,
1678 1329 1712 1386 et
1728 1316 1840 1387 multa
1856 1319 2001 1408 negocia
2015 1335 2159 1412 propter
2172 1323 2255 1391 dilli-

1282 1419 1438 1489 dentiam
1452 1420 1666 1510 corrumpit,
1692 1416 1782 1494 sicut
1797 1419 1841 1486 de
1855 1419 1975 1511 impiis
1997 1421 2143 1494 dicitur:
2169 1420 2255 1494 Con-

1282 1521 1380 1592 tritio
1399 1532 1434 1590 et
1446 1520 1634 1590 infelicitas
1649 1520 1688 1588 iu
1706 1519 1773 1589 viis
1788 1543 1922 1590 eorum.
1946 1521 2101 1595 Econtra
2117 1525 2159 1594 de
2170 1525 2254 1593 fideli

1281 1622 1427 1694 dicitur:
1455 1618 1637 1714 Quicquid
1659 1617 1764 1691 faciet
1789 1625 2077 1714 prosperabitur,
2104 1626 2254 1696 videlicet

1282 1724 1321 1792 in
1339 1723 1533 1795 vocatione.

1383 1823 1566 1894 Postremo
1582 1825 1741 1897 abundat
1753 1823 1893 1896 iusticia
1913 1825 2016 1913 lidei,
2039 1827 2124 1921 quia
2145 1828 2254 1898 multi-

1283 1926 1423 2017 pliciter
1453 1925 1564 1998 vincit
1595 1927 1743 1997 insidias
1771 1925 1928 2012 diaboli,
1960 1952 2041 2000 cum
2064 1923 2254 2024 hypocritae

1282 2025 1506 2100 horribiliter
1531 2030 1763 2100 succumbant
1788 2043 1822 2100 et
1854 2043 2072 2114 evertantur.
2133 2031 2254 2102 Succu-

1282 2132 1361 2201 buit
1376 2129 1519 2202 diabolo
1536 2129 1641 2214 Saul,
1674 2128 1789 2200 victus
1806 2131 1890 2200 odio
1914 2144 1949 2202 et
1969 2131 2162 2224 cupiditate
2183 2132 2254 2199 vin-

1282 2233 1415 2318 dictae,
1450 2245 1490 2302 ut
1505 2230 1717 2303 interficeret
1736 2233 1945 2302 sacerdotes.
1996 2233 2190 2306 Succubuit
2203 2231 2254 2304 lu·

1282 2337 1365 2419 das,
1390 2333 1625 2404 succumbunt
1640 2334 1745 2405 multi
1763 2333 1956 2404 dementati
1977 2336 2102 2426 pravis
2124 2335 2253 2426 opinio·

1281 2437 1405 2519 nibus,
1430 2447 1470 2504 ut
1486 2432 1750 2526 Anabaptistae.
1797 2432 1853 2503 De
1867 2435 1999 2506 talibus
2013 2437 2252 2508 certaminibus

1282 2537 1398 2630 inquit
1419 2532 1563 2606 Petrus:
1604 2535 1776 2606 Circumit
1809 2535 1974 2608 diabolus
2007 2551 2176 2633 tanquam
2203 2539 2251 2606 leo

1282 2639 1445 2728 rugiens,
1472 2659 1646 2730 quaerens
1663 2661 1768 2730 quern
1785 2637 1942 2713 devoret.
1987 2635 2182 2731 Diligenter
2195 2639 2250 2728 igi-

1281 2755 1341 2812 tur
1355 2740 1628 2828 considerentur
1639 2733 1676 2808 hi
1695 2743 1842 2830 gradus,
1876 2741 2008 2833 quibus
2028 2744 2183 2814 abundat
2203 2741 2250 2810 iu-

1281 2840 1380 2913 sticia
1396 2840 1592 2934 spiritualis
1608 2864 1714 2932 supra
1729 2841 1954 2934 disciplinam
1971 2844 2185 2916 rationalem.

1624 3037 1914 3101 Dequarto

1381 3140 1450 3212 Hic
1466 3141 1600 3210 clarum
1617 3139 1860 3210 testimonium
1878 3155 1990 3227 extat,
2018 3145 2113 3238 quod
2127 3145 2178 3215 lex
2192 3141 2248 3214 Dei

1280 3243 1456 3338 requirat,
1484 3266 1558 3312 non
1574 3255 1710 3311 tantum
1728 3255 1907 3312 externam
1926 3243 2171 3336 disciplinam,
2198 3245 2247 3314 sed

1279 3349 1469 3440 perfectam
1495 3344 1733 3415 obedientiam
1757 3345 1963 3414 interiorem
1987 3363 2021 3417 et
2043 3349 2247 3419 exteriorem.

1278 3448 1378 3521 Sicut
1395 3445 1526 3516 Paulus
1543 3449 1645 3516 docet
1656 3446 1695 3516 2.
1711 3441 1874 3516 Corinth.
1892 3449 1927 3518 3.
1981 3447 2053 3520 Sed
2071 3451 2171 3520 multi
2185 3471 2247 3517 non

1278 3547 1517 3638 intelligentes
1548 3544 1640 3616 hanc
1679 3546 1977 3637 praedicationem
2014 3551 2247 3642 poenitentiae,

1278 3649 1418 3742 fingunt
1450 3647 1510 3720 hic
1540 3662 1677 3719 tantum
1707 3651 1834 3718 stoicas
1858 3653 2027 3743 quasdam
2051 3649 2247 3749 hyperbolae

1278 3756 1384 3830 tradi.
1442 3750 1517 3822 Cur
1541 3750 1731 3844 inquiunt,
1771 3751 1939 3844 praecipit
1961 3749 2139 3852 Christus,
2170 3773 2247 3846 quae

1278 3880 1391 3926 nemo.
1418 3867 1592 3946 praestare
1621 3864 1755 3942 potest,
1795 3877 1860 3939 an,
1898 3869 1939 3926 ut
1968 3857 2070 3928 stoici
2092 3865 2247 3927 monstrat

1278 3957 1466 4047 imaginem
1485 3954 1625 4024 virtutis
1641 3953 1820 4024 otiosam?
1921 3971 1928 3978 '

1379 4058 1449 4130 Sed
1473 4057 1655 4126 sciendum
1677 4068 1749 4137 est,
1791 4052 1879 4138 haec
1901 4053 2035 4131 Christi
2062 4059 2153 4130 dicta
2179 4077 2244 4125 non

1277 4183 1349 4230 esse
1371 4155 1604 4254 hyperbolas,
1646 4182 1711 4228 nec
1729 4157 1841 4230 stoico
1865 4184 1965 4230 more
1986 4161 2076 4249 dici,
2107 4161 2163 4230 sed
2183 4179 2246 4228 csse

1276 4285 1376 4331 veras
1397 4276 1431 4332 et
1454 4261 1617 4360 proprias
1640 4259 1832 4332 sententias
1856 4262 1980 4332 iudicii
2002 4261 2068 4336 Dei
2092 4265 2245 4334 adversus

1276 4377 1457 4456 peccatum
1481 4358 1631 4431 haerens
1653 4363 1691 4431 in
1716 4376 1843 4432 natura
1869 4357 2035 4438 hominis.
2086 4363 2131 4435 Et
2156 4361 2244 4453 prin·

1275 4466 1399 4556 cipalis
1415 4487 1516 4534 causa
1532 4479 1604 4546 est,
1630 4489 1693 4534 cur
1707 4459 1775 4534 hae
1796 4466 1985 4535 conciones
2006 4477 2246 4559 proponantur,

1275 4581 1314 4638 ut
1328 4569 1380 4638 ira
1398 4564 1466 4637 Dei
1490 4569 1659 4636 adversus
1682 4580 1839 4636 nostram
1864 4568 2126 4639 immunditiem
2147 4586 2244 4654 agno-

1274 4684 1408 4754 scatur,
1436 4683 1469 4740 et
1485 4671 1580 4763 quod
1596 4667 1782 4759 disciplina
1800 4682 1943 4738 externa
1959 4693 2040 4738 ¹non
2061 4671 2107 4739 sit
2130 4663 2243 4755 imple-

1273 4771 1323 4844 tio
1355 4771 1463 4862 legis,
1498 4794 1571 4840 non
1596 4769 1699 4838 tollat
1719 4783 1920 4861 peccatum,
1953 4795 2026 4840 non
2052 4772 2097 4841 sit
2121 4761 2245 4838 iusticia

241 4890 357 4946 rantes
391 4887 525 4955 motus,
563 4886 598 4941 et
631 4888 834 4964 perpetuam
869 4879 1016 4946 naturae
1049 4872 1224 4948 humanae
1272 4899 1390 4943 coram
1409 4870 1507 4957 Deo,
1534 4873 1593 4943 sed
1614 4869 1711 4966 quod
1727 4871 1772 4941 sit
1792 4895 1881 4964 opus
1904 4875 2097 4946 mediatore
2115 4864 2242 4940 Messia.

241 4976 499 5046 contumaciam
517 4989 637 5042 contra
657 4976 766 5065 legem
779 4973 859 5045 Dei.

341 5074 507 5147 Secundo
524 5078 681 5145 obtendat
699 5079 834 5146 iusticia
850 5078 1063 5167 spiritualis,
1085 5082 1167 5160 fide,
1185 5081 1219 5150 id

240 5189 311 5261 est,
331 5177 457 5246 fiducia
476 5178 738 5248 misericordiae
756 5182 946 5270 promissae
964 5178 1219 5272 propterChri-

1621 5071 1905 5136 Daqutnto

1373 5175 1527 5271 Oportet
1543 5191 1658 5247 autem
1676 5177 1811 5248 incoari
1829 5177 2068 5250 obedientiam
2086 5171 2241 5246 income,

239 5295 350 5361 sturm,
376 5303 444 5369 qua
459 5281 526 5348 fide
541 5281 711 5373 accipitur
727 5283 987 5374 reconciliatio,
1022 5297 1057 5354 ct
1080 5285 1118 5355 lit
1141 5310 1219 5354 vera
1244 5277 1248 5344 l
1270 5298 1305 5356 et
1322 5283 1468 5353 existere
1487 5294 1604 5351 motus
1625 5279 1855 5350 assentientes
1878 5280 1948 5372 legi
1963 5277 2047 5363 Dei,
2079 5280 2238 5347 timorem.
