4714 5826
249 150 320 220 aaa
627 99 634 128 ¹
836 140 964 216 rura.
990 140 1106 214 mar..
1132 138 1343 216 sculum
1369 99 1677 216 exueram:
2096 91 2117 132 '
2201 143 2277 218 ma

289 319 291 322 ’
334 317 506 392 Rationem,
527 333 585 392 qua
604 309 841 373 Perelius‘bunc
867 310 975 370 librum
1005 311 1142 389 collegit,
1171 310 1236 391 ipse
1264 313 1393 373 narrarit
1420 315 1450 372 in
1478 311 1662 392 praefatione
1689 311 1735 370 bis
1765 313 1877 372 rerbiss
1908 312 2100 390 „Insmurata
2119 313 2278 372 Academia

251 412 343 480 „post
363 401 474 460 bellum
496 399 695 477 germanicum
716 397 785 476 quia
806 396 937 474 Hungari
965 396 1048 454 multi
1074 398 1254 473 germanicas
1277 399 1429 458 conciones
1451 398 1481 455 ia
1504 398 1622 475 templis
1647 396 1817 475 intelligere
1845 415 1906 455 non
1931 407 2087 474 poterant,
2122 397 2276 476 Philippus

146 487 149 496 '
251 485 487 565 „Melanchthon
510 483 677 541 inillcrum
700 481 821 560 gratiam
843 480 1011 538 damianae
1038 480 1163 539 instituit
1184 481 1287 542 diebus
1315 482 1399 542 testis
1428 481 1658 560 explicationem
1678 479 1905 560 Evangeliorum
1926 481 2159 542 Dominicslium.
2206 481 2278 540 Mox

253 573 403 650 „aliorum
425 587 565 628 concursu
587 576 671 626 aucta
691 565 860 644 frequentia
881 565 1061 640 auditorum,
1093 567 1125 622 in
1146 565 1320 626 auditorium
1347 568 1494 646 publicum
1523 566 1674 625 transtulit
1702 583 1753 626 cas
1781 568 1844 625 sire
1872 566 2087 643 praelectiones
2115 567 2177 626 sire
2202 583 2277 624 con-

252 701 272 734 „
280 656 443 730 clanculus,
464 655 494 711 in
517 653 618 730 quibus
639 649 773 708 familiari
795 666 948 724 sermone,
984 641 1014 706 in
1043 651 1147 726 quibus
1175 651 1335 729 insigniora
1360 651 1540 730 singulorum
1570 661 1705 710 textuum
1735 652 1884 728 explicare
1912 651 2035 710 solebat.
2078 651 2156 710 Nam
2183 659 2217 710 ut
2245 653 2278 710 in

252 739 409 820 „docenda
429 740 583 796 iuventute
605 735 860 795 exercitatissimus
888 742 953 792 erat
980 743 1011 792 et
1039 736 1122 812 copia
1149 736 1317 813 multiplicis
1345 736 1496 795 doctrinae
1524 735 1779 810 instructissimus,
1822 736 1863 794 sic
1890 734 1929 793 ad
1959 744 2077 814 coptum
2098 735 2275 797 auditorum

207 811 212 838 ¹
254 824 495 906 „praesentium,
531 839 653 899 quorum
681 819 819 897 plerique
846 819 1050 878 adolescentes
1079 829 1180 896 erunt,
1213 821 1299 878 multi
1328 823 1416 880 etiam
1438 820 1536 878 adhuc
1564 820 1668 896 pueri,
1703 821 1903 879 enarrationes
1931 838 1999 878 suas
2027 819 2175 898 dirigens,
2214 831 2278 878 tum

253 908 466 990 „grammatica
487 916 518 965 et
539 904 691 979 historica,
717 914 780 963 tum
801 921 871 962 rero
893 904 983 961 etiam
1002 903 1179 962 catechetics
1201 916 1232 963 et
1250 904 1418 982 theologica
1437 905 1561 964 miscere
1582 904 1706 963 solebat.
1728 933 1773 948 -
1794 936 1837 949 -
1884 903 1949 962 Etsi
1969 915 2069 963 autem
2091 905 2202 963 dictare
2222 905 2279 964 ille

254 993 353 1072 „nihil
381 993 508 1067 solebat,
526 1001 765 1066 ,extemporanea
787 988 928 1046 sermonis
950 1003 1062 1062 genere
1083 997 1186 1063 utens,
1224 1000 1256 1047 ut
1278 1000 1309 1048 ct
1330 991 1463 1049 subirent
1483 990 1595 1048 animos
1615 990 1741 1047 celerius
1763 1003 1840 1066 quae
1859 986 2049 1064 dicebantur,
2084 1000 2116 1047 et
2144 989 2208 1066 ipse
2237 988 2278 1047 ad

254 1080 369 1158 „horae
397 1075 583 1154 clepsydram
610 1073 697 1151 plura
718 1071 897 1147 absolveret,
920 1083 1035 1146 tamen,
1058 1073 1195 1149 quicum
1216 1090 1318 1131 manus
1340 1074 1493 1132 celeritate
1514 1075 1544 1132 in
1567 1072 1721 1132 scribendo
1744 1073 1897 1149 valerent,
1927 1073 2072 1151 pleraque
2094 1089 2133 1132 ex
2154 1089 2207 1131 ore
2227 1072 2279 1130 ta-

207 1201 211 1211 .
254 1162 434 1242 „miliariter
463 1158 634 1218 disserentis
663 1157 821 1234 excipere,
851 1156 964 1215 chartas
986 1155 1101 1214 referre
1123 1156 1297 1234 studebant,
1323 1156 1437 1236 luitque
1459 1167 1540 1217 tanta
1559 1158 1725 1236 aliquorum
1748 1157 1907 1234 industria,
1935 1169 1967 1216 ut
1988 1173 2028 1216 ue
2049 1153 2188 1239 πάρεργα
2210 1159 2279 1235 qui-

253 1250 349 1327 „dem
367 1245 660 1325 praetermitterent,
682 1241 752 1320 quin
775 1259 811 1300 ea
833 1258 950 1320 quoque
971 1238 1179 1302 annotarent.”
1646 1255 1650 1271 ·

336 1362 384 1421 Ex
406 1359 538 1418 omnibus
558 1359 647 1436 igitur
667 1357 748 1416 libris
773 1357 976 1433 manuscriptis
1004 1355 1213 1434 discipulorum
1233 1355 1430 1416 blelautbonis
1457 1358 1487 1416 in
1510 1355 1671 1416 Germania
1700 1367 1732 1416 et
1754 1357 1920 1436 Hungaria,
1949 1375 2138 1436 quoscunque
2167 1377 2279 1436 conge-

254 1466 323 1507 rere
346 1449 375 1506 ei
396 1444 527 1519 licuerit,
549 1443 682 1500 Pezelius
704 1459 756 1517 ea,
784 1459 859 1520 quae
881 1443 937 1518 ipsi
958 1440 1133 1499 ridebantur
1155 1444 1304 1518 excerpsit
1332 1452 1363 1501 et
1389 1443 1497 1500 librum
1524 1459 1607 1500 suum
1635 1441 1773 1502 coniecit.
1822 1443 1917 1510 Quam
1946 1461 2052 1519 param
2078 1453 2179 1502 autem
2207 1443 2280 1502 lldei

255 1534 299 1590 illi
321 1533 358 1590 sit
379 1526 566 1589 tribuendum
589 1527 712 1604 quisque
733 1526 821 1584 tacite
843 1525 995 1604 iudicabit,
1034 1527 1085 1603 qui
1105 1526 1231 1604 cogitet,
1272 1526 1339 1585 lieri
1359 1545 1418 1586 non
1445 1543 1549 1604 posse,
1591 1535 1623 1586 ut
1645 1526 1771 1603 genuina
1790 1545 1809 1585 a
1829 1528 1950 1606 spuriis,
1992 1537 2074 1588 recte
2095 1537 2240 1606 percepta
2261 1547 2280 1586 a

255 1618 333 1676 male
355 1613 515 1674 intellectis
536 1629 613 1668 nunc
635 1611 710 1669 bene
733 1611 944 1670 discernantur.

337 1733 407 1791 Post
430 1729 539 1788 obituru
561 1723 757 1785 Melanthbnis
778 1701 1068 1801 Pactumeius,
1089 1726 1191 1785 Pastor
1213 1725 1361 1785 Ecclesiae
1383 1725 1632 1804 Witebergensis,
1653 1725 1817 1804 Evangelia
1838 1725 2022 1796 dominicalia
2043 1729 2073 1786 iu
2096 1727 2279 1788 commodum

254 1822 394 1879 iuvenum
416 1831 454 1874 ex
476 1809 771 1870 exterisnationibus
794 1811 957 1885 enarravit,
979 1811 1059 1868 cuius
1080 1811 1232 1869 conciones
1254 1821 1357 1889 postea
1376 1810 1551 1887 prodierunt
1573 1812 1614 1870 sic
1634 1812 1808 1888 inscriptae:

422 1927 672 2006 „Evangeliorum
694 1926 908 1984 dominicalium
930 1927 1088 2003 expositio,
1110 1938 1185 1985 auct.
1207 1925 1300 1985 Paulo
1321 1923 1455 1984 libero.
1495 1927 1530 1984 ln
1553 1927 1649 1991 lucem
1671 1925 1750 1986 edita
1771 1927 1912 1984 aloanne
1933 1927 2141 1990 Cellario.’‘
2181 1929 2280 1988 Fran-

424 2011 480 2072 col.
502 2012 539 2069 ad
560 2013 660 2070 Mosa.
684 2007 775 2071 1576.
799 2007 850 2072 8.'’
893 2006 931 2090 (2
955 2010 1042 2088 Alph.
1066 2004 1108 2069 14
1129 2007 1187 2088 pl.)

258 2150 346 2213 quem
368 2132 472 2190 librum
494 2127 713 2198 Strqbelius
736 2126 972 2186 commemorarit
995 2127 1025 2184 in
1052 2125 1227 2185 bibliotheca
1249 2125 1491 2185 Melanthouiana
1517 2127 1570 2184 sub
1598 2143 1662 2183 nro.
1685 2123 1758 2186 658.
1802 2125 1977 2205 Quanquam
1998 2135 2097 2186 autem
2120 2129 2169 2186 rix
2190 2129 2280 2189 dubi-

259 2213 774 2290 tandumest,Eberu1uetiarnin
798 2230 881 2269 usum
908 2229 1043 2286 vocasse,
1081 2211 1227 2289 quaeret
1256 2211 1320 2286 ipse
1348 2228 1367 2267 a
1387 2209 1577 2270 Melsutbone
1603 2210 1757 2270 audieerat
1785 2211 1834 2268 rel
1861 2211 1911 2268 alii
1937 2212 2031 2270 literis
2059 2214 2281 2292 mandaverunt,

262 2315 359 2361 tamen
385 2316 472 2356 nemo
494 2315 572 2354 nuuc
601 2294 724 2353 delinire
752 2297 877 2371 poterit,
912 2311 988 2373 quac
1014 2293 1140 2352 sortasse
1169 2295 1198 2350 iu
1227 2294 1279 2350 illo
1309 2295 1383 2352 libro
1410 2294 1448 2353 ad
1475 2295 1712 2371 Melanthonem,
1746 2305 1883 2372 tanquam
1911 2307 2075 2374 auctorem,
2116 2298 2281 2358 referenda

257 2388 324 2446 sint.
368 2385 513 2442 Neutrum
536 2381 635 2458 itaque
656 2378 780 2452 librum,
801 2395 858 2437 nec
878 2379 990 2437 Perelii
1018 2394 1075 2437 uec
1097 2376 1187 2436 Eberi
1207 2377 1269 2436 sire
1297 2379 1392 2454 potius
1413 2379 1553 2454 Cellarii,
1578 2378 1777 2438 Melanthonis
1798 2379 1913 2458 scriptis
1935 2372 2121 2442 inserendum
2144 2399 2209 2443 esse
2232 2383 2281 2440 iu-

257 2459 445 2545 dicavimus]

342 2815 439 2900 x11.
476 2783 948 2898 auuern'rrouus
981 2809 1241 2896 purarum
1265 2810 1709 2902 massmannus
1737 2812 1802 2896 nu
1830 2811 2205 2928 nvauuunm,

523 2974 537 2988 “
660 2983 756 3048 onan
772 2983 921 3036 aurare
937 2983 1042 3051 moun
1065 2986 1192 3040 amaus
1209 2987 1390 3042 neumata
1407 2989 1452 3039 ur
1469 2989 1593 3042 ansuis
1611 2988 1883 3043 raorosuunua.

443 3175 668 3259 Dominica·
684 3171 816 3277 plima
840 3169 1074 3256 Adventus,
1404 3197 1474 3243 sua
1491 3171 1530 3243 in
1547 3172 1618 3250 ria.
1672 3169 1757 3244 Alii
1769 3197 1849 3244 vera
1867 3171 2065 3246 caedebant
2087 3199 2211 3248 ramas
2236 3178 2282 3252 de

521 3317 622 3389 Em
650 3316 756 3384 enum
774 3309 894 3384 Mauh
925 3318 970 3384 2,
1404 3273 1621 3363 arboribus,
1655 3285 1687 3346 et
1717 3274 1926 3347 sternebant
1958 3279 1998 3348 in
2031 3276 2104 3352 ria.
2160 3273 2283 3353 Porro

627 3341 648 3406 g
899 3367 907 3386 ’
977 3367 986 3387 “
1404 3375 1533 3447 turbae
1562 3399 1657 3474 qaae
1682 3373 1946 3472 praecedebant
1977 3387 2009 3447 et
2033 3379 2280 3477 sequebantur

1402 3475 1635 3565 clamabant,
1662 3473 1834 3553 dicentesa
1866 3477 2053 3551 Hesanna
2073 3475 2166 3572 filie
2189 3481 2279 3556 Da-

1401 3575 1478 3664 vid,
1510 3575 1730 3651 Benedictus
1750 3579 1818 3678 qai
1839 3579 1934 3652 venit
1960 3606 2001 3651 tn
2024 3580 2171 3654 nemine
2191 3583 2280 3658 De-

1334 3727 1346 3734 -κ
1397 3679 1509 3763 mini,
1539 3680 1787 3752 Hasanna'in
1804 3679 2018 3755 altissimis.

309 3439 473 3510 ‘Etcum
506 3433 868 3537 appropinquassent
890 3429 1183 3528 Hierosolymis,
1216 3446 1248 3505 et

369 3541 547 3612 vertissent
580 3528 802 3630 Betbpbage
837 3529 893 3602 ad
924 3542 1079 3604 mantem
1110 3527 1246 3604 Oliva-

371 3666 471 3728 rum,
520 3649 604 3710 tanc
633 3634 740 3706 Iesus
772 3633 872 3705 misit
904 3630 997 3704 daos
1030 3630 1245 3732 discipulas,

371 3740 493 3814 dicens
512 3740 582 3812 cist
614 3735 673 3809 Ite
694 3737 733 3807 in
759 3732 973 3821 castellum,
1004 3733 1108 3833 quod
1122 3747 1247 3808 cantra

372 3870 433 3915 res
456 3855 525 3930 est,
557 3851 589 3912 et
611 3837 740 3911 statim
768 3836 957 3908 invenietis
978 3837 1128 3935 asinam
1151 3837 1245 3910 alli·
1337 3842 1511 3943 Quatuar
1525 3863 1610 3921 sunt
1621 3851 1802 3946 praecipui
1818 3851 1888 3921 loci
1903 3845 2011 3922 huius
2028 3847 2229 3943 Evangelii.

365 3956 517 4043 getam,
552 3953 583 4013 et
606 3937 754 4040 pallum
778 3961 933 4025 cumea,
965 3934 1094 4009 solvite
1118 3948 1150 4009 et
1172 3937 1244 4010 ad-
2318 3957 2321 3964 ·

370 4046 488 4120 ducite
518 4040 624 4116 mibi.
690 4039 745 4112 Et
776 4040 814 4110 si
842 4043 926 4137 quis
956 4039 1056 4109 robis
1094 4039 1248 4140 aliquid

242 4163 245 4184 ¹
370 4146 527 4234 dixerit,
561 4142 686 4218 dicite:
718 4136 987 4234 Dominusltis
1005 4165 1095 4237 opus
1122 4137 1244 4231 babet,

369 4261 401 4320 et
435 4245 626 4341 confestim
651 4244 784 4315 emittet
808 4267 878 4317 aas.
934 4241 1016 4313 Hoc
1036 4254 1157 4315 autem
1186 4255 1243 4316 ta·

370 4363 448 4422 tam
470 4353 621 4448 sactum
644 4355 714 4430 est,
755 4352 793 4415 ut
821 4338 1102 4440 adimpleretur,
1143 4342 1246 4443 qued

369 4448 507 4520 dictum
538 4460 589 4522 est
608 4473 673 4546 per
692 4440 916 4543 Prophetam
938 4442 1130 4516 dicentem:
1163 4445 1241 4517 Di-

367 4552 432 4622 cite
448 4549 564 4646 filiae
584 4549 693 4635 Sion,
733 4547 828 4618 Ecce
849 4570 915 4616 rea
936 4556 1021 4618 tuus
1046 4545 1140 4616 uenit
1170 4547 1243 4619 tibi
1680 4555 1887 4610 netues.

366 4663 598 4735 mansuetus.
638 4646 889 4745 sedenssuptr
911 4650 1063 4719 asinam
1092 4656 1124 4719 el
1152 4647 1240 4746 put.
1292 4643 1433 4748 Pompa
1461 4658 1638 4748 ingressus
1661 4672 1712 4728 cst
1738 4660 1919 4748 publicum
1945 4662 2185 4737 testimonium
2214 4695 2276 4742 ex-

367 4754 444 4826 iam
473 4753 604 4849 filium
637 4749 861 4847 subiugals'S.
937 4747 1080 4821 Euntes
1118 4760 1239 4820 autem
1293 4751 1398 4831 bibiti
1433 4759 1587 4830 Messias
1629 4756 1692 4850 qui
1729 4763 1924 4850 promissus
1957 4764 2083 4838 luerat.
2148 4767 2276 4842 Voluit

365 4854 560 4954 discipali,
587 4857 755 4954 fecerant
780 4853 875 4924 sicut
895 4863 1125 4950 praeceperat
1157 4851 1239 4924 illis
1294 4859 1387 4929 enirn
1412 4858 1510 4929 Deus
1534 4883 1606 4928 esse
1627 4860 1838 4950 multiplicia
1864 4865 2064 4936 testimonia
2093 4863 2274 4941 exhibitae

363 4958 482 5035 Iesus.
533 4957 587 5029 Et
608 4954 846 5029 adduxerunt
863 4954 1012 5026 asinam
1028 4965 1060 5025 et
1079 4953 1238 5053 pullum,
1292 4959 1556 5050 promissionis,
1588 4962 1631 5029 ad
1649 4962 1911 5034 confirmandos
1929 4965 2024 5055 pios,
2055 4982 2091 5040 et
2114 4971 2276 5041 refutau-

363 5071 394 5131 et
416 5063 665 5159 imposuerant
694 5081 804 5154 super
833 5079 892 5126 eos
920 5056 1130 5128 vestimenta
1153 5082 1238 5144 sua,
1290 5062 1510 5152 dosimpios.
1551 5059 1651 5132 Sicut
1675 5061 1781 5132 initio
1805 5066 1955 5154 Angeli,
1988 5065 2166 5154 Pastum,
2193 5069 2273 5143 Eli-

362 5174 394 5236 et
415 5189 493 5235 eum
519 5189 631 5264 saper·
659 5156 769 5230 illam
801 5154 1077 5231 collocaverunt.
1142 5153 1238 5228 Plu-
1290 5157 1437 5242 sabeth,
1471 5157 1678 5247 Zacharias,
1716 5159 1894 5235 lohannes
1912 5166 2094 5258 Baptista,
2126 5173 2271 5246 tinemut

316 5347 319 5364 ¹
361 5269 458 5340 rima
490 5277 610 5337 autem
642 5260 752 5333 turba
788 5271 998 5347 straverunt
1027 5261 1238 5334 vestimenta
1290 5275 1415 5348 testes,
1445 5277 1479 5334 et
1500 5278 1720 5336 accesserunt
1745 5265 1914 5340 miracula
1930 5268 2043 5360 ipsius
2058 5265 2213 5362 Christi,
2237 5289 2271 5346 ct

1400 3981 1427 4056 l.
1454 3981 1587 4074 Pompa
1603 3982 1790 4072 ingressus.
2077 4056 2082 4063 ,

1398 4081 1444 4152 ll.
1472 4084 1588 4172 Quale
1604 4085 1649 4154 sit
1663 4107 1812 4174 regnum
1829 4079 1976 4157 Christi.

1396 4182 1458 4254 lll.
1485 4182 1559 4273 Qui
1578 4186 1649 4256 sint
1664 4187 1740 4255 veri
1758 4187 1875 4256 cultus
1890 4189 1928 4256 iu
1945 4211 1987 4256 eo
2001 4211 2123 4278 reguo.

1395 4281 1457 4357 lV.
1500 4284 1633 4378 Pompa
1674 4283 1898 4380 triumphalis
1941 4303 1992 4360 est
2035 4292 2171 4381 pictura
2206 4291 2277 4370 Ec-

1448 4388 1583 4459 clasiae.
