4714 5826
266 157 316 234 75

265 341 387 423 quant,
402 340 438 398 et
453 323 516 398 alii
532 324 621 397 alios
634 323 774 418 pellunt
788 333 867 406 etc„
884 320 978 392 utin
985 318 1173 394 Pannonia
1189 321 1258 393 sli-

268 430 430 528 qnandin
453 430 614 516 regnavit
633 425 802 516 loannes,
830 422 1042 518 aliquandiu
1054 421 1256 496 Ferdinan-

268 539 356 621 dus,
381 555 478 602 ntrnc
499 529 630 601 Tusca.

370 633 477 704 'l‘ales
492 629 706 701 mutationes
726 650 800 696 non
817 625 907 697 fiunt
920 625 997 696 sinc
1013 627 1150 717 magnis
1163 629 1259 700 cala·

270 735 470 818 mitatihus,
504 748 544 804 nt
566 731 746 799 verissime
772 728 863 797 diait
885 725 1107 820 Xenophon:
1141 735 1258 802 πᾶσαι

174 839 177 845 ’
270 839 464 913 notentur
476 825 680 928 μεταβολαὶ
696 822 970 924 θανατηφόροι,
994 830 1030 900 id
1049 845 1120 912 est,
1135 855 1259 902 omues

271 939 489 1013 mutationes
517 935 748 1026 imperiorum
769 931 935 1030 adferunt
958 933 1090 1002 caedes.
1147 932 1192 1004 Et
1216 935 1259 1002 de

272 1041 508 1114 seditionibus
530 1037 648 1129 inquit
673 1028 921 1126 Thucydides:
949 1026 1260 1108 irminsindae

272 1141 355 1220 ἰδέα
368 1143 487 1215 κακοῦ
502 1137 568 1212 ἔνι.
598 1135 704 1206 item:
729 1133 768 1208 iv
784 1125 825 1204 di
843 1127 1071 1228 δυχοσταοίῃ
1087 1131 1151 1207 καὶ
1164 1130 1259 1234 nciy-

273 1269 385 1326 κακος
408 1242 546 1335 ἔμμορε
564 1243 684 1331 τιμῆς.
738 1235 981 1320 Agnoscamus
1002 1238 1112 1327 igitur
1135 1237 1257 1330 publi-

198 1427 203 1438 ,
273 1371 395 1420 carum
420 1344 659 1414 calamitatum
687 1360 808 1408 causas
828 1360 900 1407 esse
921 1339 1155 1430 plurimorum
1180 1363 1260 1432 pec-

274 1465 369 1530 cata,
387 1462 422 1518 et
435 1445 558 1516 salutis
572 1442 734 1536 publicae
749 1447 851 1510 causa
866 1440 998 1532 singuli
1014 1438 1168 1533 impetus
1180 1464 1262 1523 suos

273 1556 425 1624 frenent.

377 1650 509 1722 Addita
535 1659 728 1718 astantem
758 1639 961 1724 antithesis,
994 1669 1085 1738 quae
1106 1644 1262 1734 singula-

277 1780 351 1828 rem
377 1749 751 1823 commonefactionem
779 1747 954 1822 continet,
988 1746 1208 1838 principibus
1231 1759 1263 1815 et

275 1856 410 1952 populo
427 1851 671 1922 necessariam.
723 1842 888 1946 Imperia
912 1841 1263 1916 dicitduradr'liorn

277 1981 353 2030 esse
371 1962 518 2054 propter
550 1947 733 2022 hominem
755 1953 966 2046 prudentem
997 1957 1028 2018 et
1053 1944 1265 2042 intelligen-

278 2071 366 2143 tem,
393 2061 513 2126 idest:
543 2053 694 2142 Sapiens
717 2053 881 2142 princeps
902 2051 1095 2142 aliquando
1111 2051 1204 2121 cedit
1217 2051 1264 2119 'de

277 2147 351 2234 suo¹
367 2161 462 2244 iure,
493 2171 527 2227 et
549 2155 683 2246 patitur
704 2153 839 2246 aliquid
863 2153 1101 2236 incommodi,
1124 2165 1164 2221 ut
1189 2176 1264 2219 ma·

277 2267 353 2336 iora
377 2261 602 2331 incommoda
628 2256 736 2338 vitet,
758 2269 799 2326 ut
815 2253 949 2324 Fabius
963 2251 1130 2324 Dictator
1143 2275 1266 2343 passus

278 2383 329 2438 est
342 2365 412 2435 sibi
426 2360 570 2454 aequari
585 2356 796 2444 Magistrum
810 2356 980 2448 equitum.
1016 2353 1098 2423 Non
1111 2355 1266 2445 ponebat

278 2469 374 2540 enim
396 2481 555 2533 rumores
579 2470 660 2528 ante
680 2458 846 2526 salutem:
881 2453 1007 2548 Cicero
1030 2457 1132 2524 cessit
1152 2453 1266 2524 Lucio

279 2566 440 2642 Antonio
458 2567 502 2632 de
526 2558 728 2655 provincia,
754 2570 794 2628 ut
813 2553 957 2627 haberet
983 2557 1153 2645 collegam
1179 2575 1265 2625 con·

279 2670 498 2743 sentientem.

381 2771 442 2843 Sic
465 2767 518 2838 illi
543 2764 605 2860 qui
630 2753 761 2856 populo
786 2761 872 2828 dant
894 2759 1062 2843 consilia,
1097 2761 1267 2829 suadeant

202 2875 216 2898 ⁰
279 2901 326 2949 ne
354 2873 487 2944 maiora
509 2869 600 2938 mala
622 2874 801 2935 accersant
823 2862 998 2931 seditiosis
1020 2859 1197 2944 consiliis,
1226 2874 1268 2929 nt

280 3002 355 3049 non
371 2974 521 3045 dubium
539 2968 646 3039 estin
664 2963 792 3033 iudaea
810 2963 941 3034 multos
960 2963 1187 3034 turbulentos
1201 2957 1268 3030 ho-

281 3081 396 3151 mines
429 3071 640 3142 vociferatos
668 3089 759 3154 esse,
802 3065 1028 3154 expellendos
1060 3086 1133 3133 esse
1160 3061 1269 3134 armis

280 3179 484 3255 Romanos,
525 3172 615 3240 sicut
655 3183 772 3258 patre-s
799 3167 1007 3255 expulerant
1037 3159 1267 3235 Antiochum.

282 3281 351 3356 Sed
369 3274 559 3349 Zacharias
580 3285 614 3340 et
636 3269 785 3340 Simeon
807 3269 1057 3337 intellexerunt
1078 3265 1268 3336 dissimiles

283 3404 405 3456 causas
426 3392 460 3449 et
483 3372 671 3446 dissimilia
686 3384 845 3460 tempora
861 3391 952 3451 esse,
977 3381 1011 3438 et
1026 3366 1270 3437 dissuaserunt

282 3487 390 3558 bella.
446 3477 615 3561 Sciebant
644 3472 761 3555 enim,
794 3485 880 3540 tunc
904 3470 1008 3538 finem
1030 3493 1104 3539 esse
1124 3467 1270 3560 politiae

282 3584 468 3666 Iudaicae,
497 3592 531 3649 et
554 3577 669 3649 Deum
699 3571 870 3660 singulari
901 3571 1143 3642 moderatione
1171 3569 1271 3641 miti-

284 3711 383 3780 gasse
406 3681 632 3761 servitutem,
665 3674 748 3768 quia
781 3669 953 3743 haberent
978 3665 1211 3764 αὐτονομίαν
1232 3672 1270 3742 in

286 3790 461 3865 cultibus,
487 3797 520 3853 et
536 3780 706 3850 videbant
726 3777 875 3847 idoneos
902 3775 1009 3844 duces
1031 3776 1166 3858 deesse,
1191 3767 1269 3842 An-

283 3887 424 3964 tiochus
439 3895 556 3954 avitam
572 3905 646 3949 uon
661 3889 876 3948 concesserat
892 3868 1124 3967 αὐτονομίαν
1143 3875 1182 3944 in
1196 3877 1269 3944 cul-

285 3996 404 4081 tibus,
431 4002 466 4058 ct
489 3984 646 4056 sciebant
664 3980 779 4064 docti,
806 3980 968 4049 nondum
992 3979 1099 4046 finem
1115 3999 1189 4046 esse
1207 4001 1272 4069 po·

286 4097 385 4168 litiae
402 4089 577 4160 iudaicae.

389 4191 444 4264 lta
468 4187 695 4259 considerant
715 4182 885 4254 salutares
910 4182 1182 4271 gubernatores,
1206 4180 1269 4250 ubi

286 4299 332 4369 sit
354 4293 608 4388 pugnandum,
630 4287 694 4356 ubi
715 4307 789 4353 non
812 4284 857 4352 sit
874 4284 1123 4374 pugnandum,
1148 4279 1271 4352 Esaias

287 4398 467 4471 dissuadet
481 4390 718 4477 deditionem,
745 4383 911 4454 Ieremias
932 4399 1054 4454 contra
1077 4407 1200 4454 suasor
1221 4397 1272 4453 est

164 4502 166 4508 ’
287 4497 481 4572 deditionis
500 4516 563 4564 sno
595 4503 764 4576 tempore.
824 4484 875 4557 lta
895 4485 1082 4556 dissimilia
1114 4485 1271 4576 exempla

288 4619 323 4674 et
346 4583 534 4670 dissimiles
557 4614 678 4664 causas
699 4587 978 4672 consideremus,
1011 4601 1044 4658 et
1068 4587 1271 4658 servitutem

288 4703 466 4797 sapienter
494 4697 665 4776 feramus,
697 4713 777 4761 cum
808 4701 860 4760 est
890 4691 1093 4774 toleranda,
1123 4703 1158 4761 et
1181 4687 1273 4758 veris

289 4803 479 4898 gemitibus
495 4811 654 4890 petamus
670 4819 689 4862 a
706 4791 782 4865 Deo
797 4793 944 4862 consilia
960 4805 994 4862 et
1017 4792 1271 4883 protectionem

291 4911 381 4978 sicut
401 4902 457 4974 ilfi
479 4900 547 4994 ipsi
570 4893 768 4987 Prophetae
789 4907 926 4987 petunt.
982 4889 1103 4964 Esaias
1125 4893 1271 4963 clamat:

200 5044 203 5050 ·
291 5008 366 5080 Nos
380 5007 496 5076 lutum
514 5015 615 5072 tuum
633 5021 774 5080 sumus,
797 5019 843 5065 ne
858 4994 1018 5067 irasceris
1033 4991 1195 5065 nimium.
1226 4991 1273 5063 Et

291 5107 476 5180 Ieremias:
506 5101 587 5172 Non
602 5101 647 5170 ad
664 5093 819 5169 nihilum
836 5097 973 5187 redigas
988 5121 1063 5170 nos.
1114 5093 1163 5168 Et
1178 5093 1272 5168 Psaf.

293 5211 348 5290 7.;
372 5205 511 5293 Exurge
525 5201 680 5274 Domine
703 5203 747 5268 ad
774 5213 996 5290 praeceptum
1012 5199 1108 5292 quod
1125 5197 1274 5266 manda-

292 5311 356 5397 sti,
382 5321 422 5380 ut
439 5304 626 5401 Synagoga
648 5301 861 5397 populorum
884 5302 1068 5374 circundet
1085 5314 1135 5388 te,
1159 5300 1197 5368 id
1213 5309 1275 5384 est,
1300 5377 1305 5386 ,

760 135 763 144 ·
867 147 993 230 rnre.
1020 95 1138 224 nur.
1160 145 1372 228 scurrus
1396 149 1695 232 smarnos.

2242 155 2295 230 70

1310 349 1480 398 conserva
1503 326 1616 428 legem
1642 339 1739 398 tuam
1764 341 1799 398 et
1819 321 2036 410 Ecclesiam,
2069 349 2115 398 ne
2136 326 2196 398 bat
2217 327 2304 398 uni-

1312 430 1458 500 versalis
1477 429 1682 520 dissipatio,
1707 428 1798 500 sicut
1819 443 1853 500 et
1868 423 1928 500 his
1941 429 2104 500 versibus
2116 427 2270 500 dicitur:

1391 548 1439 608 Ta
1460 557 1578 608 marest
1597 563 1717 626 semper
1738 553 1876 606 semme
1895 545 2028 608 Eulesls
2048 545 2175 623 Christe,

1458 651 1645 731 lacertosque
1666 652 1720 730 ipsi
1742 669 1794 711 nos
1815 662 1866 710 rna
1886 650 1993 710 dextra
2013 660 2109 728 regat.

1361 814 1440 917 Qui
1454 819 1541 916 tegit
1555 817 1770 918 iniquitates
1786 842 1893 902 suas,
1920 842 1995 890 non
2011 816 2079 888 erit
2085 775 2206 917 selis.¹

1363 933 1559 1058 Confitenti
1578 946 1701 1010 autem
1721 943 1754 1010 et
1778 921 2000 1038 relinquenti
2020 931 2211 1008 Dominus
2232 937 2303 1010 erit

1412 1065 1613 1140 propicius.

1414 1192 1542 1287 Aliqui
1571 1192 1757 1264 manifesta
1787 1191 1980 1285 pertinacia
2012 1203 2240 1282 perseverant
2264 1189 2303 1260 in

1313 1295 1502 1366 sceleribus
1528 1296 1727 1380 atrocibus,
1765 1317 1857 1386 quae
1889 1290 2052 1364 homines
2087 1291 2305 1382 intelligunt.

1314 1393 1390 1466 Hos
1412 1420 1514 1466 mere
1535 1397 1572 1465 in
1599 1419 1730 1488 poenas
1751 1391 1844 1466 nihil
1860 1393 2010 1465 dubium
2029 1407 2101 1476 est,
2121 1393 2218 1463 iusta
2247 1395 2305 1462 di-

1314 1509 1429 1590 ctum:
1462 1495 1614 1590 Propter
1641 1494 1726 1568 haee
1749 1497 1849 1567 venit
1880 1496 1933 1566 ira
1957 1492 2026 1565 Dei
2048 1517 2156 1587 super
2177 1496 2305 1564 inobe-

1315 1600 1464 1673 dientes.
1515 1600 1586 1671 Sed
1604 1595 1662 1668 hic
1675 1599 1809 1667 mentio
1825 1599 1863 1669 lit
1879 1599 1924 1667 de
1940 1593 1997 1667 his
2009 1597 2071 1690 qui
2086 1609 2212 1685 tegunt
2227 1619 2306 1666 sce-

1316 1701 1408 1785 lera,
1434 1701 1470 1770 id
1491 1715 1561 1784 est,
1587 1701 1650 1796 qui
1670 1694 1859 1791 sophistice
1882 1710 2066 1780 excusant,
2091 1697 2211 1792 utqui
2228 1713 2304 1769 sta·

1316 1802 1449 1873 biliuut
1473 1802 1602 1894 impios
1633 1803 1767 1887 cultus,
1801 1812 1836 1870 et
1856 1799 1989 1870 fucosis
2017 1798 2305 1870 excusationibus

1316 1917 1446 1976 ornant
1460 1904 1545 1974 falsa
1562 1907 1737 1992 dogmata.
1789 1898 1857 1970 ldis
1872 1901 2030 1971 minatur
2044 1921 2196 1990 poenas,
2218 1901 2305 1994 qnia

1316 2007 1521 2078 etiamsi'ab
1549 1998 1755 2074 hominibus
1776 2002 1922 2093 reprimi
1944 2025 2018 2072 non
2046 2013 2214 2088 possunt,
2251 2015 2306 2072 ta-

1317 2131 1399 2176 men
1417 2109 1559 2177 tandem
1576 2106 1750 2178 divinitus
1763 2103 2014 2197 reprimantur,
2037 2104 2134 2170 iusta
2150 2105 2304 2176 dictum:

1317 2206 1449 2280 Omnis
1466 2208 1661 2298 plantatio,
1679 2229 1784 2300 quam
1801 2227 1875 2274 non
1892 2203 2069 2294 plantavit
2083 2215 2182 2292 pater
2195 2227 2308 2290 meus,

1317 2310 1566 2382 eradicabitur.
1617 2307 1739 2378 ludaei
1762 2330 1837 2376 nou
1863 2305 2031 2375 volebant
2053 2305 2178 2374 cedere
2203 2303 2306 2398 Apo-

1318 2410 1437 2495 stolis,
1461 2412 1605 2480 tandem
1620 2432 1705 2479 vcro
1722 2406 1852 2478 deletio
1866 2405 1977 2476 totins
1992 2405 2125 2496 politae
2141 2402 2308 2478 iudaicae

1318 2513 1557 2584 testimonium
1581 2511 1649 2580 fuit
1667 2508 1790 2580 indicii
1808 2507 1925 2604 diripi
1939 2507 2105 2578 adversos
2122 2527 2192 2580 eos.
2249 2505 2308 2579 Sic

1319 2609 1539 2695 Manichaei,
1564 2611 1691 2682 Ariani
1713 2623 1750 2681 et
1770 2607 1903 2678 similes
1917 2607 2023 2679 deleti
2040 2618 2136 2680 sunt.

1364 2740 1371 2760 ‘
1420 2713 1469 2786 Ut
1495 2727 1611 2785 autem
1635 2711 1797 2782 inomni
1826 2709 2059 2780 conversione
2085 2708 2245 2799 primum
2272 2711 2309 2782 bt

1319 2816 1508 2906 contritio,
1541 2815 1579 2885 id
1600 2825 1670 2898 est,
1700 2811 1837 2902 agnitio
1863 2810 1996 2882 erroris
2025 2823 2059 2880 et
2089 2811 2234 2894 delicti,
2268 2835 2307 2883 ac

1319 2918 1424 2989 dolor
1454 2931 1489 2987 et
1515 2916 1665 2988 mutatio
1688 2913 1901 2986 voluntatis:
1941 2912 1990 2982 ita
2020 2906 2079 2980 hic
2108 2913 2311 3002 postulatur

1320 3017 1514 3101 Confessio,
1528 3019 1721 3112 etquidem
1737 3015 1833 3100 talis,
1849 3014 1888 3084 iu
1904 3037 1974 3108 qua
1989 3013 2096 3084 etiam
2111 3014 2173 3084 fiat
2186 3037 2311 3084 emen·

1320 3121 1437 3203 datio,
1462 3118 1643 3190 utPanlus
1657 3119 1805 3202 fatetur,
1829 3137 1865 3186 se
1881 3135 2033 3200 errasse,
2057 3139 2138 3186 cum
2154 3113 2225 3188 fuit
2244 3112 2311 3188 ho·

1321 3224 1384 3294 stis
1406 3221 1603 3302 Ecclesiae,
1637 3233 1672 3291 et
1692 3217 1824 3290 deinde
1846 3215 1885 3286 bt
1906 3216 2006 3286 testis
2034 3229 2068 3287 et
2094 3231 2311 3309 propagator

1320 3319 1520 3412 Evangelii.
1991 3401 1996 3412 ¹

1423 3424 1477 3495 Ac
1493 3423 1623 3493 diserte
1639 3417 1700 3492 hic
1714 3418 1862 3491 dieitur:
1890 3415 2078 3509 Propicins
2095 3418 2163 3490 erit
2179 3415 2309 3491 Domi·

1322 3549 1389 3598 nus
1404 3524 1621 3619 relinquenti
1637 3538 1701 3594 etc.
1741 3519 1887 3618 Necesse
1902 3543 1976 3590 esse
1990 3519 2087 3590 enim
2103 3521 2141 3590 in
2157 3544 2308 3592 conver-

1322 3629 1422 3698 sione
1436 3627 1544 3698 abiici
1561 3627 1693 3695 malum
1708 3622 1951 3722 propositum,
1976 3645 2043 3691 nec
2056 3635 2109 3693 est
2123 3625 2311 3694 conversio

1323 3753 1385 3803 seu
1402 3727 1619 3828 poenitentia
1637 3729 1751 3796 donec
1762 3736 1882 3794 manet
1899 3723 2159 3814 perseverantia
2176 3724 2216 3794 in
2234 3749 2311 3796 ma-

1322 3834 1358 3903 lo
1384 3831 1576 3924 proposito.
1634 3824 1826 3898 Conversis
1844 3837 1960 3896 antem
1983 3825 2155 3914 promissa
2179 3839 2232 3898 est
2254 3851 2312 3897 re-

1323 3933 1444 4003 missio
1463 3953 1597 4024 poenae
1621 3941 1784 4000 aeternae
1808 3940 1842 3996 et
1864 3925 2038 4015 mitigatio
2060 3949 2195 4019 poenae
2218 3941 2312 3999 tem·
2341 3923 2345 3932 ’

1323 4034 1455 4126 puralis
1484 4045 1630 4132 propter
1659 4029 1910 4110 mediatorem,
1957 4029 2047 4101 sicut
2074 4028 2209 4099 dictum
2241 4046 2311 4101 est:

1323 4134 1417 4205 Vivo
1433 4157 1517 4223 ego,
1539 4133 1626 4203 dicit
1639 4131 1838 4215 Dominus,
1863 4131 1948 4199 nolo
1975 4142 2125 4198 mortem
2150 4147 2313 4221 peccato·

1322 4237 1390 4322 ris,
1406 4239 1467 4307 sed
1485 4248 1525 4306 ut
1540 4244 1768 4305 convertatur
1780 4230 1931 4303 etvivat.
1960 4229 2049 4301 ltem
2057 4225 2251 4302 Zachariae
2264 4234 2312 4307 l.:

1323 4336 1583 4411 Convertimini
1613 4337 1656 4406 ad
1689 4355 1765 4424 me,
1795 4345 1832 4404 et
1858 4354 1922 4422 ego
1950 4345 2140 4403 convertar
2165 4335 2209 4402 ad
2240 4355 2316 4408 vos.

1324 4440 1413 4510 ltem
1429 4433 1553 4510 Esaiae
1564 4441 1616 4511 l.:
1636 4434 1676 4508 Si
1694 4445 1831 4527 peccata
1848 4447 1962 4505 vestra
1979 4433 2112 4504 fuerint
2127 4434 2220 4506 sicut
2233 4459 2316 4506 coc-

1324 4543 1444 4612 cinum
1477 4555 1512 4610 et
1539 4537 1773 4616 vermiculus,
1811 4533 1909 4605 eritis
1938 4535 2083 4605 candidi
2116 4535 2207 4606 sicut
2242 4537 2316 4607 nix.

1324 4642 1430 4714 Item:
1459 4639 1727 4714 Misericordiae
1736 4633 1905 4724 Domini,
1932 4636 2029 4731 quod
2045 4659 2119 4712 non
2135 4640 2316 4711 consumti

1324 4766 1459 4819 snmus.

1376 4921 1520 4996 Beatus
1537 4929 1588 4992 est
1603 4913 1731 5007 homo,
1752 4918 1820 5018 qui
1832 4940 1972 5014 semper
1986 4927 2037 5020 est
2051 4913 2223 5017 pavidus.

1377 5038 1574 5116 Indurnns
1591 5063 1671 5111 vero
1690 5061 1751 5110 cor
1763 5062 1871 5109 suum
1887 5033 1990 5107 cadet
2006 5029 2049 5109 ‘in
2065 5035 2232 5114 exitium.

1430 5191 1557 5261 Vicina
1572 5189 1744 5260 sententia
1754 5201 1803 5258 est
1813 5188 2002 5286 superiori.
2029 5186 2205 5262 Hortatur
2218 5191 2316 5260 enim

1329 5292 1492 5384 homines
1507 5294 1551 5363 ad
1567 5289 1732 5370 exercitia
1746 5286 2014 5376 Poenitentiae,
2039 5291 2140 5363 iubet
2156 5307 2195 5364 ut
2212 5292 2258 5362 sit
2277 5294 2316 5360 in
