4616 5818
233 163 306 242 195

234 335 349 407 rimus
363 335 408 405 de
424 333 591 405 omnibus
607 333 796 431 operibus,
823 336 916 427 quod
937 335 1084 406 verbum
1101 335 1223 428 requi-

234 441 387 509 rendum
401 438 465 520 sit,
491 450 525 507 et
543 436 594 505 ibi
611 436 775 505 voluntas
790 434 857 507 Dei
875 439 1108 526 agnoscenda,
1123 451 1223 538 post·

236 565 275 610 ea
290 543 329 609 in
345 562 451 631 opere
466 538 674 629 significatio
691 538 809 630 aliqua
827 542 1025 630 quaerenda
1046 555 1107 612 cst.

568 703 895 756 Desecnudo

496 801 604 906 Quid
619 806 695 878 sint
711 804 966 881 Sacramenta.

342 949 438 1020 Deus
466 947 620 1018 subinde
642 945 854 1018 instauravit
875 947 1064 1040 collapsam
1092 949 1223 1018 doctri-

244 1073 328 1124 nam
344 1072 488 1119 suarum
505 1049 800 1140 promissionum,
826 1063 859 1118 et
881 1064 920 1118 ut
941 1046 1027 1119 baec
1050 1050 1224 1121 instanra-

239 1155 290 1226 tio
307 1166 396 1223 esset
410 1150 600 1230 illustrior,
627 1173 718 1220 nora
733 1150 832 1239 signa
848 1152 1008 1222 instituta
1030 1167 1124 1226 sunt.
1177 1153 1222 1224 Et

239 1254 450 1346 generaliter
465 1267 723 1324 sacramentum
740 1252 884 1344 proprie
907 1255 1065 1338 dictum,
1100 1270 1150 1325 est
1174 1257 1223 1327 si·

242 1381 352 1448 gnum
368 1355 561 1447 promissae
576 1353 888 1430 reconciliationis.
940 1354 1152 1444 Quaerenda
1175 1372 1226 1428 est

242 1460 351 1550 igitur
365 1457 551 1547 promissio
569 1457 690 1526 addita
705 1456 826 1545 signis.

344 1557 446 1630 Duae
460 1572 576 1628 autem
593 1557 741 1626 traditae
754 1572 835 1630 sunt
853 1557 1226 1650 promissionestlbra-

243 1659 328 1734 hae:
370 1661 479 1731 altera
503 1662 547 1729 de
576 1661 884 1745 reconciliatione,
925 1662 1031 1731 altera
1056 1666 1100 1731 de
1125 1686 1227 1730 causa

244 1763 563 1842 reconciliationis,
591 1761 755 1832 videlicet
770 1762 981 1848 desemine,
1012 1765 1052 1832 in
1072 1789 1144 1857 quo
1166 1766 1227 1832 be-

244 1867 456 1936 nedicentur
469 1886 592 1934 omnes
608 1878 738 1954 gentes.
780 1864 858 1936 Hae
874 1867 1125 1955 promissiones
1140 1889 1228 1934 con·

245 1969 445 2056 iungendae
459 1979 560 2037 sunt:
594 1963 667 2036 Ero
683 1964 781 2038 Deus
797 1992 932 2037 eorum.
988 1968 1092 2050 ltem:
1117 1966 1157 2036 lu
1174 1993 1229 2038 se-

246 2070 344 2139 mine
373 2082 435 2139 tuo
464 2067 720 2138 benedicentur
746 2063 869 2139 omnes
898 2082 1032 2157 gentes.
1090 2067 1228 2141 Harum

245 2171 521 2262 promissionum
537 2182 620 2238 nota
637 2168 705 2239 fuit
719 2171 780 2240 illa
802 2171 1043 2256 circumcisio,
1068 2171 1230 2242 instituta

247 2273 286 2341 in
303 2273 365 2341 illa
379 2286 476 2370 parte
492 2271 669 2361 eorporis,
703 2285 743 2342 ut
768 2275 813 2342 de
836 2286 985 2342 venturo
1007 2275 1142 2344 semine
1167 2279 1229 2344 ad-

247 2389 408 2444 moneret
424 2372 661 2444 circumcisos.

608 2536 874 2592 Detersso

426 2638 553 2742 Quare
567 2639 616 2730 sit
633 2639 808 2712 instituta
824 2639 1062 2721 circumcisio.

350 2781 416 2855 Est
437 2782 545 2871 igitur
565 2779 785 2852 circumcisio
811 2779 1077 2852 Sacramentum
1104 2782 1234 2853 additis

249 2885 566 2981 promissionibus,
612 2882 775 2952 videlieet
808 2884 1042 2973 promissione
1077 2886 1233 2954 reconci-

250 2988 427 3071 liationis,
453 3000 486 3056 et
504 2984 740 3076 promissione
759 2985 916 3061 seminis.
968 2983 1059 3056 Nam
1082 2988 1234 3078 promis-

250 3092 305 3162 sio
324 3105 456 3170 terrae,
478 3100 512 3157 et
528 3087 628 3176 regni
643 3109 706 3154 seu
724 3086 887 3176 politiae,
909 3090 990 3159 data
1015 3104 1066 3158 est
1091 3104 1235 3180 propter

251 3216 382 3264 semen.
434 3185 608 3280 Oportuit
626 3187 721 3256 enim
739 3202 874 3259 eertum
889 3213 963 3259 esse
976 3191 1168 3282 populum,
1195 3192 1235 3260 in

252 3319 324 3388 qno
340 3294 494 3364 salvator
516 3303 738 3378 nasceretur,
769 3304 811 3388 et
830 3307 975 3382 propter
999 3287 1062 3361 has
1082 3294 1233 3383 promis-

250 3398 368 3466 siones
392 3391 612 3464 circumcisio
633 3393 812 3462 adferebat
832 3394 999 3482 gratiam,
1032 3395 1115 3487 quia
1139 3393 1234 3464 Dens

253 3499 389 3592 inquit:
426 3491 498 3565 Ero
515 3492 615 3565 Deus
637 3518 771 3564 eorum.
826 3493 922 3563 Hinc
947 3511 1061 3587 potest
1083 3497 1233 3586 intelligi

252 3624 334 3669 vere
358 3598 464 3666 fuisse
480 3609 757 3679 sacramentnm,
782 3611 816 3665 et
836 3597 949 3666 adulti
973 3599 1145 3668 admoniti
1168 3594 1234 3669 hoc

252 3701 369 3792 signo,
395 3701 462 3768 lide
479 3699 709 3767 intuebantur
729 3698 997 3787 promissionem
1019 3702 1172 3788 gratiae,
1200 3715 1233 3768 et

252 3803 394 3873 venturi
419 3800 615 3869 salvatoris.
676 3796 753 3868 Hac
774 3799 842 3868 fide
866 3799 1052 3891 placebant
1072 3799 1167 3886 Deo,
1201 3818 1234 3872 et

252 3906 468 3975 invocabant
484 3926 576 3974 eum.

354 4005 450 4076 Haec
476 4005 561 4072 fides
587 4015 621 4072 et
647 4001 826 4072 invocatio
851 4017 934 4072 sunt
960 4004 1088 4073 summi
1110 4004 1235 4084 cultus,

254 4108 366 4197 ignoti
398 4105 599 4176 carnalibus
627 4105 786 4185 iudiciis,
825 4128 914 4197 quos
938 4107 988 4195 pii
1011 4107 1236 4203 praestabant

252 4209 426 4278 admoniti
444 4231 506 4299 per
519 4206 839 4290 circumcisionem,
864 4207 1002 4276 etiamsi
1015 4231 1104 4300 opus
1120 4209 1234 4297 ipsum

251 4311 438 4380 videbatur
453 4307 572 4401 impiis
589 4311 792 4380 absurdum.
843 4303 931 4378 Erat
956 4323 1073 4379 autem
1096 4325 1234 4401 gratum

251 4413 396 4503 pignus,
422 4423 456 4480 et
472 4410 610 4498 insigne
625 4409 866 4479 testimonium
883 4405 959 4497 his,
986 4413 1047 4504 qui
1066 4412 1151 4482 inde
1165 4424 1235 4481 sta-

228 4519 230 4526 '
250 4514 397 4585 tuebant
409 4509 523 4582 Deum
542 4511 739 4603 propicium
760 4533 844 4579 esse.

600 4683 885 4745 Dsqnarto

545 4781 653 4883 Quid
663 4781 940 4882 significaverit.

352 4919 489 4996 Omnia
514 4923 620 5015 opera
647 4925 896 4993 ceremonialia
924 4938 958 4994 et
982 4926 1129 4996 moralia
1156 4941 1239 4997 sunt

251 5029 432 5122 symbola,
465 5039 501 5097 et
528 5026 700 5114 imagines
726 5027 934 5116 praecipuae
960 5051 1081 5096 earetm
1106 5053 1238 5116 rerum,

252 5129 395 5223 quaein
413 5128 709 5218 promissionibus
723 5129 976 5214 significantur.
1018 5126 1158 5198 Deinde
1179 5156 1237 5201 ac-

252 5232 384 5300 cedunt
407 5243 442 5300 et
464 5229 553 5300 aliae
579 5228 851 5318 significationes
874 5255 994 5302 rerum
1018 5233 1234 5305 coelestium.

810 159 939 236 PHII..
973 157 1091 236 MEI.
1117 159 1331 238 SCRIPTA
1355 157 1656 236 amanet.

2182 167 2249 242 too

1273 334 1459 426 praecipue
1474 347 1558 405 snut
1573 335 1672 425 signa
1688 329 1882 409 voluntatis
1892 335 1964 406 Dei
1978 357 2060 425 erga
2077 359 2154 422 nos,
2169 359 2246 430 pm-

1273 437 1408 529 positae
1429 437 1467 504 iu
1490 438 1797 546 promissionibus.
1849 438 2147 531 Posteapossunt
2170 441 2247 510 addi

1273 539 1363 608 aliae
1378 539 1662 627 significationes.

1376 638 1606 712 Circumcisio
1637 642 1746 731 igitur
1768 641 2014 734 principaliter
2035 643 2247 734 significabat

1275 743 1481 834 promissam
1515 745 1857 829 reconciliationem,
1905 745 1988 838 qnia
2026 743 2122 814 Deus
2155 746 2248 828 dicit,

1273 841 1347 914 Ero
1371 842 1468 915 Deus
1492 869 1632 915 eorum:
1666 861 1701 918 et
1725 848 1823 917 locus
1845 849 2060 917 admonebat
2085 849 2130 916 de
2152 869 2248 916 causa

1276 947 1584 1022 reconciliationis.
1638 947 1732 1038 Quia
1757 951 1852 1018 enim
1875 950 1943 1019 suit
1967 947 2177 1039 promissum
2199 971 2249 1016 se-

1276 1073 1377 1129 men,
1403 1049 1531 1141 inquo
1550 1051 1843 1121 benedicerentur
1863 1073 1987 1120 omnes
2009 1065 2148 1141 gentes,
2174 1053 2249 1118 ideo

1275 1150 1329 1222 illi
1347 1151 1435 1240 parti
1454 1153 1611 1241 corporis
1626 1155 1787 1224 additum
1804 1169 1856 1226 est
1872 1155 2026 1242 signum.
2078 1151 2174 1222 Haec
2189 1153 2252 1221 init

1276 1253 1462 1344 praecipuo
1479 1252 1700 1342 significatio.

1377 1351 1447 1424 Sed
1463 1356 1507 1423 ad
1526 1349 1617 1425 hanc
1638 1358 1811 1427 accedunt
1833 1355 1941 1439 aliae,
1975 1355 2059 1448 quia
2084 1355 2251 1446 praecidi-

1276 1471 1335 1526 tur
1350 1457 1522 1545 partieula
1538 1481 1557 1525 a
1576 1462 1735 1528 membro
1752 1458 2009 1548 generationis,
2035 1455 2250 1546 significaba-

1277 1573 1335 1628 tur
1351 1553 1441 1626 bauc
1458 1572 1619 1628 naturam
1641 1559 1776 1651 lapsam
1801 1583 1892 1644 esse,
1925 1574 1959 1629 et
1983 1583 2079 1628 nrrnc
2102 1559 2252 1627 destina-

1277 1674 1347 1729 tam
1364 1661 1489 1744 morti,
1521 1673 1555 1730 et
1581 1656 1671 1731 hanc
1693 1662 1893 1753 pelliculam
1916 1661 2151 1731 obiiciendum
2175 1682 2252 1728 esse.

1278 1760 1346 1832 Sed
1366 1776 1483 1831 tamen
1502 1777 1690 1832 venturum
1708 1788 1844 1842 semen,
1872 1766 1968 1856 qnod
1984 1762 2125 1833 sublata
2146 1761 2252 1830 male·

1279 1864 1434 1934 dictione
1450 1865 1673 1934 redditurum
1688 1879 1778 1935 esset
1793 1889 1920 1934 novam
1937 1877 1971 1934 et
1994 1877 2172 1936 aeternam
2194 1885 2253 1930 na·

1280 1978 1394 2035 turam
1412 1979 1445 2036 et
1470 1967 1589 2039 vitam.
1641 1964 1737 2037 llaec
1761 1969 1873 2037 sancti
1897 1967 2066 2036 videbant
2090 1980 2253 2058 tanquam

1281 2067 1371 2160 picta
1387 2090 1460 2137 esse
1475 2069 1515 2136 in
1533 2063 1596 2138 hac
1612 2069 1779 2159 imagine.
2254 2121 2258 2128 ‹

1382 2165 1608 2240 Accedebant
1624 2185 1659 2240 et
1680 2171 1771 2240 aliae
1794 2171 2079 2250 admonitiones,
2105 2169 2253 2239 mundns

1282 2271 1478 2342 miserrime
1497 2273 1712 2342 contaminat
1735 2295 1793 2342 eas
1815 2287 1945 2361 partes,
1980 2287 2015 2344 et
2034 2271 2253 2361 generatione

1282 2371 1460 2458 abutitur,
1491 2372 1588 2444 Deus
1609 2391 1750 2446 econtra
1776 2375 1814 2443 in
1836 2368 1900 2443 hac
1923 2375 1998 2465 ipsa
2023 2388 2123 2464 parte
2144 2369 2254 2464 posuit

1283 2488 1424 2564 notam,
1450 2490 1490 2545 ut
1504 2477 1698 2564 cogitemus
1713 2475 1828 2545 Deum
1845 2477 1954 2556 velle,
1986 2489 2025 2545 ut
2043 2471 2128 2544 baec
2151 2497 2255 2542 mern·

1284 2579 1347 2646 bra
1363 2576 1435 2646 sint
1449 2591 1584 2660 sancta,
1611 2591 1645 2646 et
1659 2591 1777 2646 sancte
1793 2592 1936 2648 utamur
1953 2575 2192 2665 generatione.

1385 2677 1497 2748 Nobis
1522 2679 1715 2769 baptismus
1737 2680 1924 2768 praecipue
1943 2679 2118 2768 significat
2140 2697 2256 2746 recon-

1284 2779 1500 2850 ciliationem
1516 2781 1555 2849 in
1573 2781 1806 2871 promissione
1821 2781 2057 2872 propositam:
2091 2781 2149 2849 sed
2167 2790 2255 2870 post·

1285 2906 1324 2952 ea
1338 2882 1450 2954 multa
1466 2897 1586 2952 monet
1601 2883 1729 2972 imago.
1781 2881 2001 2971 Mergimur,
2028 2895 2069 2953 ut
2085 2893 2255 2972 peccatum

1285 2986 1451 3054 abluatur
1478 2986 1676 3068 mersione,
1710 2983 1875 3055 videlicet
1907 2997 2021 3056 morte
2043 2979 2196 3066 Christi,
2226 2994 2256 3046 et

1285 3109 1350 3157 nos
1364 3087 1486 3156 inserti
1502 3087 1608 3157 morti
1627 3082 1761 3157 Christi
1783 3085 2055 3166 mortificemur,
2091 3098 2127 3155 et
2147 3080 2256 3153 omui-

1286 3191 1351 3259 bus
1367 3189 1530 3280 procellis
1547 3191 1758 3259 obruamur:
1792 3190 1852 3257 sed
1870 3187 2087 3277 resurgimus
2102 3198 2135 3256 et
2151 3203 2256 3254 emer-

1284 3291 1400 3381 gimus
1422 3315 1502 3360 cum
1526 3287 1680 3361 Christo.
1738 3289 1798 3360 Sic
1821 3313 1930 3360 coena
1953 3286 2104 3358 Domini
2127 3283 2255 3386 praeci-

1285 3417 1352 3482 pue
1376 3393 1505 3491 pignus
1527 3406 1579 3463 est
1602 3392 1923 3471 reconciliationis,
1961 3393 2023 3462 sed
2047 3392 2164 3479 imago
2188 3389 2256 3476 ipsa

1286 3509 1433 3564 testatur
1461 3517 1527 3562 nos
1557 3493 1646 3563 effici
1675 3495 1832 3564 membra
1857 3489 2002 3564 Christi.
2062 3489 2169 3573 ltem,
2198 3505 2256 3555 nos

1284 3611 1408 3666 mutuo
1423 3599 1581 3664 membra
1596 3617 1670 3665 esse
1692 3597 1799 3666 unius
1821 3596 1991 3685 corporis.
2045 3592 2106 3664 Sic
2130 3605 2163 3662 et
2188 3611 2256 3656 mo-

1286 3699 1371 3769 ralia
1397 3699 1510 3767 voluit
1526 3693 1689 3769 Christus
1705 3721 1779 3767 esse
1795 3696 1972 3791 symbola:
1999 3693 2203 3771 Remittite,
2227 3701 2256 3756 et

1285 3802 1483 3871 remittetur
1511 3797 1625 3871 vobis.
1685 3798 1799 3870 Amor
1820 3811 2007 3891 parentum
2030 3820 2113 3887 erga
2136 3796 2257 3864 liberos

1285 3915 1336 3972 est
1356 3897 1495 4000 στοργὴ
1520 3901 1695 3971 divinitus
1718 3901 1830 3970 indita
1856 3895 2013 3970 humano
2043 3897 2197 3992 pectori,
2227 3901 2257 3957 et

1286 4004 1401 4094 imago
1418 4004 1548 4074 amoris
1567 4000 1634 4072 Dei
1650 4021 1731 4092 erga
1750 4025 1827 4076 nos.
1853 4038 1855 4042 ·

1635 4169 1692 4220 De
1728 4173 1920 4233 quarta

1447 4263 1771 4372 Quarc'Cltristas
1785 4274 1835 4344 sit
1853 4271 2099 4348 circumcisus.

1387 4410 1551 4483 Placebat
1568 4409 1682 4481 Filius
1699 4410 1769 4480 Dei
1781 4411 1885 4480 etiam
1902 4410 1978 4478 sine
1992 4406 2259 4484 circumcisione,

1286 4539 1350 4586 nec
1374 4516 1560 4585 tenebatur
1586 4515 1648 4584 illa
1678 4514 1773 4603 lege:
1813 4509 1952 4606 Siquis
1974 4535 2048 4580 non
2070 4507 2257 4580 fueritcir·

1287 4618 1477 4697 cumsisus,
1511 4618 1760 4686 eradicabitur.
1812 4612 1881 4684 Sed
1908 4614 1999 4682 sicut
2019 4609 2258 4682 universaliter

1285 4716 1447 4792 Christus
1465 4719 1578 4788 voluit
1593 4741 1666 4790 esse
1682 4717 1859 4786 subiectus
1879 4715 1966 4803 legi,
1999 4713 2050 4782 sic
2071 4713 2174 4783 etiam
2194 4708 2257 4775 cir·

1287 4823 1542 4894 cumcidendus
1556 4833 1640 4889 erat.
1690 4815 1737 4888 Et
1751 4829 1970 4886 concurrunt
1985 4815 2118 4886 multae
2131 4831 2255 4882 causae.

1288 4923 1412 4995 Voluit
1437 4936 1554 4992 extare
1575 4919 1836 4997 testimonium,
1870 4919 1967 5011 quod
1990 4931 2096 4986 natus
2116 4927 2201 4984 esset
2220 4929 2256 4975 ex

1286 5026 1436 5118 posteris
1450 5018 1617 5094 Abrahae
1634 5024 1672 5090 in
1690 5017 1758 5091 hoc
1781 5020 1934 5112 populo,
1967 5019 2064 5113 quod
2088 5029 2175 5086 esset
2194 5007 2256 5080 hu-

1287 5131 1342 5200 ius
1358 5127 1535 5199 Ecclesiae
1555 5125 1670 5194 socius
1689 5138 1722 5193 et
1741 5124 1957 5192 membrum:
1996 5121 2057 5191 sed
2080 5115 2255 5211 praecipua

1287 5255 1389 5302 causa
1414 5242 1464 5299 est
1492 5227 1664 5298 subiectio
1687 5226 1754 5295 sub
1772 5227 1902 5315 legem,
1936 5246 2026 5318 quae
2040 5245 2113 5292 non
2137 5231 2186 5287 est
2206 5214 2255 5280 in-

250 5328 299 5402 Et
314 5332 458 5438 quidem
474 5355 531 5418 ea,
547 5357 636 5426 quae
653 5331 796 5423 proprie
812 5331 1038 5404 Sacramenta
1055 5335 1236 5416 dicuntur,
1261 5377 1265 5428 Ι
1287 5333 1476 5424 telligenda
1506 5342 1645 5401 tantum
1674 5327 1846 5408 civiliter,
1887 5327 1981 5420 qnod
2012 5319 2163 5397 voluerit
2189 5333 2254 5384 2⁵⁵0
