4622 5818
241 193 320 278 arr
390 207 396 218 ·
836 165 963 244 mn.
989 159 1107 241 rann
1132 155 1345 240 renarra
1368 153 1676 238 merram.
1838 189 1871 276 J
2048 103 2062 118 “
2198 155 2264 234 m

129 461 134 472 ‚
217 369 342 454 ‘iuxta
356 359 584 448 Decalogom.
634 343 814 421 Ertainen
830 364 897 414 nee
909 335 1110 414 circumcisi
1125 346 1237 422 erent,
1281 335 1341 407 eic
1389 355 1488 406 nnnc
1528 331 1663 410 anama
1702 325 1869 422 Papietae
1913 327 2048 400 similer
2094 327 2267 407 elationes.

250 498 315 545 nee
331 465 519 546 servabant
533 452 750 528 ceremonias
767 445 955 520 Mosaieas.
1290 435 1445 527 Quando
1468 434 1600 530 aliquis
1616 434 1659 506 lat
1674 429 1876 525 Episcopus
1899 431 2006 504 titulo
2027 443 2151 514 tenus,
2174 431 2267 526 iuret,

353 567 429 640 llas
449 557 666 634 differentias
681 561 913 633 mementote,
940 559 975 618 et
996 539 1056 614 bic
1076 539 1238 613 conside-
1292 561 1329 610 se
1350 537 1442 608 velle
1463 539 1508 607 ad
1540 536 1644 606 illum
1674 535 1794 606 locum
1820 532 2018 625 proficisci,
2043 532 2269 622 egredimffl

249 667 530 750 rateidiscrimen
546 657 650 747 Legis
665 668 701 724 et
714 648 911 740 Evangelii.
962 645 1091 718 Nullus
1115 656 1238 724 statos,
1291 642 1381 711 urbe
1413 636 1552 724 Roma,
1591 650 1626 707 et
1657 648 1874 730 protestatur
1907 635 1952 704 de
1991 623 2272 735 impossibilitate,
2302 603 2304 622 ⁴

248 801 317 854 nec
344 793 464 844 semen
487 755 670 842 Abrabae,
710 777 825 846 neque
853 749 1041 843 proselyti,
1080 769 1145 816 nec
1170 741 1239 814 viri
1292 741 1423 813 deinde
1438 741 1527 832 petit
1543 737 1827 823 absolutionem,
1851 749 1887 808 et
1902 735 2082 828 impetrat.
2303 807 2304 832 χ

251 872 406 966 religiosi
421 867 647 980 merebantur
660 856 902 928 remissionem
917 864 1139 943 peccatorum
1153 846 1242 934 lege,
1305 863 1308 866 ·
1395 853 1499 928 Tffi,
1521 855 1632 927 mnu,
1658 855 1749 926 pum
1771 854 1811 923 3„
1831 835 2272 946 multisnegoffifflppsto·

245 1005 317 1078 ,nec
335 981 408 1066 lege
431 981 535 1040 erant
558 975 661 1044 matr,
680 961 754 1028 sed
781 969 919 1026 tantum
944 953 1123 1021 credentes
1141 949 1239 1016 iuxta
1292 983 1440 1056 porum,
1478 973 1519 1038 a
1551 956 1645 1030 unffi
1676 956 1727 1027 ,pc
1757 957 1920 1030 luseum,
1959 954 2170 1028 iamenu·
2197 956 2273 1028 siem

254 1076 525 1176 promissionem
550 1067 595 1136 de
617 1059 769 1141 Messia,
817 1055 1038 1144 accipiebant
1063 1048 1243 1120 remissio·
1294 1060 1473 1156 Episcopi·

249 1171 360 1259 nem,
382 1189 418 1247 et
431 1174 500 1242 lide
515 1179 617 1241 erant
630 1163 737 1246 iusti,
761 1159 852 1230 sicut
869 1179 946 1230 nos.

284 1295 287 1302 .
360 1273 432 1350 Nee
455 1292 594 1344 necesse
619 1256 876 1335 initEtbnicos
900 1251 1116 1342 eircumcidi.
1164 1245 1244 1320 Hoc
1351 1241 1435 1322 Vae
1455 1241 1556 1316 robis
1572 1237 1725 1314 scribae
1746 1233 2021 1358 ιΙΡΙιανίειιιίξ
2044 1239 2113 1341 pm·
2132 1234 2304 1312 ,guim-¹

257 1387 366 1478 igitur
388 1389 482 1450 taxat
501 1367 685 1451 Christus,
710 1365 805 1457 quod
830 1356 1012 1430 Pharisaei
1035 1353 1168 1422 multos
1189 1373 1244 1419 er·
1401 1345 1451 1419 tis
1476 1353 1637 1416 mentam
1662 1351 1726 1414 ιη,

262 1509 360 1560 rores
375 1479 567 1562 docebant,
595 1456 1031 1560 persuadebantEtbnieis,
1056 1455 1151 1548 quod
1169 1452 1246 1542 lege

248 1595 481 1660 'mererentur
505 1569 748 1644 remissionem
782 1578 1023 1660 percomptam,
1061 1569 1096 1626 et
1124 1554 1249 1624 fierent

167 1681 173 1690 ’
227 1764 231 1770 ,
259 1689 345 1762 iusti
367 1687 458 1774 lege,
497 1675 603 1747 etita
625 1669 801 1740 iaciebant
828 1666 878 1735 eis
900 1661 1126 1755 opinionem,
1152 1655 1247 1748 qnod

262 1809 405 1864 neeesse
418 1793 507 1854 esset
521 1771 748 1856 eircumcidi,
775 1783 809 1839 et
825 1767 921 1862 quod
938 1773 1054 1834 essent
1067 1760 1142 1846 lege
1156 1756 1252 1839 iusti,

263 1910 297 1965 et
313 1888 479 1961 eiciebant
493 1877 690 1954 doctrinam
705 1874 755 1943 de
765 1866 999 1961 promissione
1024 1876 1059 1932 et
1079 1861 1125 1930 de
1149 1857 1252 1928 iusti-

262 1997 313 2068 tia
337 1989 429 2062 fidei.
482 1982 583 2054 Sicut
606 1987 729 2046 nostro
752 1985 910 2062 tempore
927 1957 1101 2038 Monaebi
1116 1961 1253 2030 discur-

264 2098 410 2182 rebant,
448 2098 483 2160 et
509 2076 709 2151 invitabant
732 2069 898 2144 homines
921 2055 980 2136 ad'
995 2057 1253 2135 Monachatum

264 2197 361 2269 falsis
380 2206 414 2262 et
427 2184 547 2276 impiis
560 2177 810 2273 opinionibus,
836 2171 932 2267 quod
947 2161 1186 2239 Monachatus
1201 2185 1255 2232 es-

266 2297 318 2371 set
333 2313 448 2368 novus
465 2273 693 2376 Baptismus,
709 2289 904 2346 mereretur
920 2267 1162 2343 remissionem
1176 2287 1256 2356 pec-

268 2415 447 2476 catorum,
471 2400 561 2457 esset
573 2381 706 2453 iustitia
730 2393 765 2448 et
785 2390 895 2448 status
916 2369 1151 2466 perfectionis.
1176 2373 1179 2382 '
1202 2363 1257 2436 Er
1293 2395 1300 2412 =

268 2501 337 2574 lanc
363 2489 522 2584 exemplo
551 2481 704 2572 intelligi
727 2495 762 2551 et
787 2475 854 2548 boc
876 2474 1076 2546 membrum
1101 2472 1141 2538 in
1160 2480 1258 2538 textu

268 2611 396 2698 potest.

1402 1497 1482 1570 lloc
1498 1509 1677 1590 peceatum
1702 1493 1808 1566 etiam
1834 1517 1972 1586 semper
1992 1505 2112 1564 manet
2127 1494 2165 1563 in
2185 1519 2274 1566 mun·
2303 1513 2304 1526 ¹

1301 1606 1370 1685 do,
1396 1600 1480 1695 quia
1505 1595 1669 1670 homines
1685 1597 1902 1666 delabuntur
1918 1597 1962 1665 ad
1980 1597 2212 1684 ceremonias,
2238 1601 2273 1667 de

1299 1703 1357 1777 bia
1372 1705 1475 1774 valde
1496 1702 1735 1785 contendunt,
1759 1712 1793 1769 et
1816 1697 1986 1766 omittunt
2007 1697 2075 1767 alia
2101 1697 2229 1770 maiora
2249 1714 2275 1771 et

1302 1804 1509 1897 simpliciter
1520 1800 1723 1871 necessaria.
1776 1795 1824 1870 Ut
1840 1793 2006 1868 antehoc
2025 1811 2166 1890 tempus
2181 1799 2274 1871 multo
2303 1843 2304 1856 κ

1303 1908 1414 1998 magis
1430 1915 1611 1996 peccatum
1628 1925 1700 1972 ease
1716 1900 1992 1984 existimabatur,
2017 1902 2200 1972 comedere
2213 1925 2276 1973 car-

1306 2033 1367 2081 nes
1389 2009 1450 2079 die
1470 2020 1584 2090 sexta,
1622 2027 1729 2096 qnam
1752 2002 1938 2070 admittere
1960 2003 2189 2089 adulterium.
2239 1999 2276 2075 llt
2303 2027 2304 2102 p

1305 2111 1512 2184 Sacerdotes
1527 2105 1656 2200 polluti
1671 2106 1769 2194 vagis
1789 2103 2022 2188 libidinibns,
2046 2103 2163 2175 multo
2184 2105 2277 2195 magis
2303 2127 2304 2196 l

1308 2213 1480 2283 dolebant
1494 2208 1622 2279 omissa
1639 2205 1756 2298 aliqua
1773 2203 1929 2275 dictione
1943 2205 1981 2273 in
1997 2201 2163 2290 Canone,
2187 2230 2276 2300 quam
2303 2215 2304 2268 l

1308 2327 1454 2406 propter
1475 2333 1556 2380 suas
1576 2309 1755 2381 libidines.
1812 2302 1860 2376 Et
1889 2289 2116 2377 nune‘motti
2137 2309 2277 2379 rixantur
2303 2281 2304 2320 l

1308 2418 1352 2485 de
1364 2413 1482 2508 parvis
1498 2413 1623 2497 rebus,
1648 2409 1743 2482 etde
1759 2407 1910 2479 maxima
1927 2406 2133 2479 idololatria
2147 2411 2277 2482 circon-

1309 2513 1513 2623 gestationis
1530 2511 1631 2606 panis
1643 2510 1785 2583 nullom
1800 2509 1948 2580 verbum
1966 2509 2106 2600 dieunt.

1410 2641 1585 2721 Mon'acbi
1607 2661 1642 2718 et
1661 2643 1877 2718 Summistae
1897 2643 2119 2738 seripserunt
2146 2646 2278 2739 plurima

371 2781 393 2818 ¹¹
481 2771 566 2852 Vae
581 2769 649 2874 qni
662 2769 762 2841 iurat
780 2788 844 2865 per
863 2757 1050 2860 templum·
1310 2757 1355 2826 de
1372 2751 1525 2846 peccatis
1539 2763 1663 2820 contra
1685 2746 1893 2820 traditiones
1910 2740 2105 2834 humanas,
2129 2749 2172 2819 de
2187 2748 2278 2818 viola·
2303 2791 2304 2862 l

1312 2858 1409 2929 tione
1425 2851 1569 2937 ieiunii,
1593 2865 1628 2922 et
1642 2847 1818 2944 similibus
1832 2846 1947 2938 nugis.
2000 2844 2141 2922 Interea
2156 2852 2277 2920 luerunt
2303 2879 2304 2930 l

1312 2957 1406 3029 coeti
1421 2958 1460 3025 in
1478 2954 1557 3024 aliis
1572 2952 1765 3022 maioribus
1782 2951 1899 3023 rebus.
1949 2943 2051 3018 Nihil
2076 2951 2233 3023 dixerunt
2245 2953 2278 3020 de
2303 2945 2304 2964 ¹

1312 3061 1382 3130 lide
1411 3055 1601 3146 accipiente
1630 3051 1872 3122 remissionem
1902 3065 2140 3142 peccatorum.
2197 3051 2278 3123 Nihil

375 2929 586 3022 Exponatur
616 2919 743 2992 ordine
776 2905 860 2984 vera
892 2909 1053 2983 doctrina
1087 2905 1130 2974 de
1165 2903 1261 2974 iura-

1312 3165 1480 3234 dixcrnnt
1495 3159 1539 3226 de
1554 3153 1744 3246 multiplici
1765 3151 1970 3224 idololatria
1988 3153 2027 3222 in
2045 3153 2145 3226 culta
2163 3167 2279 3226 sanato·

2303 4055 2304 4090 l

272 3051 406 3116 mento.
459 3029 557 3120 Quid
571 3026 617 3096 ait
632 3025 890 3097 iuramentum,
916 3014 1010 3108 quod
1025 3011 1071 3082 sit
1084 3005 1261 3078 invocatio

272 3141 362 3223 Dei,
387 3149 428 3208 ut
442 3133 487 3201 sit
502 3129 599 3201 testis
614 3123 790 3204 veritatis,
816 3133 849 3219 et
874 3116 1000 3208 puniat
1023 3110 1262 3181 mentientem.

274 3243 324 3318 Et
339 3241 435 3309 Deus
451 3230 547 3303 hunc
564 3227 726 3299 ordinem
748 3223 880 3302 sanxit,
908 3232 942 3288 et
964 3218 1013 3287 ita
1041 3213 1137 3286 facit.
1192 3207 1261 3280 Sed

277 3343 435 3418 mundus
450 3345 569 3428 peccat
585 3325 828 3419 multipliciter
844 3323 881 3392 in
895 3318 1061 3392 iurando.

384 3459 418 3531 l.
469 3451 512 3522 ln
533 3442 832 3527 execrationibus,
858 3441 941 3534 quia
955 3437 1141 3506 invocatur
1154 3428 1263 3514 Dens,
1416 3378 1678 3500 ‚D'mmfrffi
1700 3369 1865 3444 chriam
1885 3371 2143 3490 Μβιθθῖἷῡῦθῐΰ
2171 3374 2279 3446 sunda·

279 3560 412 3638 utaliis
428 3565 572 3636 noceat,
596 3561 719 3618 eontra
735 3545 930 3615 secundum
946 3537 1163 3610 mandatum.
1275 3521 1276 3526 ’
1317 3495 1440 3556 '‘¹⁶³¹'’
1491 3476 1538 3550 Et
1553 3472 1727 3598 b¹ffv³¹de
1743 3474 2177 3592 Pf⁰d²⁸ld2⁸⁰ff⁰ffldu³
2198 3497 2279 3567 prro·

881 3631 882 3634 ¹
1318 3599 1514 3675 ceptomm.
1574 3579 1631 3651 Sat
1664 3599 1747 3668 ergo
1780 3570 1867 3646 haee
1900 3575 2104 3647 distinctio:
2146 3576 2220 3649 Alia
2241 3586 2279 3644 est

339 3752 340 3758 ,
384 3679 421 3748 2·
472 3670 515 3790 ¹3¹
548 3665 701 3786 l⁰f³¹¹d⁰
732 3685 797 3754 l'er
830 3661 915 3732 ὥθ’
947 3681 1002 3728 '²³
1038 3666 1073 3725 ⁰¹
1105 3675 1179 3721 ‘¹⁰¹¹
1206 3673 1268 3743 Per
1318 3685 1480 3758 doctrina
1506 3683 1551 3752 de
1573 3680 1755 3775 aliquibus
1781 3675 1991 3748 ceremoniis
2013 3691 2153 3770 praeter
2171 3678 2279 3750 fonda-

278 3789 416 3865 Deum,
441 3796 524 3870 qma
546 3770 635 3842 aliae
658 3787 712 3836 res
729 3786 803 3834 non
817 3773 965 3853 possunt
985 3779 1059 3826 esse
1083 3767 1206 3838 testes,
1227 3763 1269 3824 ut
1316 3799 1488 3858 mentum·

279 3881 413 3960 mortui
430 3877 488 3948 vel
504 3871 639 3965 lapides
655 3867 820 3958 ignorant
834 3874 972 3933 nostras
985 3857 1152 3930 actiones.

383 3999 420 4072 δ.
470 3980 922 4072 lniurandode'obiectis,
945 3978 1071 4061 idest,
1095 3974 1202 4043 rebus
1223 3970 1270 4040 il·
1309 4011 1315 4018 ·
1680 3904 1683 3910 Ι
1719 3941 1911 4028 Rts'ulae·
1964 3999 1966 4006 .
2098 3963 2101 3970 ·

281 4104 408 4187 licitis,
433 4109 475 4168 ut
490 4095 534 4164 de
550 4089 738 4160 coelibatu.
1368 4065 1372 4072 ’
1421 4071 1592 4146 Doctrina
1615 4066 1837 4138 fundamenti
1870 4079 1922 4138 est
1954 4066 2117 4138 doctrina
2144 4067 2277 4142 omnim
2303 4091 2304 4148 ι

357 4224 421 4293 ¹l.
468 4213 512 4286 ln
525 4209 682 4282 fallendo
699 4204 772 4274 sive
789 4195 979 4292 sophistice
992 4195 1067 4267 sive
1081 4209 1211 4290 aperte,
1237 4208 1271 4266 et
1320 4175 1550 4248 ³lll²¹¹l⁰1¹¹¹¹¹
1571 4171 1672 4256 fidel,
1703 4181 1737 4239 ⁰²
1759 4168 1920 4238 (Ῑῦΰῑῑῑῐὶθ
1940 4159 2122 4261 Βθῡαίοὲί.
2168 4161 2304 4243 Βώπἶ

273 4347 357 4408 ,non
379 4317 541 4390 iaciendo
564 4311 735 4403 promissa
764 4328 826 4396 per
855 4303 1105 4373 iuramentum.
1171 4298 1272 4370 Sicut
1320 4275 1570 4352 dicllP³⁰l⁰⁵²
1604 4269 1892 4343 Fundamenfflffl
1917 4269 2017 4341 allud
2040 4273 2125 4364 poni
2144 4297 2211 4342 non
2230 4291 2278 4359 po·

284 4421 498 4502 lefellitille,
523 4415 586 4509 qui
604 4408 765 4503 promisit
785 4405 929 4494 triginta
946 4400 1271 4482 dierumindueias,
1321 4395 1407 4461 ¹0⁸1,
1442 4389 1582 4470 {mett-r
1609 4375 1667 4453 id,
1689 4371 1805 4467 'quod
1828 4370 1985 4463 potitum
2006 4385 2058 4444 est
2079 4387 2142 4445 ete.
2199 4369 2277 4442 Haut

274 4541 321 4608 ,et
334 4535 442 4594 noctu
459 4513 645 4611 populatus
660 4522 711 4580 est
725 4529 836 4598 agros,
857 4505 940 4598 qnia
957 4505 1095 4575 diemm
1110 4502 1272 4573 induciae
1322 4481 1520 4552 (¹⁰⁶¹fln2m
1541 4474 1767 4547 fundamenti
1783 4485 1924 4564 ‘’9⁰1¹“
1940 4497 2065 4544 ΟΜ*
2079 4499 2194 4561 ὓῦῑῦθι
2215 4465 2276 4541 ‘lli
2303 4491 2304 4562 l

287 4624 479 4724 pmmissae
494 4629 613 4701 erant,
640 4633 713 4682 non
729 4608 899 4680 noctium.
1322 4584 1478 4654 obedire.

390 4721 525 4796 Omnia
551 4715 637 4788 haec
658 4709 790 4806 genera'
817 4715 1040 4808 peccatorum
1060 4701 1196 4773 violant
1217 4724 1273 4772 se-
1424 4696 1465 4771 Si
1488 4697 1569 4791 qnia
1590 4695 1733 4767 adultos
1762 4691 1917 4764 erratio
1939 4715 2013 4763 uno
2043 4691 2186 4765 artimlo
2207 4681 2276 4764 idei.

289 4830 447 4903 eundum
465 4833 685 4915 praeceptum
702 4809 882 4899 Decalogi,
907 4817 941 4875 et
957 4815 1039 4874 sunt
1054 4827 1179 4894 magna
1194 4828 1274 4895 pee-
1324 4814 1386 4874 aut
1405 4801 1436 4871 ai
1460 4811 1581 4870 contra
1602 4796 1854 4868 conscientiam
1872 4792 1983 4865 violat
1997 4792 2220 4882 Decalogum,
2239 4795 2277 4853 est

289 4948 382 5015 cata,
404 4948 493 5022 qnae
507 4919 604 4992 Deus
618 4921 656 4986 in
672 4915 737 4987 bac
754 4913 824 4984 vita
840 4909 963 5001 punit,
990 4918 1025 4977 et
1038 4907 1066 4974 si
1082 4929 1155 4975 non
1170 4919 1276 4996 agant
1312 4925 1407 4974 -reua
1421 4917 1582 4974 aeternae
1595 4897 1734 4971 mortis.
1785 4889 2108 4980 luxtahaecdieta:
2137 4891 2201 4982 Qut
2213 4883 2275 4958 talia

277 5029 454 5110 ,homines
470 5020 744 5120 poenitentiam,
768 5011 873 5108 punit
892 5008 1045 5081 aeternis
1058 5009 1181 5099 poenis
1198 5021 1277 5100 post
1325 5006 1474 5088 facient,
1508 5024 1656 5090 regnum
1677 4996 1744 5070 Dei
1766 5020 1841 5068 non
1863 4998 2106 5085 possidebunt.
2154 4982 2304 5064 Galia}

291 5131 383 5204 hm
401 5132 521 5202 vitam·
795 5153 798 5160 ·
1328 5106 1412 5177 ldeo
1434 5106 1544 5176 simus
1566 5101 1714 5186 attenti,
1746 5113 1782 5170 et
1803 5111 1896 5169 recte
1919 5099 2093 5170 discamus
2112 5091 2276 5168 doctrinan

281 5295 284 5302 .
392 5229 442 5302 Ut
473 5241 591 5300 autem
613 5217 776 5294 Christus
805 5211 866 5286 bic
894 5223 988 5283 taxat
1010 5205 1277 5280 Pharisaeomm
1326 5204 1569 5288 fundamenti,
1605 5216 1639 5275 et
1661 5200 1862 5274 doctrinam
1884 5201 2111 5273 neeessariam
2131 5185 2304 5276 noorai

293 5330 520 5414 traditiones,
557 5327 647 5422 quae
676 5331 809 5422 astutae
845 5315 1037 5388 eludebant
1063 5313 1277 5382 iuramenta:
1327 5325 1361 5380 et
1377 5309 1416 5378 in
1431 5303 1489 5378 his
1502 5327 1680 5376 servemus
1696 5300 1927 5376 conscientias
1950 5301 2099 5376 illaesas.
2145 5289 2274 5370 Nmn·
2303 5281 2304 5296 ¹

1315 3287 1415 3348 rum,
1441 3272 1476 3330 et
1491 3258 1571 3328 aliis
1588 3255 1811 3328 idololatriis.
