4612 5820
83 133 160 204 bib,

78 402 178 491 regula
193 404 341 472 tenenda
359 417 427 472 est:
452 399 559 490 Quod
571 401 667 473 Deus
684 403 721 471 iu
738 400 944 497 bisquoque
961 407 1039 496 opi-

78 504 164 572 tulari
187 505 287 573 uobis
312 503 415 586 velit,
449 504 533 575 velit
555 503 729 590 invocari,
757 507 818 574 sed
842 520 959 578 tamen
982 533 1038 578 re-

78 605 174 696 quirat
189 605 446 688 obedientiam,
471 607 534 674 etsi
554 619 700 676 eventus
716 608 890 696 gubernat
912 625 945 679 et
967 611 1034 678 rni-

77 707 256 793 tigat,alias
272 707 387 777 aliter.
439 705 523 776 ldeo
537 708 587 776 sic
604 720 780 794 petamus,
803 723 841 779 ut
859 723 974 780 tamen
991 713 1035 780 ad

74 808 288 878 obedientiam
305 809 341 878 in
360 803 416 876 his
432 810 676 900 corporalibus
694 809 949 881 afflictionibus
971 837 1033 900 pa-

72 909 126 976 rati
145 910 265 996 simus,
299 925 337 981 ut
357 910 477 980 David
499 912 621 1001 pulsus
642 910 681 978 in
704 911 869 996 exilium,
898 914 1035 1004 petebat

71 1032 99 1085 se
119 1013 246 1091 reduci,
273 1014 436 1082 credebat
458 1012 527 1081 sibi
550 1013 747 1084 condonari
771 1027 965 1104 peccatum,
998 1039 1033 1084 se

70 1112 226 1198 exaudiri,
249 1113 365 1183 Deum
383 1113 637 1205 opitulaturum
656 1137 748 1204 esse,
777 1137 812 1183 se
829 1110 1032 1186 habitururn

70 1236 129 1281 esse
144 1214 244 1285 vitam
260 1229 447 1286 aeternam.
489 1217 557 1286 Sed
577 1207 671 1284 bunc
687 1215 905 1307 corporalem
923 1243 1031 1287 even—

69 1328 129 1382 tum
145 1315 211 1385 Deo
228 1318 488 1396 committebat,
515 1317 579 1386 etsi
595 1318 840 1387 liberationem
857 1341 918 1390 seu
935 1320 1032 1388 miti·

67 1416 220 1501 gationem
238 1419 394 1508 petebat,
421 1433 455 1488 et
479 1432 594 1488 tamen
614 1421 657 1486 ad
677 1419 912 1490 obedientiam
932 1445 1032 1511 para-

68 1531 113 1584 tus
126 1531 208 1601 erat,
232 1521 323 1590 sicut
343 1520 474 1612 inquit:
503 1519 542 1591 Si
559 1521 652 1589 volet
669 1519 862 1605 Dominus,
888 1526 1030 1593 reducet

69 1641 127 1697 me,
151 1620 267 1688 sinon
283 1622 396 1702 volet,
423 1623 483 1690 fiat
499 1622 663 1692 voluntas
678 1619 837 1692 Domini.

149 1719 204 1791 Sic
219 1725 374 1792 exercuit
390 1723 486 1791 Deus
501 1747 623 1793 omnes
639 1736 797 1805 sanctos,
819 1723 1028 1813 gubernavit

70 1835 192 1892 eventus
221 1823 328 1912 louge
358 1827 476 1909 aliter,
509 1849 616 1918 quarn
644 1825 848 1894 ratiocinari
873 1821 1026 1894 humana
1074 1867 1078 1872 ,

68 1943 147 1992 mens
164 1937 287 2016 potest.
342 1925 474 1996 Moises
497 1950 576 1996 cum
599 1927 769 1996 educebat
792 1929 961 2018 populum
987 1951 1027 1994 ex

68 2019 203 2118 Aegypto
226 2049 449 2120 nequaquam
477 2029 698 2098 existimabat
725 2041 861 2098 tanturn
892 2028 1027 2097 exerci-

67 2137 125 2192 tum
142 2129 369 2220 qnadraginta
387 2130 491 2200 annis
513 2131 551 2198 in
567 2134 705 2200 deserto
724 2133 917 2219 regendum
941 2153 1025 2198 esse.

66 2225 129 2296 Non
153 2231 376 2318 praevidebat
407 2231 542 2302 suturas
564 2246 617 2301 tot
646 2231 854 2313 seditiones,
886 2245 1023 2301 tautum

10 2351 11 2354 ’
64 2331 299 2404 scandalorum.
353 2333 512 2402 Tandem
531 2335 671 2404 inducit
684 2331 778 2401 Deus
801 2333 970 2424 populum
986 2332 1025 2400 in

65 2444 170 2500 terram
190 2435 411 2524 promissam.
464 2432 514 2504 lta
542 2451 687 2505 eventus
711 2436 813 2523 longe
840 2435 941 2503 aliter
957 2456 1022 2522 gu-

63 2533 224 2618 bernatur,
263 2560 371 2628 quam
391 2535 544 2625 cogitare
566 2535 699 2604 Moises
726 2551 873 2627 poterat.
928 2534 1022 2604 lere-

63 2635 223 2706 misserat
252 2659 397 2722 suasor,
429 2650 469 2706 ut
499 2638 649 2728 populus
680 2637 958 2728 proficisceretur
986 2638 1023 2705 in

8 2767 9 2838 ᾗ
63 2737 200 2822 erilium,
225 2751 264 2808 et
279 2740 474 2809 affirmabat
491 2740 667 2808 redituros
682 2763 772 2819 esse,
798 2741 855 2807 sed
875 2762 1024 2831 quomo-

7 2851 9 2878 *
62 2839 111 2918 do,
134 2865 199 2932 quo
217 2841 309 2910 duce
331 2840 480 2912 redituri
499 2855 631 2925 essent,
659 2841 846 2913 nesciebat.
889 2838 939 2910 lta
959 2863 1024 2908 nos

62 2956 176 3028 oportet
201 2941 382 3011 vocationi
413 2965 552 3033 parere,
595 2957 628 3012 et
651 2957 796 3012 eventus
825 2941 1024 3032 corporales

61 3041 123 3110 Deo
144 3045 380 3127 committere,
406 3057 440 3113 et
461 3056 578 3113 tamen
607 3068 765 3113 exercere
788 3043 892 3112 fidem
911 3045 949 3111 in
966 3066 1021 3111 rn-

61 3147 236 3225 rocatione,
267 3157 299 3213 et
320 3159 451 3234 petere,
478 3159 516 3214 ut
535 3144 628 3216 Deus
651 3148 822 3234 gubernet
847 3160 879 3214 et
902 3147 1023 3214 mode-

61 3260 137 3316 retur
149 3247 306 3338 pericula
325 3261 358 3317 et
373 3261 528 3315 eventus.

393 3413 538 3465 Tertius
557 3413 667 3464 locus.

139 3517 398 3589 Testimonium
418 3513 475 3588 bie
490 3531 601 3600 extat,
627 3519 722 3610 quod
743 3518 780 3585 in
797 3517 926 3588 sanetis
950 3519 1020 3589 sint

582 127 666 200 xu.
720 126 1115 212 anuortrroues
1145 143 1193 214 ns
1215 103 1546 229 evincuntur.

162 297 227 369 Sed
255 302 298 370 de
322 301 506 370 eventibus
539 301 779 392 periculorum
806 306 1041 394 corporalium

2009 188 2085 260 214

1231 317 1447 405 Dominioa
1477 325 1653 437 V.post
1682 339 1931 446 Epiphania.

1076 497 1087 518 .
1351 467 1584 562 Evangelinrn
1610 477 1737 556 Mattlt.
1759 489 1816 562 13.

1450 626 1510 696 De
1536 633 1722 710 Zizouiis.

1141 758 1266 831 Aliam
1284 766 1508 860 parobolam
1522 785 1713 876 proposuit
1728 785 1927 873 eisdiceus:
1946 801 2077 878 Srim'le

1188 873 1238 933 est
1263 889 1413 960 regnum
1437 872 1615 950 coelorum
1639 879 1800 974 homini,
1888 900 1895 916 '
1999 909 2006 926 '

1191 964 1239 1036 vil
1258 966 1391 1040 bouum
1406 997 1525 1046 semen
1541 978 1582 1049 irs
1595 1009 1688 1078 agro
1704 1014 1781 1066 suo.
1833 993 1926 1072 Cum
1953 1021 2073 1082 autem
2162 1073 2167 1086 .

1189 1063 1388 1191 dormirent
1404 1069 1588 1162 homines,
1617 1089 1709 1160 veuit
1728 1092 1899 1173 imbricus
1916 1110 2012 1196 eius,
2041 1125 2072 1184 et

1179 1181 1488 1288 'superseminavit
1514 1181 1666 1257 zz'zanr'a
1692 1190 1730 1261 in
1747 1197 1865 1272 medio
1883 1211 2013 1296 tritici,
2041 1229 2072 1286 et

1186 1271 1292 1385 ubist.
1346 1271 1439 1348 Cum
1463 1292 1583 1353 autem
1609 1295 1850 1382 germinasset
1876 1301 2009 1398 herba,
2039 1331 2070 1388 ot

1177 1378 1345 1493 sructura
1364 1381 1534 1478 fecisset,
1569 1397 1654 1461 tunc
1679 1421 1930 1494 apparuerunt
1957 1426 1988 1486 et
2013 1423 2069 1491 zi-

1185 1501 1313 1595 zopra.
1365 1481 1576 1559 Accedentes
1603 1506 1723 1566 aretem
1756 1507 1854 1576 servi
1880 1521 2068 1620 patrissa-

1184 1578 1330 1662 mrlios,
1359 1579 1535 1658 dixerunt
1562 1593 1611 1662 ei:
1628 1594 1823 1688 Domine,
1858 1637 1977 1690 nonne
2003 1623 2067 1692 bo-

1182 1704 1270 1792 num
1296 1707 1414 1755 semen
1440 1690 1635 1765 seminasti
1667 1699 1706 1768 in
1731 1731 1824 1798 agro
1851 1717 1941 1785 tuo?
1972 1725 2068 1795 unde

1180 1804 1264 1900 ergo
1291 1781 1401 1860 hobel
1425 1790 1606 1866 zizania?
1658 1799 1864 1883 Illeuulem
1881 1820 1954 1890 ait:
1981 1823 2066 1896 Im·-

1181 1909 1297 1955 mrcus
1323 1883 1430 1959 homo
1457 1887 1525 1965 hoc
1543 1896 1648 1996 fecit.
1699 1903 1807 1979 Servi
1822 1929 1943 1991 autem
1960 1924 2064 1999 dice-

1182 1997 1267 2056 ruul
1294 1989 1345 2058 ei:
1376 1989 1448 2064 Vis
1465 2019 1549 2090 ergo
1563 2011 1602 2069 ut
1619 2016 1739 2076 euntes
1756 2011 1977 2111 colligamus
1995 2055 2035 2099 eo
2047 2031 2066 2098 Ρ

1180 2083 1256 2205 Ille
1281 2101 1402 2208 zeutem
1429 2095 1502 2165 ait:
1525 2097 1634 2185 Nou,
1661 2133 1704 2176 ne
1721 2111 1826 2208 sorte
1853 2123 2063 2220 colligentes

1175 2215 1346 2306 eractura,
1375 2193 1566 2272 eradicetis
1590 2207 1707 2279 sr'rrml
1728 2237 1806 2283 cum
1825 2222 1875 2291 eis
1891 2229 2061 2305 triticum.

1177 2287 1298 2410 Sinite
1324 2304 1478 2396 utruque
1505 2323 1654 2406 creseere
1682 2337 1793 2412 arsque
1823 2321 1878 2392 ad
1900 2355 2061 2418 messem,
2127 2347 2133 2358 '

1175 2403 1213 2517 et
1245 2421 1283 2514 ιηΙ
1318 2407 1473 2496 tempore
1501 2407 1630 2478 messis
1669 2407 1789 2486 dicam
1822 2434 2060 2508 messoribus:

1177 2489 1355 2592 colligite
1373 2502 1534 2598 primum
1562 2509 1734 2598 zizanio,
1763 2531 1794 2588 et
1818 2525 1990 2624 colligate
2018 2564 2060 2610 ea

1179 2599 1217 2668 iu
1243 2601 1472 2698 fasciculos,
1511 2619 1549 2677 ut
1576 2612 1854 2708 comburuntur,
1899 2635 2059 2712 triticum

1176 2711 1296 2771 aretem
1325 2719 1540 2802 congregate
1566 2712 1605 2781 in
1632 2710 1802 2793 horreum
1830 2755 1956 2806 meum.

1179 2887 1280 2960 Unus
1300 2906 1349 2961 est
1375 2897 1581 2986 praecipuus
1605 2901 1703 2971 locus
1735 2901 1840 2979 buius
1862 2912 2049 3011 Evangelii

968 3044 976 3060 .
1075 2994 1169 3083 qarod
1194 2991 1231 3060 in
1249 2990 1404 3063 Ecclesia
1422 3023 1494 3068 non
1514 3000 1615 3070 liceat
1632 3005 1754 3076 tollere
1770 3013 1802 3078 vi
1819 3028 1850 3084 et
1867 3020 1985 3105 gladio
2003 2984 2061 3095 in:

1075 3093 1298 3178 obedientes,
1325 3097 1456 3173 scilicet
1482 3105 1575 3191 qarod
1600 3108 1726 3177 attinet
1751 3116 1792 3180 ad
1823 3119 2057 3197 ministerium

1074 3195 1327 3285 Apostolorum
1350 3213 1383 3268 et
1409 3201 1525 3280 verbi,
1553 3205 1678 3290 idest,
1707 3215 1749 3279 ad
1776 3233 1978 3306 potestatem
2003 3254 2058 3298 ec-

1074 3295 1299 3367 clesiasticam
1308 3350 1320 3382 ,
1347 3302 1447 3370 euius
1462 3303 1616 3374 officium
1638 3313 1820 3402 proprium
1837 3336 1907 3407 est,
1936 3351 2007 3398 non
2024 3335 2058 3400 vi
2075 3327 2077 3334 ’
2172 3389 2174 3398 .

1074 3400 1267 3489 corporali,
1301 3404 1359 3469 sed
1391 3415 1527 3472 tantum
1564 3411 1671 3478 verbo
1706 3437 1851 3505 arguere
1885 3420 2056 3502 homiues.

1072 3499 1161 3568 Nam
1179 3523 1324 3590 regnum
1343 3497 1477 3574 Christi
1500 3520 1551 3576 est
1573 3531 1719 3599 regnum
1736 3519 1937 3614 spirituale,
1963 3543 2056 3626 quod

58 3633 191 3705 peccata,
218 3635 261 3690 ut
277 3616 335 3690 hic
354 3622 392 3689 in
402 3617 581 3710 Apostolis
596 3621 786 3710 trepidatio
804 3634 947 3710 propter
965 3622 1019 3691 in·
1071 3602 1146 3670 ⁵⁰¹⁰
1165 3605 1294 3687 Vssfb⁰r
1321 3605 1396 3673 ⁵5⁰⁰
1413 3606 1531 3695 gladl⁰
1547 3615 1690 3700 llssllllf·

56 3721 232 3792 firmitatem
252 3722 355 3792 [adei.-
396 3721 605 3792 Metuebant
619 3745 655 3791 se
672 3735 706 3791 et
724 3722 909 3791 dominum
926 3723 1019 3814 peri-

1173 3717 1246 3789 lam
1271 3715 1327 3788 bic
1350 3723 1547 3814 quaeritur:
1574 3723 1701 3800 Utrum
1726 3734 1851 3824 igitur,
1879 3769 1950 3815 non
1979 3751 2058 3822 licet

56 3834 244 3910 turosesse,
279 3840 495 3900 cumtaurcn
520 3823 902 3892 vocationemdomini
933 3847 1017 3892 nos·
1071 3823 1194 3890 tollere
1214 3824 1414 3930 adulteros,
1443 3820 1664 3900 homicidas?
1689 3847 1750 3906 etc.
1803 3841 1862 3912 Sic
1880 3850 1973 3916 enirn
1991 3855 2057 3921 ali-

56 3939 126 3994 sent,
173 3925 273 4018 Hm
291 3925 476 3994 infirmitas
494 3925 604 4026 marita
623 3940 757 4015 peccata
772 3925 902 4016 gignit,
930 3950 1018 4018 quae
1073 3925 1152 4015 quis
1166 3927 1402 4012 argumentari
1424 3943 1554 4017 posset:
1581 3929 1725 4003 Zizania
1743 3964 1815 4009 non
1831 3961 1911 4016 sunt
1928 3952 2056 4022 tollen-

56 4035 150 4096 ΜΗ,
170 4029 261 4098 mio
279 4053 350 4100 non
365 4027 448 4096 sapis
464 4026 620 4096 iudicare
637 4041 759 4117 potest,
812 4025 923 4117 saepe
939 4052 1018 4120 pec.
1070 4029 1134 4105 da,
1149 4025 1314 4096 Adultcri
1330 4041 1414 4097 sunt
1428 4029 1577 4126 zizarria:
1605 4057 1687 4124 ergo
1711 4042 1861 4113 adulteri
1885 4073 1957 4118 non
1975 4079 2056 4130 sunt

55 4125 318 4214 cantbomines,
350 4129 403 4198 vel
434 4127 618 4198 securitate
644 4130 698 4196 vel
724 4127 945 4212 diffidentia,
978 4144 1018 4199 ut
1071 4127 1231 4200 tollendi.
1291 4125 1562 4198 Concedendum
1588 4149 1637 4203 est
1661 4151 1773 4207 totum
1797 4168 2044 4236 argumentum

53 4251 129 4298 nuuc
150 4232 254 4304 multi
278 4231 407 4302 iniusta
425 4229 621 4300 diffidentia
645 4246 822 4324 quaerunt
843 4233 1017 4322 praesidia
1071 4231 1164 4322 quod
1184 4231 1307 4298 attinet
1331 4231 1564 4300 ministerium
1585 4238 1699 4322 verbi,
1728 4266 1799 4310 raon
1820 4256 1914 4340 qarod
1939 4260 1982 4325 ad
2005 4220 2056 4332 cii

52 4331 247 4406 inconcessa.

383 4464 539 4524 Quartus
556 4461 668 4514 locus.

134 4569 350 4661 Proponitur
366 4570 479 4638 dulcis
496 4569 708 4648 consolatio,
727 4571 821 4659 quod
840 4569 942 4636 etiam
960 4569 1016 4636 in-

52 4670 169 4739 firmam
192 4673 297 4741 fidem
321 4669 418 4740 Deus
443 4672 624 4748 exaudiat,
662 4684 695 4739 et
724 4683 806 4736 sunt
831 4673 941 4739 multa
969 4672 1017 4739 si-

53 4773 132 4842 milia
164 4772 340 4864 exempla,
381 4786 421 4841 ut
451 4773 489 4838 in
514 4771 656 4841 Marco:
704 4769 819 4840 Credo
852 4769 1016 4856 Domine,

51 4876 97 4940 sed
113 4874 235 4946 adiuva
251 4874 534 4944 incredulitatem
554 4897 680 4946 meam.
740 4871 834 4942 llaec
858 4875 1013 4964 exempla

52 4991 195 5060 monent,
219 4991 259 5046 ut
281 4997 509 5064 agnoscamus
539 4975 797 5056 infirmitatem,
832 4988 863 5043 ct
898 4989 1011 5044 tamen

53 5081 356 5148 nondeterreamur
373 5079 417 5145 ab
433 5077 676 5157 invocatione,
704 5087 750 5144 sic
773 5076 867 5144 enirn
892 5077 1014 5145 crescit

53 5175 137 5262 fides,
160 5203 238 5249 cum
262 5179 373 5269 magis
389 5179 568 5272 magisque
590 5192 789 5260 exercetur,
816 5179 906 5248 sicut
924 5178 1011 5246 dici·

53 5289 110 5345 tur:
132 5277 283 5354 Habenti
299 5281 453 5354 dabitur.

1073 4331 1177 4399 vitem
1202 4342 1435 4422 potestatem.'
1475 4330 1700 4422 Magistratus
1723 4344 1836 4418 civilis
1863 4347 1967 4428 halrrt
1991 4390 2053 4455 po-

1071 4447 1229 4503 testatem
1253 4433 1402 4502 tollendi
1428 4433 1623 4516 adulteros,
1654 4437 1866 4537 homicidas,
1897 4472 1930 4528 et
1955 4463 2051 4534 sirni-

1072 4536 1119 4604 les
1145 4535 1257 4625 palam
1281 4533 1483 4623 flagitiosos.
1538 4537 1765 4629 Magistratus
1789 4555 1902 4641 enirn,
1928 4578 1966 4633 ut
1995 4567 2052 4636 in-

1069 4637 1146 4730 quit
1162 4635 1304 4718 Paulus,
1331 4652 1381 4706 est
1402 4639 1462 4731 qui
1481 4639 1547 4709 fert
1561 4643 1716 4730 gladium
1735 4649 1771 4720 in
1790 4665 1957 4732 terrorem
1977 4693 2050 4739 ma-

1069 4739 1131 4822 lis,
1158 4753 1196 4806 ut
1211 4739 1338 4836 pruriat
1353 4760 1422 4810 eos.
1477 4738 1581 4814 trem:
1611 4743 1680 4816 Lex
1705 4767 1754 4823 est
1773 4755 1912 4830 iniustis
1927 4769 2036 4853 posita

1068 4853 1099 4909 et
1119 4863 1311 4931 poenarum
1327 4841 1485 4910 civilium
1503 4857 1571 4912 tres
1587 4861 1671 4919 sunt
1688 4877 1821 4932 causae.
1862 4859 1978 4936 Prima
1999 4830 2051 4944 esi

1069 4938 1210 5010 lusticia
1228 4937 1309 5011 Dei.
1350 4941 1530 5025 Secunda,
1555 4941 1776 5042 Exemplum.
1819 4959 1951 5050 Tertia,
1979 4969 2047 5045 Pax

1066 5043 1226 5133 publica,
1250 5057 1289 5112 ut
1305 5044 1390 5112 :ilias
1408 5045 1578 5136 prolixius
1596 5053 1736 5130 dicitnr.

1168 5177 1314 5248 Licetne
1338 5179 1556 5266 magistratui
1580 5186 1706 5274 punire
1724 5185 1940 5271 haereticos?
1965 5207 2047 5284 Ma.

1066 5279 1169 5348 xime.
1229 5278 1456 5369 Magistratus
1481 5280 1575 5352 enim
1608 5301 1657 5358 est
1681 5305 1798 5368 custos
1817 5301 1926 5376 totius
1952 5309 2047 5401 tegis,

1259 5475 1263 5482 .
1356 5377 1437 5496 ¹4*
