4590 5808
241 202 324 284 on
552 145 564 179 ²
850 183 982 268 aratu
1007 172 1127 268 itan
1152 169 1688 272 smtrratxnnnttce.
1878 261 1889 284 ‚
2196 187 2258 268 on

248 378 394 474 crapula
416 387 453 448 et
469 369 658 446 ebrietate.
716 359 794 440 Cor
814 381 899 436 vern
922 361 1009 438 dicit
1034 357 1141 436 corda
1162 380 1247 453 gra·
1299 359 1408 436 allato
1428 357 1548 456 postlt.
1604 353 1696 433 ‘rate
1714 359 1783 434 tute
1802 361 1977 436 ieiunium
1990 359 2135 437 Decidit
2153 365 2258 440 obiur-

251 477 352 558 varii
378 477 521 550 videtur
543 472 639 545 enim
656 467 777 565 potina
790 466 983 540 dicendum
999 465 1126 552 inisse,
1157 483 1248 534 ven·
1299 464 1373 556 gali
1391 486 1413 535 a
1434 457 1611 556 Propheta
1628 457 1782 540 Nathan.
1849 462 1910 536 Sic
1932 465 1973 538 in
1994 463 2121 538 Ninive
2141 466 2258 538 ieiuna·

251 600 346 659 trem
369 591 474 676 pastu
494 588 653 670 potuque
675 570 869 644 immodico
890 568 1066 660 repletum
1084 589 1124 638 ac
1137 565 1247 637 reier·
1299 575 1387 636 runt
1405 564 1517 660 aliqui
1535 565 1647 638 uncti
1663 559 1828 637 hominen
1842 567 1963 640 audita
1979 568 2145 640 concione
2159 569 2259 642 lonae.

253 681 456 760 tum'inerti
470 677 565 749 mole
578 672 740 770 gravari?
787 669 1017 764 Respondeo.
1069 664 1248 739 Dominno
1301 663 1356 738 lta
1382 661 1557 739 Matthaei
1572 663 1609 742 9.
1639 665 1759 762 inquit
1786 667 1862 760 ipse
1888 666 2083 756 Domiona,
2113 671 2200 751 iore,
2228 683 2261 742 nt

255 791 338 862 ideo
369 779 585 856 nominatim
616 778 662 849 de
685 776 794 847 corde
816 773 851 844 lo
903 771 995 860 itur,
1030 769 1115 864 quis
1135 769 1175 838 in
1196 780 1249 839 te-
1301 766 1468 860 discipuli
1489 767 1547 841 tui
1567 767 1727 840 ieiunant
1755 781 1859 855 tunc,
1896 793 1977 842 enm
2000 793 2144 864 sponsos
2163 771 2261 842 abeis

256 885 427 964 molentis
440 875 677 974 exstinguitur
690 873 868 948 invocatio
913 872 957 948 ei.
984 869 1106 962 Quare
1119 871 1250 961 guber·
1302 868 1491 942 auferetur.
1547 867 1627 943 Hoc
1653 871 1762 942 modo
1790 867 1964 943 ieiunavit
1992 886 2027 945 ct
2051 869 2177 944 Paulus
2196 885 2261 964 poat

133 1055 142 1068 .
258 989 437 1066 natio'ten
454 985 546 1059 actio
564 981 687 1053 divina
704 977 899 1072 impeditur
915 975 955 1043 in
971 972 1095 1060 nobis,
1120 971 1252 1041 intem·
1302 969 1584 1046 conversionem.
1637 967 1744 1055 ltern,
1769 971 1820 1042 sio
1840 995 2012 1067 pauperes
2029 973 2180 1044 familiae
2191 995 2262 1065 pro·

258 1091 420 1191 perantia
446 1084 620 1177 templum
640 1079 731 1180 Ilei,
761 1099 889 1168 nempe
914 1097 977 1145 eor
999 1087 1034 1146 et
1050 1073 1251 1162 cerebrum,
1299 1083 1381 1166 pter
1403 1071 1563 1165 inopiam
1587 1087 1764 1165 coguntur
1785 1073 1945 1146 ieiunare
1966 1097 2008 1146 ac
2029 1075 2262 1168 propemodum

259 1191 490 1270 violantibus.
542 1181 622 1254 Hoc
638 1181 747 1252 modo
764 1179 869 1250 corda
885 1189 1079 1268 gravantur
1093 1171 1253 1266 ingluvie
1303 1175 1559 1246 contabescunt
1580 1174 1692 1259 farne,
1717 1174 1801 1270 qnia
1825 1176 1953 1249 derum
1970 1176 2022 1248 eis
2033 1175 2263 1247 onenariaad

259 1314 294 1374 et
308 1287 601 1370 helluationibus.
1129 1315 1135 1326 ·
1303 1273 1457 1362 virtum,
1488 1296 1550 1347 seo
1580 1299 1636 1346 res
1665 1289 1813 1348 naturae
1842 1277 2103 1351 convenienter.
2167 1274 2219 1348 Sic
2237 1288 2264 1347 et

363 1409 408 1486 1„
429 1405 578 1480 eandem
599 1422 742 1496 quoque
765 1397 973 1470 contendam
987 1393 1114 1467 Petrus
1135 1389 1255 1486 inquit
1304 1369 1403 1467 Agar
1416 1399 1496 1448 curn
1509 1375 1586 1448 lilio
1599 1399 1711 1470 paene
1727 1378 1785 1450 siti
1800 1379 1926 1478 periit,
1948 1379 1987 1452 in
2005 1377 2192 1450 solitudine
2204 1399 2263 1447 non

265 1523 297 1593 t.
311 1513 411 1588 Petri
428 1507 483 1582 4.:
509 1501 632 1578 Estote
656 1513 890 1594 temperantes
913 1505 947 1570 et
970 1496 1081 1568 sobrii
1104 1494 1147 1566 ad
1172 1515 1257 1588 pre7
1305 1470 1441 1550 babent
1459 1501 1598 1572 nquam·

263 1617 430 1694 candum·
715 1608 717 1618 '
913 1623 916 1628 ·
1408 1585 1487 1668 Boc
1502 1593 1629 1666 ieiunii
1644 1615 1755 1686 genus
1767 1585 1946 1667 Ecclesiae
1959 1595 2141 1688 proprium
2153 1613 2263 1688 nequa-

364 1721 414 1802 Eg
427 1723 565 1797 Home
576 1716 615 1790 4,
630 1716 800 1807 seriptum
815 1727 883 1785 eet:
909 1710 1104 1794 scortatio,
1130 1709 1255 1782 vinum
1306 1716 1414 1789 qnam
1430 1708 1482 1767 eat
1498 1695 1676 1768 simulatio
1693 1695 1749 1767 vel
1765 1690 1978 1794 hypocrisis,
2003 1697 2035 1768 si
2051 1715 2111 1768 cor
2122 1693 2193 1766 Deo
2207 1713 2264 1764 tete

265 1851 300 1912 et
313 1829 466 1906 ebrietas
479 1821 647 1894 auserunt
661 1839 742 1901 cor,
766 1809 836 1886 hoe
850 1828 919 1896 est,
945 1815 1065 1886 laxant
1079 1807 1256 1885 hnmanoe
1306 1795 1499 1867 mbiltient
1520 1797 1694 1890 patienter
1709 1799 1851 1870 obediat
1867 1797 1906 1869 in
1922 1793 2182 1872 afflictionibus.
2224 1791 2264 1866 Ac

265 1935 425 2013 animoa,
450 1936 485 1997 et
499 1919 688 1993 effrenatos
705 1917 743 1986 in
760 1918 918 1987 furorem
934 1927 1061 2006 agunt,
1088 1937 1127 1984 ac
1144 1914 1254 2004 impe-
1307 1909 1393 1968 lunc
1419 1897 1565 1992 quidem
1593 1893 1680 1970 haec
1705 1899 1898 1972 consolatio
1924 1899 2077 1971 maxime
2098 1897 2264 1970 menum

267 2038 374 2112 dinnt
395 2024 631 2099 intentionem
655 2021 694 2088 in
714 2017 958 2097 invocatione,
982 2017 1162 2108 ipsiusque
1179 2007 1260 2082 Dei
1309 2009 1378 2116 {⁸¹2
1404 2011 1445 2069 ¹¹1
1460 1999 1603 2072 accedat
1616 2001 1752 2072 laetitia
1765 2011 1801 2072 et
1814 1995 1987 2082 hilaritas,
2011 2001 2264 2096 atquefragrao·

268 2122 459 2212 efficaciam
475 2149 537 2198 seu
554 2121 754 2206 affectiones
770 2119 809 2188 in
823 2119 1001 2192 cordibus.
1307 2099 1445 2170 trasimo
1468 2100 1626 2174 halaamo
1640 2115 1751 2194 caput
1772 2103 2019 2195 perfundatur.
2076 2100 2169 2172 Haec
2187 2100 2265 2170 enim

367 2246 494 2342 mque
514 2238 691 2335 pincipio
715 2247 841 2306 „opum
864 2236 911 2307 ,ἢ
933 2236 1035 2306 ,ὠὴ
1053 2231 1121 2305 pm
1136 2257 1257 2304 nem,
1308 2199 1442 2274 laetitia
1470 2215 1505 2272 et
1529 2201 1677 2272 balsami
1695 2203 1890 2295 fragrantia
1910 2215 1962 2274 est
1986 2201 2063 2295 ipsa
2086 2200 2265 2284 consolatio,

270 2355 404 2431 sarium
434 2354 678 2441 praeceptum,
712 2338 809 2430 quod
841 2335 1004 2408 videlicet
1026 2333 1257 2427 temperantia
1309 2301 2097 2422 ‘1¹¹⁸f01fidssssl’evlvffieiluffl“fillius
2122 2317 2154 2374 ⁰2
2168 2303 2202 2372 5¹¹
2215 2301 2265 2370 ld·

270 2461 310 2530 in
334 2453 414 2526 cibo
437 2471 477 2519 ac
498 2456 585 2537 potu
606 2440 653 2512 sit
674 2457 766 2531 opus
787 2436 1023 2508 necessarium
1046 2453 1258 2529 quocunque
1308 2424 1420 2474 versrs
1433 2403 1628 2476 tolerandis
1642 2404 1812 2476 obediens
1824 2407 1968 2478 invocat
1976 2403 2112 2486 Deum,
2128 2418 2265 2496 certoque

271 2573 443 2650 tempore.
496 2547 550 2618 Ac
574 2544 618 2615 de
641 2536 700 2612 his
720 2539 895 2610 mandatis
918 2536 1092 2610 exercitiis
1105 2537 1258 2608 ieiunio·
1308 2505 1431 2575 ”mil
1452 2500 1569 2623 Pium
1599 2506 1690 2576 '⁶¹¹⁰
1719 2507 1915 2599 millium
1932 2527 2033 2593 '⁸⁸⁸⁰’
2066 2531 2106 2579 ³⁰
2125 2503 2264 2596 millillll

269 2679 352 2734 rom
367 2650 531 2748 loquitur
545 2641 793 2735 Evangeliom,
1310 2625 1488 2677 aerumma
1503 2607 1623 2678 adesse
1637 2607 1740 2678 nobie
1756 2621 1863 2704 atque
1874 2607 2067 2700 opitulari,
2091 2631 2135 2680 ne
2147 2625 2264 2701 prorsus

1311 2719 1510 2797 mergamur
1533 2720 1566 2781 et
1586 2721 1756 2803 tanquam
1778 2709 1943 2782 fluctibus
1965 2711 2174 2796 obruamur,
2197 2709 2265 2780 sicut

369 2761 468 2846 llaec
482 2765 557 2836 sive
569 2755 782 2834 abstinentia
794 2755 870 2829 rive
883 2753 998 2824 forma
1007 2753 1138 2826 'ieiunii
1148 2755 1168 2843 ,'
1183 2779 1259 2827 non
1310 2805 1487 2879 affimant
1500 2803 1587 2880 hm
1599 2810 1691 2882 dim

274 2893 327 2954 est
350 2867 568 2972 hypocrisis,
592 2887 632 2933 ao
654 2857 815 2932 hilariter
838 2849 915 2926 lieri
936 2879 997 2926 aen
1014 2857 1183 2946 praestari
1196 2857 1258 2928 de·
2047 2907 2057 2942 s
2244 2919 2251 2936 ι

272 2986 333 3054 bet
354 2978 393 3048 in
414 2973 504 3054 lide,
529 2961 773 3048 invocatione,
800 2957 1041 3054 etgratiarom
1059 2956 1197 3031 actione
1213 2960 1258 3030 ad
1412 2922 1552 2999 ¹³⁸³¹¹¹¹⁰
1567 2924 1648 3001 ⁴9st
1682 2925 1891 3000 invocante
1914 2925 2278 3038 indietcibulationu·

271 3079 402 3155 nmen,
442 3066 578 3161 Estque
591 3065 677 3134 fides
691 3075 726 3134 et
740 3060 877 3133 laetitia·
888 3060 928 3130 in
942 3053 1018 3129 Deo
1035 3059 1124 3131 illud
1141 3062 1258 3153 ipsum
1310 3039 1412 3114 'W’
1436 3039 1472 3099 εἰ
1487 3026 1635 3120 “iliam
1651 3041 1705 3109 ἴθ’
1729 3043 1764 3099 ‘²
1780 3028 1991 3120 ⁸¹⁰rifi⁰⁰bi⁸
2007 3055 2076 3103 ω’·

273 3171 582 3276 generosissimum
613 3187 653 3236 ac
682 3158 875 3258 pretiosum
905 3159 1120 3246 balsamum,
1159 3161 1260 3233 cuius
1412 3144 1554 3217 P⁸⁸¹¹¹¹⁰
1572 3145 1650 3222 th:
1676 3145 1791 3240 ΡΙῚἸ)ε
1812 3161 1863 3220 ⁸⁸²
1878 3147 2058 3221 D⁰ml¹¹⁰⁸
2079 3145 2134 3220 Μ’
2149 3145 2204 3244 l1¹¹i
2216 3141 2264 3215 ω·

273 3281 334 3356 hic
346 3279 386 3349 fit
399 3270 555 3355 mentio,
579 3291 651 3362 quo
666 3262 836 3336 nimirum
853 3285 889 3334 te
905 3261 1115 3355 perfundere
1129 3262 1259 3333 debent
1311 3245 1431 3318 hulffl
1449 3260 1532 3318 ⁸⁰⁰1
1549 3249 1666 3320 ⁶⁰¹⁶&
2029 3257 2035 3264 ’
2279 3315 2280 3318 “

274 3385 485 3456 ieiunum,
545 3369 599 3442 Ae
619 3390 666 3438 ne
688 3377 802 3461 potest
824 3363 966 3460 quidem
987 3359 1171 3455 hilariter,
1202 3388 1259 3435 ar·
1412 3357 1556 3434 Nahum
1574 3365 1622 3434 1.:
1650 3361 1772 3434 Bonus
1787 3375 1840 3434 est
1854 3359 2032 3437 Dominus
2046 3379 2080 3438 et
2091 3367 2267 3438 confortans

276 3489 402 3558 denter
422 3489 458 3548 et
479 3499 521 3544 er
542 3471 662 3543 animo
683 3469 760 3540 beri
784 3481 859 3538 tum
881 3467 1058 3537 invocatio
1079 3479 1155 3537 tum
1181 3489 1260 3556 gra-
1310 3463 1350 3534 in
1369 3463 1622 3558 tribulatione,
1653 3477 1688 3536 et
1709 3481 1901 3555 agnoecene
1922 3487 1984 3537 sen
2009 3455 2187 3564 acceptans
2206 3490 2279 3560 spt-¹

275 3589 407 3660 tiarum
427 3575 539 3658 actio,
564 3593 670 3665 quarn
690 3568 753 3641 diu
774 3567 841 3640 tibi
860 3567 941 3637 eibn
957 3581 1113 3660 potuque
1126 3567 1259 3640 disten·
1312 3576 1430 3636 rentes
1445 3565 1485 3635 in
1501 3585 1548 3634 oe.
2278 3515 2279 3573 ¹

277 3705 335 3774 ω,
365 3679 423 3751 „1
450 3671 586 3747 balanti
619 3669 813 3741 etiamnum
843 3667 1042 3757 pridianam
1069 3668 1261 3760 crapulam,
1415 3664 1464 3736 lis
1475 3665 1603 3754 igitur,
1627 3676 1668 3736 ut
1682 3663 1773 3751 diri,
1799 3667 1916 3738 modis
1942 3668 2163 3761 patientiam,
2183 3673 2278 3746 nam*

278 3787 425 3885 spiritus
445 3777 638 3850 turbantur
659 3782 694 3841 et
713 3780 915 3841 esaettuant
937 3767 976 3837 in
994 3769 1147 3840 cerebro.
1200 3768 1260 3840 ln·
1313 3781 1349 3838 et
1370 3786 1468 3859 spem
1492 3767 1528 3835 in
1554 3760 1622 3836 hnc
1642 3788 1769 3857 genere
1782 3765 1910 3840 ieiunii
1926 3793 2157 3849 exerceamus.
2201 3771 2278 3844 Etr-¹

277 3901 418 3966 tueatur
438 3895 474 3953 et
496 3874 695 3948 consideret
708 3893 781 3941 sese
800 3869 1060 3962 unusquisque,
1084 3883 1169 3939 tunc
1184 3871 1261 3940 ani·
1313 3869 1390 3950 nim
1414 3864 1499 3937 haec
1522 3867 1597 3960 ipsa
1618 3867 1813 3940 consolatio
1834 3881 1886 3942 eat
1909 3871 2001 3944 illud
2023 3859 2265 3946 saluberrimum

276 3993 473 4066 madvertct
493 4003 534 4050 ao
553 3969 814 4068 deprehendet,
839 3982 959 4041 utrum
976 3969 1086 4040 ieiuni
1104 3984 1137 4040 et
1152 3971 1262 4043 sobrii
1313 3969 1529 4050 balsamum,
1561 3989 1632 4061 quo
1647 3983 1733 4042 tune
1745 3970 1964 4063 ungimnsno
1978 3975 2213 4068 perfundimus
2223 3959 2277 4044 tvl

278 4099 324 4166 sit
347 4084 531 4163 ardentior
552 4077 747 4162 invocatio,
772 4097 819 4146 an
834 4071 1072 4145 temulenti·et
1086 4072 1170 4155 vino
1185 4097 1263 4144 cra-
1314 4071 1386 4164 pita
1403 4082 1536 4140 nocua.

278 4195 433 4289 palaque
445 4181 602 4258 dfflfflfi,
1412 4181 1492 4256 Etsi
1513 4183 1609 4256 enim
1631 4183 1797 4257 iuvenilia
1812 4199 1905 4259 setas
1920 4189 1965 4260 de
1981 4183 2051 4262 hoc
2064 4191 2205 4274 ieiunio,
2225 4175 2276 4259 ubl

355 4289 1263 4396 propper„,ouffimummqueeefipeuraMauh
1314 4287 1459 4370 delicet,
1484 4286 1529 4356 de
1552 4285 1739 4357 tolerantia
1762 4287 1800 4357 in
1816 4309 1918 4361 cruce
1934 4301 1969 4364 ct
1983 4295 2120 4386 anagnia
2133 4291 2275 4384 veritqut

283 4413 362 4488 lla
390 4405 433 4478 ln
455 4397 593 4474 s‘ea'um‘o
612 4407 647 4466 et
667 4393 850 4474 oratione,
877 4406 916 4464 ut
933 4393 1103 4481 significet
1119 4393 1262 4464 invoca-
1316 4385 1518 4472 doloribus,
1548 4387 1711 4457 nondum
1730 4389 1795 4462 scit
1816 4393 1877 4464 aut
1898 4391 2066 4487 intelligit
2087 4397 2208 4477 multi,
2227 4403 2268 4460 li·

281 4519 416 4593 lionem
443 4505 552 4576 nimis
581 4520 653 4571 esse
679 4495 881 4585 languidam
904 4494 1156 4588 frigidamque,
1190 4497 1264 4567 imo
1316 4513 1398 4560 men
1424 4489 1648 4580 grandiores,
1691 4511 1844 4584 qnorum
1885 4494 1956 4564 iam
1977 4498 2160 4570 maturuit
2184 4505 2267 4572 aetas,

281 4627 427 4716 prom.
450 4601 665 4696 impediriet
679 4595 853 4687 exstingui
868 4597 905 4664 in
922 4596 994 4668 vita
1010 4597 1165 4684 ebriosa,
1191 4593 1264 4693 Cy·
1315 4605 1468 4679 norunt,
1498 4615 1572 4663 non
1598 4591 1718 4662 deesse
1748 4593 1842 4664 veris
1861 4591 2039 4669 &clasiae
2066 4596 2221 4670 membris
2243 4601 2267 4662 tt

281 4716 466 4812 emim,
479 4705 636 4778 belgim,
1315 4695 1512 4768 vocationis
1533 4714 1653 4778 coras,
1678 4704 1713 4763 et
1733 4715 1829 4765 neree
1850 4696 1963 4768 animi
1983 4701 2142 4786 dolores,
2164 4697 2270 4793 quibat

384 4821 571 4906 Secundo,
594 4811 826 4904 Evangelium
848 4812 1008 4905 loquitur
1029 4813 1073 4883 de
1090 4814 1159 4885 alio
1174 4839 1264 4910 qaro.
1315 4789 1417 4889 saepe'
1433 4797 1522 4866 adeo
1539 4795 1677 4866 duriter
1691 4808 1923 4882 exercentur,
1946 4814 1987 4874 nt
2001 4825 2048 4872 ne
2065 4801 2194 4896 possint
2206 4793 2269 4890 qui·

127 4926 133 4938 ,
284 4943 367 5012 dam
385 4947 512 5026 genere
530 4919 657 4992 ieiunii
676 4916 781 5005 longe
802 4911 1001 4984 difficiliore
1016 4915 1195 5012 magisque
1211 4939 1264 4988 η.
1314 4899 1397 4970 dem
1414 4895 1599 4970 admittere
1615 4895 1735 4968 cibum
1752 4909 1814 4968 aut
1827 4911 1964 4990 potum.
2272 4905 2273 4947 t

284 5044 359 5125 rio,
381 5055 463 5130 epm
483 5021 649 5096 videlieet
669 5041 731 5088 cor
752 5017 839 5085 adeo
861 5015 1005 5108 plenum
1025 5019 1117 5088 veris
1130 5019 1265 5090 dolori-
1416 5013 1600 5086 Praeterea
1621 5013 1728 5086 multi
1748 5027 1831 5087 snut
1843 5019 2039 5110 'pauperea,
2063 5019 2126 5114 qni
2141 5038 2212 5088 vere
2225 5013 2270 5082 in·

283 5146 353 5215 bus
384 5127 644 5225 auguribusque
676 5119 873 5190 confectum
906 5128 973 5203 est,
1011 5133 1052 5190 ut
1076 5121 1121 5189 ab
1144 5124 1264 5193 animo
1315 5115 1437 5208 digent
1463 5115 1569 5186 rehua
1597 5117 1642 5184 ad
1666 5115 1797 5187 victum
1819 5119 2043 5202 necessariis,
2075 5143 2139 5192 nec
2161 5115 2272 5190 habent

285 5235 460 5315 moestitia
486 5243 522 5304 et
542 5225 638 5300 coris
657 5229 826 5312 occupato
849 5219 1063 5292 ventricolae
1084 5222 1264 5312 langneio·
1315 5220 1435 5290 cibum
1456 5229 1490 5288 et
1510 5229 1633 5310 potum
1654 5230 1803 5289 naturae
1822 5221 2102 5294 convenientem.
2151 5219 2200 5294 lte
2216 5213 2271 5288 hoc

286 5360 363 5420 etus
390 5331 608 5426 nequidem
637 5323 798 5398 admittat
825 5319 962 5404 cibum,
994 5344 1058 5396 nec
1086 5324 1157 5395 irui
1178 5339 1263 5419 potu
1314 5317 1471 5405 difficili,
1496 5317 1609 5406 serio,
1634 5317 1798 5416 tristique
1812 5321 1966 5408 ieiunio,
1990 5327 2085 5420 qnod
2101 5347 2162 5398 nec
2176 5295 2271 5418 hyp&
