4616 5818
258 170 332 247 att

364 348 441 409 tarn
458 358 537 406 eum
555 327 612 401 od
624 353 703 414 vos,
749 325 803 398 Et
820 352 898 400 cam
924 326 1057 398 venerit
1081 325 1163 416 itte,
1188 353 1253 399 ara

361 447 445 536 guel
469 429 645 506 mundum
667 428 710 529 de
730 439 892 530 peccata,
920 440 952 499 et
968 427 1012 500 de
1025 428 1192 518 iusticia,
1218 441 1255 501 et

366 538 409 612 rie
425 535 575 610 iudicio.
627 531 688 605 De
706 542 851 630 peccato
872 528 1036 631 quidem,
1062 533 1153 632 quia
1181 558 1255 603 non

1093 646 1098 653 ι

863 156 987 230 earn.
1015 153 1133 234 un..
1159 109 1370 236 semera
1399 161 1700 278 nxuoartca.

2216 183 2287 298 en,

1306 336 1736 427 salutaremdoot'uinam,
1761 365 1832 434 que
1852 345 1956 415 multi
1973 362 2223 424 convertuntur
2245 361 2280 426 ad

1305 434 1450 521 Deum,
1467 451 1501 509 st
1516 441 1833 515 liuntmutctiooes
1850 469 1981 518 renim.

1401 539 1504 622 'llice
1525 552 1645 624 o'mnia
1674 558 1921 646 complectitur
1940 563 2087 632 verbum
2112 573 2278 656 arguendi,

365 637 513 715 credun!
541 637 580 707 5¹⁸
605 659 679 722 Μ,
704 631 766 706 D‘
789 633 939 706 ῖυδῑῖθίῢ
962 658 1058 721 92'02
1072 634 1176 806 juia
1202 631 1257 704 “d
1305 676 1367 724 sen
1386 650 1686 745 reprehendendi.
1739 657 1857 746 Quare
1879 664 2009 752 singuli
2033 667 2279 742 cedamushuic

363 751 505 844 patr'em
536 733 647 824 vado,
688 745 719 806 el
739 731 896 835 posthac
930 761 1005 806 non
1036 737 1073 806 vi
1099 735 1165 806 etis
1189 759 1255 806 me.

365 869 430 921 me.
481 839 542 912 Dc
558 834 695 910 iudicio
715 846 855 919 autem,
882 837 973 936 qaia
994 837 1163 936 princeps
1183 831 1255 909 bu-

364 950 423 1020 ius
438 937 571 1016 mandi
583 941 660 1012 iam
677 934 864 1012 iudicatus
879 947 942 1013 est.

1305 757 1487 827 autoritati
1515 773 1548 829 et
1562 759 1789 856 ‘potentiaert
1812 777 1846 832 et
1876 785 2040 852 rogemus
2069 767 2196 838 Filium
2218 771 2284 851 Dei,

1306 872 1346 928 ut
1357 859 1394 926 in
1411 859 1671 953 nobisquoque
1686 859 1841 952 Spiritus
1858 881 1999 936 sanctus
2015 869 2059 973 ⁸l¹
2076 871 2210 952 efficax,
2233 897 2281 942 ar-

1305 974 1389 1048 guat
1404 981 1528 1048 pravas
1543 962 1752 1050 opiniones,
1776 979 1936 1054 peccata,
1963 970 2000 1034 in
2018 973 2124 1040 nobis
2148 987 2182 1042 et
2201 975 2279 1064 aliis,

315 1063 378 1140 Ad
395 1061 485 1136 baec
508 1058 628 1132 multa
649 1055 769 1130 babeo
787 1081 881 1160 quae
906 1055 1007 1128 vobis
1030 1052 1169 1142 dicam,
1192 1055 1260 1131 sed
1309 1062 1468 1153 impellat
1492 1067 1615 1147 corda,
1650 1077 1691 1132 ut
1713 1081 1914 1152 agnoscant
1935 1069 2024 1138 iram
2051 1070 2130 1143 Dei.
2181 1073 2234 1146 sic
2257 1093 2283 1144 01

365 1194 438 1241 non
451 1162 602 1262 potestis
616 1171 765 1260 portare
781 1183 889 1235 nunc.
942 1151 1037 1230 Cum
1057 1170 1178 1232 autern
1200 1183 1256 1232 ve-

363 1269 456 1342 nerit
490 1264 554 1337 iiie
583 1260 748 1362 Spiritus
784 1261 966 1344 veritatis,
1002 1258 1103 1332 ducet
1129 1285 1189 1334 vos
1216 1261 1255 1332 in

366 1393 508 1444 omnem
532 1367 727 1438 veritatem.
788 1362 879 1440 Non
910 1363 1005 1434 enim
1037 1362 1255 1462 loquetura

365 1471 577 1565 semetipso,
606 1462 674 1538 sed
693 1489 926 1566 quaecunque
946 1460 1108 1535 audierit
1132 1462 1255 1564 quue-

365 1586 443 1657 tur,
471 1581 612 1670 atquae
626 1567 760 1663 satura
781 1578 868 1640 sunt
886 1564 1130 1638 annunciabit
1144 1567 1255 1642 vobis.

362 1674 440 1748 Iile
462 1697 517 1745 me
540 1666 785 1766 glorificabit,
811 1669 901 1770 qaia
930 1666 972 1741 de
996 1691 1074 1740 meo
1094 1668 1255 1766 accipiet,

365 1788 397 1849 et
419 1769 664 1848 annunciabit
689 1769 800 1846 vobis.
858 1763 999 1842 Omnia
1023 1793 1255 1870 quaecunque

365 1875 476 1950 babet
504 1885 628 1974 pater,
669 1897 751 1944 mea
779 1883 878 1948 sunt.
937 1867 1133 1969 Propterea
1161 1869 1255 1958 cirici,

363 1976 466 2080 quod
480 1975 522 2050 de
537 2001 614 2048 meo
629 1973 779 2074 accipiet
793 1983 824 2045 et
841 1971 1087 2045 annunciabit
1105 1969 1220 2050 vobis.
1253 1991 1256 1996 ·

587 2139 722 2204 Samma
743 2139 933 2220 Evangelii.

365 2279 565 2373 Descriptio
589 2292 639 2348 est
663 2278 762 2366 regni
780 2273 933 2358 Christi,
960 2277 1123 2348 videlicet
1147 2277 1255 2350 officii

265 2386 436 2469 docendi,
462 2402 620 2451 summae
634 2373 838 2466 Evangelii,
862 2393 895 2450 et
913 2380 1179 2470 persecutionis.

364 2483 528 2556 Primum
549 2482 615 2552 ait:
643 2479 799 2573 Spiritus
827 2493 968 2550 sanctus
995 2494 1116 2570 arguet
1149 2506 1255 2551 mun·

265 2593 360 2664 ddm.
413 2585 484 2656 llic
507 2581 662 2655 ostendit
687 2577 850 2652 Christus
875 2604 1033 2684 regnum·
1054 2607 1156 2652 suurn
1180 2608 1255 2653 non

266 2715 340 2764 esse
369 2689 586 2758 mundanam
614 2684 796 2776 politiam,
838 2679 1004 2756 humanis
1035 2685 1194 2756 consiliis
1221 2700 1255 2756 et

265 2793 420 2876 viribus,
446 2802 508 2860 aut
530 2787 636 2858 armis
659 2786 963 2870 constituendam,
988 2787 1049 2854 sed
1073 2809 1145 2856 esse
1173 2811 1254 2856 coe·

264 2911 358 2985 tum,
385 2892 441 2964 cui
467 2902 603 2980 praeest
622 2887 734 2958 Filius
750 2884 835 2968 Dei,
862 2888 948 2956 dans
972 2884 1145 2977 Spiritum
1172 2911 1254 2958 san-

265 3011 382 3080 ctum,
407 3004 610 3082 arguentem
627 2989 784 3077 singulos
798 3004 833 3058 et
847 3013 989 3072 omnes,
1016 2989 1167 3071 scilicet,
1192 3013 1255 3082 per

265 3095 503 3170 ministerium
519 3086 718 3180 Evangelii.
759 3085 843 3160 Etsi
852 3105 967 3160 autem
990 3089 1082 3161 nihil
1099 3105 1150 3160 est
1167 3116 1253 3162 con-

266 3198 409 3273 temtius
441 3219 587 3266 munere
618 3191 769 3262 docendi
797 3189 1004 3281 Evangelii,
1046 3172 1253 3274 tament'fnic

265 3323 427 3391 magnam
450 3296 643 3389 potentiam
666 3295 699 3363 ei
718 3293 872 3368 tribuit..
905 3293 996 3363 Nam
1009 3316 1175 3384 arguere,
1203 3309 1254 3364 est

264 3401 480 3502 superioris,
505 3413 539 3470 et
560 3395 723 3492 habentis
746 3395 983 3467 autoritatem.
1040 3391 1175 3490 Estque
1197 3419 1254 3466 re-

202 3520 207 3528 '
265 3500 451 3597 prehensio
466 3525 627 3572 errorum
645 3513 680 3570 et
693 3511 914 3592 peccatorum
934 3493 1192 3584 humanorum,
1219 3513 1253 3568 et

266 3621 318 3678 est
330 3605 449 3675 ellicax
463 3602 684 3693 obiurgatio,
699 3600 849 3691 impellit
865 3602 990 3685 corda,
1007 3616 1046 3671 ut
1062 3612 1253 3691 agnoscant

265 3711 354 3778 iram
378 3703 466 3791 Dei,
491 3705 657 3776 vulnerat
679 3719 832 3783 mentes,
859 3714 895 3773 et
920 3703 1094 3772 convertit
1116 3703 1253 3796 aliquos

265 3811 310 3881 ad
325 3806 456 3891 Deum,
482 3806 600 3894 impiis
617 3828 700 3874 vero
717 3803 916 3888 maledicit,
941 3817 981 3873 ut
996 3817 1098 3873 ruant
1116 3803 1154 3871 in
1172 3828 1253 3895 per-

265 3924 409 4006 petuum
441 3908 636 3980 interitum.
688 3903 790 3977 Sicut
812 3907 857 3976 ab
890 3905 994 3976 initio
1024 3904 1063 3972 iu
1096 3900 1252 3976 Ecclesia

267 4013 422 4105 Spiritus
444 4022 586 4080 sanctus
609 4007 725 4098 arguit
744 4009 933 4080 mundum.
992 4001 1115 4076 Nohae
1134 4010 1253 4096 'arguit

266 4139 368 4186 suum
384 4114 554 4183 seculum.
591 4109 724 4182 Moises
740 4108 854 4199 arguit
867 4102 1100 4178 Pharaonem.
1144 4107 1255 4195 Elias,

266 4199 428 4286 Elisaeus
443 4225 636 4306 arguerunt
649 4233 747 4303 reges
763 4208 885 4282 lsrael.
920 4205 1049 4280 Daniel
1066 4233 1166 4301 reges
1182 4207 1253 4280 Ba-

267 4317 461 4412 bylonicos.
503 4314 664 4406 Baptista
681 4308 882 4404 pontifices,
898 4309 1088 4395 Herodem,
1103 4325 1137 4382 et
1151 4313 1252 4381 alios.

267 4415 407 4489 Deinde
432 4412 616 4498 Christus,
646 4409 809 4506 Apostoli
833 4426 868 4485 et
886 4435 1104 4484 successores
1128 4436 1247 4503 argue·

267 4533 352 4592 runt
366 4519 526 4588 omnium
542 4517 701 4608 gentium
719 4512 898 4601 homines,
923 4516 1055 4585 multos
1068 4528 1252 4586 convene-

268 4633 374 4706 ru'nt,
405 4616 599 4690 Ecclesiam
626 4619 863 4708 collegerunt,
896 4631 930 4688 et
953 4616 1112 4712 tyrannis
1141 4617 1251 4692 roole-

268 4723 444 4795 dixerunt.
482 4717 530 4790 Et
549 4719 616 4789 luit
636 4720 755 4789 efficax
774 4717 928 4809 Spiritus
950 4731 1089 4789 sanctus
1114 4720 1151 4788 in
1178 4741 1252 4788 cre-

269 4825 435 4896 dentibus
457 4823 641 4907 iuvandis‚
673 4836 707 4891 et
729 4821 768 4889 in
791 4821 910 4912 impiis
937 4821 1143 4912 puniendis,
1175 4845 1252 4888 ma·

292 4951 358 4996 nae
384 4923 596 4997 mutationes
620 4922 746 5008 mundi
778 4937 915 4992 seraitae
939 4917 1041 5008 sunt,
1074 4939 1108 4992 et
1135 4935 1252 4991 manet

268 4951 337 5097 boc
345 5029 499 5099 osticium
515 5020 733 5108 inEcclesia,
750 5049 838 5116 quae
856 5023 943 5094 alias
957 5040 1007 5096 est
1022 5026 1144 5114 magis,
1166 5025 1252 5093 alias

270 5129 390 5197 minus
407 5153 510 5220 pura,
536 5125 623 5196 alias
639 5121 793 5194 maiores
807 5122 1068 5210 coetus-habet,
1093 5141 1132 5196 ut
1157 5150 1253 5194 norro

272 5250 394 5300 rursus
416 5231 561 5299 excitata
583 5239 633 5297 est
656 5226 797 5295 flamma
820 5225 1023 5318 Evangelii,
1049 5251 1117 5320 qua
1137 5225 1253 5318 Spiri-

272 5347 329 5404 tus
352 5344 491 5400 sanctus
513 5331 629 5419 arguit
645 5328 863 5428 idololatrias
877 5329 1022 5416 mundi,
1043 5342 1077 5399 et
1100 5329 1252 5397 ostendit

1307 1161 1440 1233 Paulus
1454 1161 1562 1234 Rom.
1575 1166 1608 1268 l.
1623 1165 1757 1256 inquit:
1786 1165 1981 1240 Revelatur
1995 1171 2047 1244 ira
2059 1172 2124 1243 Dei
2140 1177 2181 1243 de
2196 1179 2279 1246 coelo

1306 1284 1412 1357 super
1430 1281 1572 1333 omnem
1589 1267 1814 1358 impietatem.

1684 1486 1730 1536 tte
1748 1490 1923 1543 secando.
1985 1487 1991 1500 ⁸

1544 1577 1599 1642 De
1621 1581 1835 1647 dictinctione
1856 1586 2099 1653 doctrinarum.

1356 1710 1418 1785 De
1432 1724 1595 1813 peccato,
1622 1711 1726 1814 Quia
1742 1747 1815 1792 non
1832 1720 1981 1796 credunt
2000 1734 2063 1798 etc.

1409 1845 1572 1922 Mundus
1599 1856 1701 1925 novit
1726 1871 1866 1946 peccota
1890 1858 2028 1946 civilia,
2062 1882 2122 1932 seu
2148 1877 2280 1942 externa,

1306 1962 1346 2022 ut
1367 1952 1508 2037 caedes,
1531 1955 1725 2040 adulteria,
1751 1959 1871 2034 furtas,
1898 1961 1958 2029 sed
1985 1962 2140 2032 radicem
2166 1965 2278 2054 peccati

1306 2075 1379 2120 nou
1398 2053 1516 2135 novit,
1543 2055 1710 2127 videlicet
1733 2071 1949 2130 contemtum
1965 2059 2052 2145 Dei,
2080 2078 2115 2134 et
2136 2079 2278 2134 contem-

1306 2167 1381 2224 tum
1405 2152 1490 2222 Filii
1510 2153 1578 2225 Dei
1600 2159 1741 2244 donati,
1769 2173 1809 2230 ut
1831 2161 1877 2230 sit
1894 2163 2122 2252 propicietur.
2175 2165 2278 2256 ltaque

1306 2249 1377 2324 hoc
1407 2265 1588 2344 peccatum
1613 2283 1755 2349 prorsus
1773 2261 1934 2350 ignotum
1952 2279 2004 2334 est
2019 2266 2169 2353 rationi,
2193 2268 2276 2336 vide-

1306 2356 1399 2439 licet,
1415 2359 1510 2450 quod
1528 2373 1648 2430 nostra
1668 2374 1793 2434 natura
1810 2364 1856 2432 sit
1871 2365 1938 2435 sub
1953 2381 2105 2454 peccato,
2121 2381 2154 2440 et
2173 2367 2274 2438 omnia

1306 2470 1424 2528 nostra
1445 2459 1515 2530 sint
1541 2485 1618 2542 rea,
1646 2465 1705 2533 sed
1732 2463 1783 2531 sic
1805 2478 1942 2536 tantum
1966 2467 2160 2540 liberemur
2175 2495 2192 2538 a
2208 2493 2277 2559 pec·

1305 2571 1403 2638 cato,
1428 2559 1458 2628 si
1482 2563 1667 2634 credamus
1690 2561 1821 2640 Filium
1836 2563 1904 2636 Dei
1928 2572 2278 2662 esse'propiciatorem.

1304 2656 1402 2730 Haec
1428 2677 1502 2730 non
1525 2661 1729 2734 iudicantur
1752 2689 1772 2734 a
1793 2668 1950 2752 ratione,
1974 2672 2035 2739 sed
2060 2685 2192 2742 tantum
2206 2683 2275 2740 sunt

1306 2761 1459 2831 revelata
1483 2764 1521 2832 in
1543 2761 1760 2854 Evangelio,
1790 2768 1872 2838 ideo
1895 2770 2119 2859 refragentur
2140 2769 2274 2844 humana

1304 2861 1448 2936 iudicia.
1500 2862 1653 2936 Videtur
1673 2869 1868 2940 absurdum
1889 2866 2021 2940 Filium
2039 2875 2111 2944 Dei
2131 2871 2277 2960 cruciligi,

1305 2963 1448 3034 videtur
1470 2989 1525 3036 res
1549 2966 1709 3053 inutilis,
1743 2981 1778 3040 et
1799 2973 2060 3056 commentitia,
2094 2975 2277 3066 promittere

1304 3066 1531 3138 liberatorem
1555 3093 1575 3136 a
1596 3084 1739 3159 peccato
1760 3085 1793 3142 et
1809 3086 1922 3142 morte
1937 3087 2102 3157 aeterna,
2129 3100 2189 3168 per
2202 3075 2277 3141 bdu-

1305 3167 1394 3241 ciam
1412 3164 1518 3238 buius
1533 3171 1703 3245 crucifixi.
1727 3222 1731 3235 ·
1756 3168 1886 3262 Arguit
1910 3175 2019 3266 igitur
2047 3173 2110 3248 has
2134 3177 2276 3250 teneluas

1304 3263 1479 3340 humanae
1497 3272 1623 3344 mentis
1638 3271 1887 3363 Evangelium.

1354 3445 1416 3518 De
1434 3445 1604 3538 iusticia,
1633 3447 1736 3550 Quia
1759 3449 1854 3526 vado
1871 3453 1927 3526 ad
1936 3467 2081 3554 patrem
2098 3468 2159 3533 etc.

1406 3597 1568 3672 Mundus
1584 3603 1751 3696 intelligit
1769 3606 1941 3676 iusticiam
1962 3631 2037 3678 esse
2054 3607 2271 3682 obedientiam

1303 3703 1440 3792 legum,
1467 3709 1527 3772 sed
1544 3701 1710 3776 Christus
1728 3703 1786 3776 bic
1803 3707 1907 3777 aliam
1922 3711 2099 3780 iusticiam
2117 3707 2275 3803 proponit,

1304 3806 1437 3874 scilicet
1460 3827 1557 3874 suam
1583 3807 1800 3898 passionem,
1829 3812 2143 3898 resurrectionem,
2168 3832 2274 3902 perpe-

1304 3920 1400 3976 tuam
1430 3906 1736 3996 intercessionem,
1770 3925 1804 3981 et
1829 3913 2029 3987 efficaciam.
2090 3908 2176 3984 Nam
2205 3907 2274 3979 hacc

1303 4007 1423 4075 omnia
1445 4010 1707 4099 complectitur,
1740 4036 1820 4081 cum
1847 4015 1912 4083 ait:
1957 4013 2057 4086 Vada
2082 4019 2126 4085 ad
2152 4027 2277 4105 patrem.

1305 4109 1455 4194 moriar,
1481 4133 1681 4200 resurgam,
1706 4116 1884 4204 regnabo,
1910 4139 1970 4184 ero
1987 4119 2162 4186 mediator
2175 4131 2275 4183 coram

1305 4222 1421 4300 patre,
1455 4235 1516 4279 ero
1539 4213 1703 4283 salvator.
1756 4214 1886 4285 Sumus
1910 4218 2020 4306 igitur
2048 4219 2150 4301 iusti,
2175 4217 2208 4284 id
2222 4223 2276 4289 ests

1305 4313 1455 4400 accepti,
1481 4337 1554 4382 non
1572 4316 1701 4386 nostris
1717 4316 1927 4399 virtutibus,
1954 4322 2013 4388 sed
2032 4333 2173 4412 propter
2185 4311 2278 4386 ctri-

1304 4426 1394 4481 stum
1413 4413 1661 4501 mediatorem,
1684 4439 1822 4508 passum
1834 4472 1844 4503 ,
1858 4435 2075 4508 regnantem.
2128 4419 2216 4488 llaec
2232 4413 2277 4480 iu·

1305 4514 1402 4586 sticia
1423 4515 1529 4605 longe
1551 4519 1783 4588 discernenda
1801 4531 1852 4590 est
1870 4543 1889 4588 a
1907 4523 1992 4610 legis
2011 4521 2162 4593 iusticia.
2211 4511 2274 4584 Etsi

1304 4616 1398 4685 enim
1422 4641 1530 4710 opera
1553 4615 1682 4690 babent
1706 4643 1809 4691 suum
1826 4622 1963 4706 locum,
1989 4637 2108 4694 tamen
2123 4645 2192 4690 non
2208 4627 2276 4684 suut

1303 4717 1363 4786 illa
1386 4741 1458 4799 res,
1484 4733 1750 4816 propterquam
1771 4745 1894 4793 sumus
1909 4725 2147 4807 reconciliati,
2178 4733 2208 4788 et
2228 4736 2277 4784 at-

1304 4821 1392 4910 cepti
1416 4819 1512 4900 Deo,
1538 4824 1596 4892 sed
1617 4837 1762 4924 propter
1783 4825 2011 4895 mediatorem
2029 4820 2204 4898 Christum
2226 4839 2275 4886 su·

1304 4945 1382 4990 mus
1406 4923 1507 5006 iusti,
1535 4925 1570 4991 id
1595 4941 1663 5009 est,
1690 4927 1820 5016 accepti
1845 4926 1931 5011 fide,
1964 4941 1998 4997 et
2022 4930 2195 4997 donamur
2214 4919 2274 4985 vita

1304 5031 1444 5093 aeterna
1463 5039 1606 5116 propter
1623 5025 1806 5097 Christum
1831 5042 1974 5097 euntem
2000 5032 2042 5098 ad
2062 5042 2207 5118 patrem,
2229 5041 2274 5087 rt-

1305 5127 1530 5195 suscitantem
1556 5151 1621 5196 nos
1647 5131 1855 5214 amortuis,
1888 5144 1923 5201 et
1945 5129 2207 5202 constituentem
2228 5141 2274 5189 re·

1304 5249 1413 5316 gnum
1435 5241 1642 5318 aeternum.¹
1665 5229 1870 5325 ¹Utrunque
1894 5247 2010 5302 autem
2033 5233 2276 5326 ignoramur·

1305 5331 1389 5414 dus,
1415 5327 1593 5422 peccatum
1617 5345 1650 5401 et
1673 5331 1866 5426 iusticiam,
1901 5335 2044 5423 ignorat
2061 5331 2187 5402 Filium
2211 5321 2275 5396 Dti.
