4674 5822
61 185 162 258 1101
347 175 429 256 xu
489 129 896 250 amonauomss
914 165 984 246 nn
1009 162 1295 246 cunctosne
1319 166 1373 247 m
1398 167 1580 248 uranu.
1606 169 1817 250 solome
1995 178 2094 254 nos

55 358 97 424 in
119 375 252 443 regno,
289 325 419 444 opilius
440 363 508 423 etc.
533 349 630 420 iuxta
652 347 741 438 legis
767 344 1054 438 promissionem.
1109 339 1234 428 Videt,
1269 343 1346 418 te.
1367 347 1557 436 cognoscit.
1607 345 1727 420 Nolite
1746 371 1986 436 murmurare,
2019 352 2043 421 i.
2063 375 2091 422 e.

63 456 174 528 Nunc
188 479 270 528 eum
280 447 626 544 auditEvangelium
637 448 841 542 praedicari,
862 463 1056 537 etregnum
1108 445 1222 516 nolite
1238 445 1396 518 iudicare
1411 451 1456 518 de
1472 447 1742 540 operibusDei‚
1768 451 1941 545 quianon
1956 452 2091 524 intelli.
2176 485 2182 508 ι
2307 543 2311 552 η

57 560 287 628 mundanum
301 555 499 626 finiendum
514 576 604 636 esse,
629 567 663 623 et
677 551 798 621 omnia
814 550 915 622 istius
931 549 1055 641 populi
1088 637 1091 640 ,
1107 548 1188 635 gitis
1202 570 1254 622 ea.
1268 584 1322 602 -
1347 548 1510 621 Traxerit
1523 574 1622 638 eum;
1649 552 1710 627 scl.
1722 556 1829 624 eorde
1843 567 1877 624 et
1891 553 2028 646 spiritu.
2042 591 2092 612 -

57 661 265 730 damnanda
290 681 381 740 esse,
408 681 483 726 uon
503 655 602 727 audit
618 677 737 725 vocem
754 651 822 722 Dei
838 665 903 726 ete.
955 651 1053 722 Tan·
1106 647 1357 722 Erantomnes
1375 653 1563 739 dorihiles;
1590 655 1984 749 scitquicreduns-
2008 645 2092 727 Dn-

57 763 172 852 tisper
196 761 367 845 eredidit,
392 759 479 828 dum
502 758 601 829 dedit
617 753 713 826 Dens
729 754 896 826 earnalia.
952 752 1054 825 Nune
1106 753 1229 822 sibiles
1250 753 1341 836 Dei,
1369 755 1392 824 i.
1414 778 1446 829 e.
1470 757 1687 828 docebantur
1708 780 1728 827 a
1748 753 1845 842 Deo,
1868 753 1994 830 Esaiam
2016 783 2090 850 cap.

33 885 140 934 ¹euru
157 887 234 934 non
247 863 431 955 promittat
447 859 619 944 carnalis,
648 858 837 928 maledicit.
1105 851 1217 925 LlV.:
1264 853 1459 928 Universos
1493 856 1586 928 filios
1622 859 1762 932 doctos:
1812 872 1847 930 et
1881 873 2090 952 perpetuum

213 1029 325 1102 Hunc
347 1025 443 1100 euim
465 987 630 1126 signavit
652 1035 759 1122 paler
779 1019 899 1095 Deus.

1104 1057 1228 1142 diunt,
1253 1060 1329 1132 scil.
1344 1061 1482 1150 spiritu.
1499 1095 1550 1116 ω
1600 1058 1770 1142 Dedicat,
1795 1062 1870 1132 scil.
1884 1063 2022 1154 spiritu.
2038 1101 2091 1117 -

164 1161 300 1241 Reddit
317 1167 493 1236 rationem
517 1187 581 1236 cur
596 1163 642 1235 sit
659 1164 807 1234 daturus
823 1161 965 1246 eibum,
991 1161 1054 1254 qui
1103 1155 1309 1254 Nonquia,
1340 1164 1364 1236 i,
1386 1186 1417 1236 e.
1439 1159 1505 1232 hoc
1528 1147 1653 1233 docere
1676 1187 1749 1233 non
1775 1177 1824 1234 est
1845 1167 1995 1235 carnale.
2057 1164 2091 1234 ls

57 1295 135 1342 non
154 1284 283 1362 pereat.
334 1266 496 1338 Verbum
510 1265 659 1355 signari,
686 1277 738 1334 est
753 1262 943 1347 testificari,
969 1263 1052 1355 quia
1102 1261 1165 1354 qui
1182 1261 1378 1344 estaDeo,
1403 1264 1479 1334 scil.
1491 1263 1602 1351 filius,
1630 1265 1659 1334 is
1674 1265 1775 1336 novit
1791 1279 1925 1358 patrem
1939 1267 1981 1358 ⁹).

53 1373 198 1466 inquit:
234 1371 338 1440 Pater
358 1369 510 1459 signavit
533 1367 669 1450 filium,
699 1367 721 1435 i.
743 1392 774 1437 e.
799 1363 902 1436 unxit
923 1364 1052 1456 spiritu
1838 1413 1842 1422 .

54 1475 299 1547 sanctificante
316 1486 352 1544 et
368 1470 566 1540 vivificante
580 1471 760 1540 eredentes
777 1479 840 1538 ete.
1308 1445 1364 1521 M
1364 1446 1611 1521 urmurabanl
1632 1471 1717 1546 ergo
1738 1445 1885 1526 Iudaei.

118 1639 453 1744 Quidsacffamm,
488 1648 527 1709 up
551 1661 737 1736 operemur
757 1659 867 1736 „pem
887 1631 995 1706 Deip
1204 1597 1312 1688 Quod
1348 1606 1380 1673 1.
1396 1599 1479 1676 Cor.
1499 1599 1566 1673 lll.
1595 1603 1741 1673 dicitur:
1774 1603 1920 1674 animali
1951 1599 2090 1674 homini

162 1777 257 1847 Vide
289 1789 407 1847 aulem
439 1773 613 1892 P013¹¹¹¹1¹¹¹
643 1774 731 1863 ¹²8ss
750 1773 1050 1892 ,inffffl'fflgffllima
1099 1803 1178 1872 loco
1202 1817 1311 1893 agunt
1333 1805 1476 1890 ludaei,
1503 1829 1584 1876 eum
1611 1802 1743 1878 Christi
1764 1801 1960 1878 sermonem
1986 1830 2090 1898 pror-

54 1883 145 1978 quid
169 1890 353 1996 operetur,
378 1887 418 1994 ut
438 1875 544 1944 sacrat
567 1897 671 1994 opera
693 1872 776 1958 Der,
801 1875 838 1942 rd
861 1889 934 1957 est,
960 1896 1051 1966 quae
1100 1927 1159 1976 m,
1176 1929 1252 1975 non
1268 1906 1474 1997 intelligunt
1489 1918 1524 1977 ,p
1542 1907 1704 1980 quidem·

54 2007 179 2057 coram
203 1979 281 2049 Deo
305 1977 512 2061 sustrfirent,
546 2000 646 2066 queas
667 1999 741 2044 non
762 1971 917 2045 habeant
939 1975 1051 2064 legem

54 2113 76 2158 a
109 2085 188 2154 Deo
220 2081 351 2154 datam.
415 2074 626 2169 Respondet
655 2071 839 2160 Christus,
872 2101 947 2146 non
978 2077 1049 2146 iam
1313 2088 1434 2166 Nemo
1454 2104 1572 2192 popm
1595 2092 1714 2164 mir,
1736 2091 1793 2164 ad
1808 2118 1875 2176 me,

55 2184 281 2281 praecipiens
290 2183 429 2272 legem,
455 2181 516 2248 sed
534 2179 621 2268 legis
635 2178 793 2249 iusticias
809 2179 967 2262 damnat,
992 2178 1050 2246 in-

55 2290 209 2385 quiens,
233 2307 348 2356 unum
364 2278 432 2352 hoc
448 2303 538 2371 opus
552 2281 619 2352 Dei
634 2303 724 2361 esse,
749 2304 823 2374 quo
839 2303 957 2349 coram
972 2275 1049 2350 Deo

55 2390 311 2470 iustificamur,
338 2383 481 2455 eredere
495 2381 534 2450 in
550 2404 649 2466 eum,
675 2405 781 2476 quem
798 2381 895 2450 misit
907 2381 970 2450 ille
984 2394 1050 2454 ete.

56 2494 141 2564 Hoc
162 2503 213 2561 est
228 2510 318 2581 opus
333 2484 424 2569 Dei,
450 2485 474 2552 i.
492 2506 522 2555 e.
539 2479 606 2554 hoe
624 2497 676 2554 est
691 2507 781 2578 opus
795 2480 879 2570 Dei,
904 2507 976 2576 qun
990 2505 1050 2552 oo-

57 2619 134 2667 ram
152 2591 229 2666 Deo
245 2585 496 2660 iustifieemini.
1201 2581 1337 2657 Contra
1354 2584 1507 2656 liberum
1526 2584 1713 2656 arbitrium
1731 2581 1826 2656 nihil
1843 2590 1958 2677 potuit
1974 2589 2091 2680 aptius

1102 2687 1192 2772 diei,
1216 2688 1314 2781 qnod
1330 2687 1385 2761 illi
1401 2698 1539 2756 tanturn
1553 2689 1596 2756 ad
1613 2682 1794 2758 Christum
1812 2689 1973 2773 veniant,
2002 2713 2091 2783 quos

1103 2791 1162 2860 dat
1185 2789 1218 2858 ei
1241 2801 1359 2881 pater,
1383 2810 1445 2858 seu
1463 2812 1552 2881 quos
1576 2782 1687 2858 trahit
1708 2803 1829 2879 pater,
1859 2791 1948 2861 sicut
1970 2804 2088 2884 postea

162 2885 233 2968 Hic
247 2915 327 2964 cum
343 2889 431 2981 legis
444 2889 602 2961 iusticias
618 2891 774 2973 damnet,
798 2889 925 2960 iterum
940 2912 1052 2981 appo·
1103 2891 1208 2974 dicit,
1239 2901 1302 2961 ‘eeu
1322 2911 1412 2984 quoa
1436 2890 1538 2960 docet
1560 2902 1671 2982 pater.
1737 2884 1877 2962 Patrem
1904 2894 1989 2963 dare
2014 2893 2089 2961 filio
2152 2881 2159 2894 ’

61 3014 158 3073 nunt
172 3021 239 3100 pro
254 2995 477 3064 defendenda
490 2993 584 3082 lege,
611 3014 648 3060 se
662 2986 793 3062 habere
807 2991 1051 3062 testimonium
1103 3007 1154 3064 est
1177 2993 1317 3082 eligere.
1369 2990 1509 3064 Patrem
1527 2994 1667 3063 trahere
1680 2994 1739 3063 vel
1756 2994 1883 3064 docem
1897 3007 1949 3066 est
1965 2994 2089 3083 sogni-

60 3104 167 3194 legis,
194 3119 324 3168 manna
345 3097 390 3165 de
412 3094 512 3164 coelo
533 3097 668 3166 datum.
720 3089 814 3182 Ergo
831 3095 926 3186 quod
943 3107 984 3163 tu
999 3095 1054 3163 ia-
1103 3096 1236 3168 tionem
1257 3089 1391 3165 Christi
1421 3095 1579 3179 donare,
1610 3093 1636 3168 i.
1656 3117 1687 3169 e.
1708 3097 1835 3166 doeere
1860 3095 2032 3166 iuditium
2056 3109 2091 3165 et

59 3207 111 3278 ris
131 3197 299 3292 signum?
332 3199 368 3266 id
391 3210 460 3283 est,
486 3197 549 3285 qui
570 3193 657 3285 legis
681 3193 837 3264 iusticias
856 3195 1006 3265 damnas
1020 3208 1055 3266 et
1103 3192 1297 3281 iusticiam
1323 3192 1496 3265 iudicium
1514 3196 1552 3266 in
1569 3219 1631 3276 eo,
1657 3199 1754 3290 quod
1769 3219 1831 3268 ror
1847 3197 1954 3267 sentit
1969 3197 2089 3267 omnia

59 3307 247 3401 praedicas
262 3302 387 3384 fidem,
413 3298 510 3392 quod
525 3319 609 3386 ergo
622 3296 689 3367 erit
705 3295 965 3384 testimonium,
991 3320 1055 3367 eur
1103 3312 1222 3369 nostra
1246 3297 1462 3368 damnabilia
1479 3319 1570 3383 esse,
1595 3299 1777 3370 iustificari
1793 3312 1909 3371 autem
1927 3319 1994 3370 nos
2008 3321 2090 3390 gra-

58 3423 141 3482 tuto
159 3404 335 3499 possimus
351 3401 418 3472 tihi
437 3398 606 3471 eredere?
1103 3401 1153 3471 tia
1182 3419 1246 3491 per
1266 3397 1382 3468 lesum
1404 3395 1604 3484 Christum,
1638 3423 1742 3494 quem
1759 3405 1841 3492 {pro
1865 3401 1970 3472 nohis
1992 3400 2091 3472 dedit

1103 3514 1214 3592 peter.
1267 3498 1379 3571 Porro
1400 3501 1490 3571 illud
1511 3502 1638 3571 docere
1658 3515 1800 3574 nonest
1816 3503 1936 3588 litera,
1959 3503 2020 3572 sed
2038 3516 2092 3574 est

1104 3603 1249 3695 spiritus
1274 3615 1308 3672 et
1328 3602 1400 3672 vita
1424 3603 1462 3670 in
1487 3605 1606 3679 eorde.
1656 3601 1747 3674 Nam
1762 3619 1797 3676 et
1811 3601 1936 3676 Iudaei
1951 3605 2089 3676 literam

164 3707 358 3800 Comparat
372 3699 535 3778 Christus
553 3725 684 3772 manna
705 3725 787 3772 cum
804 3701 952 3773 iustitiis
969 3701 1056 3792 legis
1105 3703 1318 3790 audiebant,
1345 3717 1379 3774 et
1400 3704 1551 3776 audiunt
1572 3727 1669 3778 nunc
1684 3729 1809 3777 omnes
1824 3707 1937 3798 impii.
1991 3703 2090 3794 Quid

60 3819 102 3887 in
127 3809 222 3884 hane
243 3807 473 3889 sententiam,
499 3807 595 3899 quod
619 3805 711 3874 sicut
726 3827 856 3874 manna
873 3828 947 3874 non
961 3805 1056 3875 vivi·
1104 3820 1222 3878 autem
1244 3807 1290 3876 sit
1314 3806 1400 3875 fides
1422 3820 1484 3876 aut
1506 3805 1665 3892 iusticia,
1689 3831 1765 3878 non
1787 3809 1945 3879 aseendit
1965 3808 2004 3876 in
2028 3829 2091 3877 nor

1100 2245 1124 2315 i.
1140 2267 1168 2314 e.
1185 2243 1266 2314 ideo
1282 2267 1357 2316 non
1371 2244 1524 2332 creditis,
1550 2245 1633 2340 quis
1648 2264 1667 2315 a
1683 2259 1782 2338 patre
1798 2266 1872 2314 non
1887 2239 2090 2320 trahemini.

1178 2427 1356 2520 Eleum,
1382 2429 1450 2531 qui
1471 2429 1564 2503 venit
1585 2437 1637 2504 ad
1656 2455 1729 2520 mr,
1756 2456 1831 2502 nou
1854 2429 2012 2509 eiiaiam.

163 2755 296 2832 Patres
318 2755 440 2828 nostri
456 2748 772 2826 manducaverunt
795 2775 950 2827 manna.

216 3567 308 3648 Non
332 3563 486 3666 Moyses
509 3563 609 3640 dedit
634 3563 735 3638 vobis
757 3589 902 3663 ponem.

1104 959 1285 1047 quoddam
1301 961 1427 1029 docere
1441 958 1614 1049 signifieat
1630 981 1751 1050 graeca
1767 961 1886 1032 dictio.
1908 997 1962 1014 ·-
2013 959 2091 1031 Au·
2213 971 2232 992 ·'

1100 1701 1287 1772 stultitiam
1320 1727 1411 1788 esse,
1445 1727 1534 1798 quae
1563 1718 1648 1774 sunt
1677 1705 1822 1794 spiritus
1842 1701 1928 1789 Dei,
1958 1705 1994 1773 id
2022 1700 2090 1775 hoc
2239 1717 2242 1722 '

61 3915 239 3995 ficaverit,
266 3913 315 3982 its
338 3932 404 3979 nee
424 3907 605 3979 vivificent
627 3904 787 3977 iustitiae
810 3905 913 3996 legis:
945 3901 1054 3977 Chri·
1105 3903 1280 3992 hominis,
1304 3905 1430 3978 ussto
1443 3903 1573 3982 LXIV.
1601 3906 1709 3980 Vides
1731 3909 1851 4002 itaque
1870 3904 1964 3978 nihil
1986 3930 2091 4000 pror·
2238 3959 2243 3970 .

61 4036 158 4092 stom
188 4029 304 4086 autem
334 4033 428 4096 esse,
460 4010 523 4104 qui
552 4009 598 4081 sit
618 4008 721 4100 panis
745 4000 946 4091 vivificans,
977 4032 1055 4106 non
1105 4031 1165 4079 sus
1194 4009 1306 4080 tribui
1329 4003 1449 4092 ¹libero
1478 4008 1627 4080 arbitrio
1656 4024 1717 4080 aot
1747 4011 1883 4081 viribus
1914 4006 2090 4081 humanis.

60 4120 210 4216 quidem
233 4114 429 4186 seeundum
451 4135 611 4197 earnem,
642 4132 726 4179 nam
749 4131 831 4180 caro
853 4102 948 4179 nihil
971 4133 1056 4200 pro·
1103 4110 1217 4181 Porro
1242 4111 1272 4180 si
1292 4107 1446 4182 offendit
1461 4111 1756 4202 praedestinatio,
1780 4109 1871 4185 sieut
1883 4113 1937 4182 illi
1951 4115 1987 4183 Ω.
2001 4108 2091 4203 lter.

29 4283 33 4290 .
61 4227 160 4306 dest,
185 4219 247 4289 sed
269 4215 463 4288 seeundum
484 4214 541 4294 id,
567 4213 663 4308 quod
687 4213 731 4281 de
749 4211 845 4282 coelo
863 4210 1055 4284 deseendit.
1104 4209 1170 4287 X.:
1197 4208 1284 4284 Esto
1304 4213 1361 4283 vir
1384 4213 1488 4284 sortis
1509 4226 1543 4283 et
1557 4235 1751 4305 pugnemus
1766 4237 1831 4306 pro
1847 4215 1998 4307 populo,
2024 4215 2093 4286 do·

61 4325 151 4398 ldeo
175 4320 310 4415 inquit:
343 4302 457 4388 Panis‘
474 4315 537 4409 qui
559 4317 604 4384 de
624 4311 723 4384 coelo
747 4313 945 4398 descendit,
979 4313 1005 4384 i.
1025 4338 1055 4389 e.
1104 4315 1224 4385 minus
1247 4327 1365 4387 autem
1385 4315 1491 4386 laniet
1511 4317 1607 4410 quod
1626 4319 1760 4387 bonurn
1780 4317 1884 4387 estin
1902 4331 2090 4409 conspeetu

62 4425 217 4498 verbum
246 4419 466 4491 sanctificans
493 4431 529 4489 et
557 4416 740 4487 vivificans
765 4414 868 4505 panis
890 4428 961 4499 est,
991 4416 1055 4510 qui
1104 4438 1182 4488 suo.
1232 4414 1313 4487 llos
1333 4416 1534 4489 laciendum
1554 4431 1627 4504 est,
1660 4420 1756 4514 qnod
1779 4420 1957 4511 praecepit
1978 4421 2090 4504 Dens,

62 4526 236 4600 vivificat.
292 4517 371 4612 Ego
393 4542 473 4592 sum
493 4517 596 4612 panis
617 4519 728 4602 vitae,
763 4515 788 4588 i.
811 4541 841 4590 e.
863 4516 1055 4590 vivificans.
1105 4543 1179 4588 non
1202 4519 1300 4613 quod
1320 4518 1455 4606 volalt;
1480 4520 1658 4614 praecepit
1679 4534 1796 4592 autem
1817 4523 1914 4592 credi
1930 4521 1969 4590 in
1983 4516 2091 4594 Chri-

63 4627 143 4722 Qui
162 4624 263 4696 venit
283 4625 329 4695 ad
345 4645 402 4692 me
419 4633 501 4705 etc„
527 4620 610 4715 quia
628 4614 687 4689 hie
702 4618 805 4709 panis
819 4632 871 4690 est
886 4618 987 4711 panis
1002 4618 1056 4688 vi·
1104 4633 1218 4704 stum,
1251 4615 1383 4696 Matth.
1404 4619 1492 4696 tlt:
1527 4619 1597 4692 llis
1621 4635 1673 4692 est
1694 4619 1789 4694 filius
1809 4645 1909 4694 meus
1931 4621 2091 4706 dilectus,
2123 4691 2127 4698 ,

61 4748 131 4805 tar.
147 4769 199 4782 —
230 4723 301 4798 Sed
317 4725 392 4795 dixi
406 4723 519 4809 vobis,
545 4723 569 4796 i.
583 4747 612 4793 e.
628 4720 724 4815 quod
738 4743 940 4814 quenquam
955 4720 1056 4790 vide·
1105 4717 1202 4793 hune
1225 4723 1358 4797 audite.
1407 4719 1770 4796 praedestinationem
1792 4739 1909 4796 autem
1932 4747 2004 4794 non
2026 4747 2092 4792 vn-

61 4833 164 4914 ritis,
187 4845 307 4902 tamen
329 4849 404 4897 non
425 4824 587 4896 credatis.
638 4819 820 4892 Viderunt
834 4823 930 4892 enim
948 4821 1057 4894 mira·
1104 4824 1173 4895 luit
1197 4822 1297 4904 seiri,
1328 4825 1365 4898 Ξ.
1389 4821 1548 4896 'limoth
1574 4824 1640 4899 lta
1673 4819 1851 4898 Dominus
1875 4827 1995 4907 novit,
2027 4823 2091 4916 qui

63 4937 145 5009 cula
169 4929 369 5005 testimonia
385 4927 531 5020 spiritus
543 4925 633 5010 Dei,
658 4925 719 4994 sed
733 4925 891 4996 videntes
906 4948 981 4996 non
1001 4925 1057 4994 vi·
1105 4925 1173 4999 sint
1199 4927 1286 4999 eius.
1338 4927 1445 5012 Item,
1471 4927 1554 5022 quia
1578 4930 1699 4999 eadem
1722 4930 1886 5000 voluntas
1911 4940 1962 4998 est
1981 4926 2092 5017 patris

62 5042 163 5122 dent,
189 5047 225 5106 et
234 5044 454 5103 excaecatum
463 5054 524 5100 cor
535 5025 657 5122 populi
668 5021 795 5112 huius,
810 5023 936 5097 Esaiae
945 5035 1054 5101 serlo.
1106 5051 1196 5122 quae
1211 5023 1366 5114 Christi,
1393 5042 1425 5100 et
1439 5025 1573 5100 Christi
1592 5031 1777 5102 voluntate
1800 5028 1909 5121 patris
1927 5029 2092 5098 voluntas
2137 5033 2152 5059 '

62 5139 151 5213 Dixi
174 5134 278 5208 vobis
299 5133 405 5204 etiam
428 5145 528 5216 ante,
552 5133 638 5201 item
663 5140 697 5202 et
719 5129 758 5200 in
778 5123 979 5219 Prophetis.
1005 5167 1057 5186 -

61 5241 295 5361 νοιωῖωω
317 5259 451 5356 miam’
470 5232 700 5354 ,stilficamh'
751 5229 833 5352 N⁰P
853 5233 999 5324 βψω
1015 5257 1056 5302 ⁶¹
1140 5295 1173 5358 2)
1191 5295 1275 5349 totns
1298 5295 1345 5348 tio
1361 5290 1445 5348 'luens
1468 5293 1531 5348 lnde
1556 5308 1574 5349 ι
1597 5297 1706 5349 verbis:
1736 5300 1798 5364 mus
1820 5311 1885 5350 sum
1900 5297 1986 5362 mnis
2004 5300 2094 5366 eltae,

63 5369 119 5432 eo,
141 5342 220 5415 serl.
229 5360 393 5436 quamvrs
402 5337 656 5432 pusillanimes,
676 5353 839 5428 quamvis
848 5348 1057 5426 pensatores.
1174 5364 1195 5428 t,
1215 5378 1241 5417 e.
1258 5362 1416 5432 dapem
1432 5367 1505 5438 aa„
1527 5365 1706 5424 ansam,
1726 5365 1755 5418 tn
1773 5365 1837 5419 ‚aa
1856 5363 1922 5421 m,
