4616 5818
244 124 320 222 sor

638 270 843 342 lle-serto.

350 399 510 478 Revocat
523 410 590 466 nos
599 383 767 468 Christus
787 389 834 460 ad
856 409 977 490 curam
997 383 1240 478 'praesentium

252 530 396 590 rerum,
426 521 507 572 curn
530 493 596 566 ait:
627 489 791 566 Crastina
815 488 891 562 dies
911 483 1050 560 curabit
1071 509 1128 562 res
1148 506 1241 558 suas.

254 613 318 688 Sic
326 623 361 682 et
378 601 559 677 Pindarus
571 592 721 684 laudans
735 587 950 672 Hieronem,
978 589 1241 662 intercaeteras

246 689 404 788 ¹virtutes
416 701 509 776 hauc
522 697 555 771 ei
572 695 717 780 tribuit,
744 693 920 784 sapienter
935 715 1060 764 curare
1073 710 1242 784 praeseu-

255 819 317 891 tia.
364 810 424 882 Aa
440 801 533 876 hanc
549 799 715 870 virtutem
734 792 906 892 pertinet,
931 794 1028 888 qnod
1048 806 1084 864 et
1097 787 1242 862 Samuel

256 914 375 1012 inquit
412 909 446 984 1.
470 903 560 994 lter.
585 897 661 976 11.:
701 895 774 972 Fac
801 918 1033 993 quaecunque
1062 889 1244 963 invenerit

241 1027 384 1096 ,manus
399 1025 479 1096 tua,
502 1003 585 1100 ¹quia
598 999 696 1074 Deos
710 1011 827 1071 tecum
841 1013 912 1084 est,
936 995 1066 1079 idest,
1091 1015 1181 1088 quae
1202 991 1242 1062 in
1301 1084 1303 1088 ι

257 1112 453 1218 praesentia
488 1102 683 1202 postulabit
718 1100 866 1172 vocatio
886 1112 947 1170 tua
975 1111 1011 1169 et
1041 1095 1242 1181 necessitas,

258 1224 427 1298 usitatum
443 1224 495 1283 est
512 1205 663 1280 enimin
684 1201 776 1284 vita,
805 1201 903 1296 quod
926 1210 1072 1298 propter
1092 1197 1244 1268 incertas

257 1303 356 1419 spes,
380 1323 586 1394 autmetus,
610 1301 774 1375 homines
788 1301 983 1397 praesentis
998 1310 1245 1398 corrumpunt,

260 1442 296 1500 et
311 1420 506 1496 admiscent
519 1411 650 1488 iniusta
664 1405 824 1479 consilia.
874 1401 973 1502 Sylla
990 1400 1136 1473 iubebat
1158 1400 1245 1469 ado·

261 1532 449 1601 lescentem
465 1513 651 1588 Caesarem
666 1504 839 1587 interfici,
862 1503 945 1600 quia
962 1503 1051 1574 olim
1066 1502 1246 1572 videretur

250 1609 403 1704 ‘iuturus
429 1640 510 1693 acer
532 1612 710 1688 inimicus.
766 1607 929 1682 Herodes
949 1603 1095 1676 iubebat
1117 1623 1246 1694 pueros

249 1715 433 1808 interfici,
461 1731 621 1790 metuens
642 1734 768 1801 regno.
820 1703 964 1802 Aliquis
979 1703 1150 1790 'metuens
1171 1725 1247 1774 cre-

198 1841 201 1847 ’
251 1811 417 1906 ιεοειιῑεῐι)
441 1817 636 1915 potentiam
658 1814 821 1898 alterius,
857 1809 935 1880 vult
959 1806 1112 1878 obiicere
1134 1804 1248 1899 impo-

249 1917 442 2008 'dimentm
474 1937 511 1996 et
542 1940 686 2016 quoquo
719 1913 827 1983 modo
860 1909 937 1982 eins
968 1908 1062 1978 vices
1093 1927 1247 2000 carpere.

792 209 796 219 ¹
843 105 971 190 ruso
997 102 1116 190 orsu
1141 103 1354 218 scatere
1379 57 1684 190 unrocum.
1708 159 1721 179 ,-

2195 123 2260 198 868

1393 283 1472 358 eius
1488 277 1615 370 mulii,
1641 290 1676 355 et
1691 279 1806 359 tarta
1829 281 1999 386 copiosa,
2042 273 2135 358 Cum
2155 299 2262 361 antem
2296 293 2297 300 ’

1393 382 1709 486 appropinquaret
1736 393 1866 482 portae
1898 383 2078 476 civitatis,
2115 411 2184 460 ecce
2210 387 2262 462 dc-

1335 549 1339 556 .
1387 489 1548 602 sancius
1579 511 1595 558 e
1629 485 1815 571 erebatur,
1844 479 1961 582 filius
1993 487 2121 561 unicus
2145 491 2263 564 matris

1392 614 1504 676 suae,
1527 595 1560 660 e'i
1603 613 1666 662 aec
1680 585 1793 660 vidua
1809 595 1910 677 erat,
1934 597 1968 660 et
1986 587 2097 660 tarda
2119 593 2262 664 civitatis

1396 686 1517 764 muita
1534 713 1613 763 cum
1629 687 1714 762 iila.
1763 687 1913 763 Etcum
1933 685 2082 763 otdusa
2102 714 2179 764 eam
2191 691 2264 766 Dc·

1395 793 1539 875 minus,
1573 786 1829 864 misericordia
1859 801 1980 864 motus
2001 800 2054 862 est
2076 817 2162 890 erga
2184 817 2263 878 cam,

1394 905 1427 968 et
1450 891 1550 968 dixit
1572 891 1653 965 iiii:
1677 889 1777 969 Noli
1783 894 1888 996 flere.
1938 874 1994 963 Et
2006 897 2153 966 accessit
2166 919 2208 968 ac
2220 906 2264 966 te·

1396 997 1482 1094 tigit
1501 993 1675 1072 loculum.
1726 993 1784 1068 Hi
1806 1005 1949 1084 autem,
1979 995 2048 1093 qui
2064 997 2265 1096 portoient,

1394 1105 1582 1172 steterunt.
1641 1093 1698 1194 Et
1718 1089 1794 1168 ait}
1827 1093 2065 1181 Adolescens,
2098 1097 2168 1169 iiii
2185 1095 2265 1180 dico,

1395 1225 1463 1274 sur
1489 1224 1519 1274 e.
1570 1195 1626 1270 Et
1642 1193 1772 1272 resedit
1787 1206 1973 1284 mortuus,
1987 1204 2020 1268 et
2035 1198 2146 1298 coepit
2166 1198 2265 1299 loqui,

1397 1311 1431 1375 et
1473 1296 1547 1373 edit
1571 1295 1682 1373 iilum
1705 1301 1823 1372 matri
1842 1323 1943 1374 suae.
1995 1299 2138 1398 Accepit
2159 1311 2264 1372 autem

1399 1427 1522 1477 omnes
1539 1401 1668 1486 timor,
1700 1410 1733 1472 et
1753 1398 2126 1499 plurificantDeum,
2160 1395 2265 1474 dicen-

1398 1515 1468 1576 tes:
1480 1497 1584 1602 Quia
1599 1497 1786 1602 Propheta
1803 1528 1965 1599 magnus
1979 1503 2141 1575 surrexit
2157 1502 2194 1576 in
2209 1525 2265 1571 no-

1399 1604 1477 1695 bis,
1518 1616 1550 1676 et
1571 1605 1663 1705 quia
1684 1601 1792 1677 Deus
1816 1604 1979 1678 visitavit
2000 1602 2140 1718 plebem
2161 1627 2265 1680 suam.

1398 1704 1456 1780 Et
1471 1707 1563 1779 exiit
1587 1701 1650 1778 laic
1671 1730 1790 1778 sermo
1811 1707 1851 1778 in
1877 1705 2087 1778 universam
2102 1701 2264 1777 Iudaeam

1400 1806 1443 1882 de
1458 1831 1518 1893 eo,
1545 1817 1577 1881 et
1592 1807 1632 1879 in
1651 1832 1790 1880 omnem
1801 1803 2007 1900 finitimam
2025 1805 2208 1903 regionem.

1371 1907 1489 1986 Huius
1512 1908 1701 2003 Evangelii
1732 1912 1832 1982 locus
1860 1933 1955 1983 unns
1985 1923 2039 1981 est
2069 1907 2265 2004 principalis,

264 2031 414 2126 Quoties
431 2020 608 2096 amicicias
620 2014 783 2086 ambiunt
795 2007 1092 2096 bomines‚'etlam
1107 2007 1250 2092 viciose,
1299 2011 1511 2086 miraculum
1531 2007 1689 2098 Christi,
1726 2013 1824 2108 quod
1845 2033 1972 2101 magna
1994 2033 2077 2104 pm
2097 2007 2266 2081 hominum

264 2135 395 2232 quibus
413 2127 494 2201 illae
515 2122 613 2214 ipsae
633 2114 813 2190 amiciciae
835 2111 991 2183 afferunt
1011 2109 1157 2182 exitium
1166 2111 1182 2196 ,'
1208 2119 1249 2179 nt
1300 2116 1475 2190 existimat
1488 2126 1626 2187 tantum
1641 2115 1684 2185 ad
1708 2113 1854 2184 viduam
1875 2112 1976 2186 illam
1996 2112 2189 2206 pertinere,
2211 2131 2277 2182 css-¹

263 2239 376 2309 Arato
405 2239 480 2299 erat
507 2221 616 2294 exitio
644 2215 806 2290 amicicia
835 2208 994 2306 Philippi
1027 2209 1250 2285 Macedonis.
1300 2216 1356 2287 ius
1369 2217 1463 2290 lilius
1476 2215 1700 2287 resuscitatus
1714 2227 1776 2290 est.
1810 2213 1880 2286 Sed
1896 2236 1964 2283 nos
1978 2211 2265 2289 statuamnsetiam

183 2319 186 2328 ἡ
263 2330 536 2410 Meminerimus
552 2344 655 2410 ergo,
674 2319 714 2385 in
729 2313 925 2410 praesentia
939 2313 1250 2401 necessariaagen-
1300 2320 1344 2389 ad
1362 2343 1449 2406 nos,
1471 2317 1665 2414 etquidem
1681 2315 2061 2408 singulos,pertinere.
2110 2310 2265 2386 Estenin

253 2441 311 2509 'da
345 2455 438 2516 esse,
476 2440 511 2498 et
532 2417 572 2492 ca'
596 2434 735 2492 tantum
759 2415 894 2506 agenda
915 2434 1009 2497 esse,
1042 2435 1133 2507 qnae
1154 2413 1250 2484 bona
1301 2419 1562 2504 testimonium,
1596 2418 1693 2511 qnod
1717 2412 1878 2490 Christus
1898 2416 1985 2486 velit
2008 2417 2165 2506 agnosci,
2197 2426 2264 2484 tau·

267 2529 482 2611 conscientia
510 2523 587 2596 neri
618 2529 768 2628 possunt
795 2527 930 2594 caetera
956 2509 1033 2591 Deo
1068 2535 1251 2609 commen·
1301 2545 1407 2620 mam
1424 2519 1639 2603 vivificator,
1654 2518 1874 2604 consolator,
1889 2530 1923 2589 et
1938 2519 2109 2608 pontifex,
2123 2516 2182 2610 qui
2198 2533 2265 2584 vere

268 2637 399 2714 danda.
1300 2634 1338 2695 et
1366 2621 1464 2692 ultro
1491 2619 1667 2690 afficiatur
1691 2617 1825 2690 nostris
1846 2617 2029 2690 aerumnis
2054 2633 2156 2713 atque
2176 2613 2265 2686 misc-

367 2717 371 2727 *
431 2747 461 2764 ·'
633 2755 684 2808 ns
713 2719 891 2822 sepetire.
1302 2724 1385 2804 riis,
1411 2722 1495 2793 item
1518 2734 1688 2810 tanquam
1712 2720 1828 2792 victor
1848 2717 2000 2813 peccati,
2026 2733 2062 2793 et
2082 2716 2216 2798 mortis,
2237 2723 2265 2782 et

369 2855 481 2948 Saepe
511 2848 600 2928 alias
625 2843 763 2916 dictum
795 2854 863 2926 est,
882 2842 884 2851 '
900 2834 1016 2913 Deum
1037 2861 1114 2908 non
1136 2835 1252 2906 solum
1301 2825 1411 2899 totius
1428 2820 1529 2912 regni
1546 2819 1695 2896 diaboli.
2218 2916 2226 2935 ι

267 2961 474 3062 promittere
495 2945 666 3024 beneficia
688 2942 907 3038 corporalia,
938 2940 1000 3014 sed
1021 2939 1127 3010 etiam
1148 2959 1253 3032 prae-
1402 2917 1469 2996 Est
1484 2922 1579 2994 enim
1594 2917 1681 2994 haec
1697 2921 1843 3016 propria
1863 2933 1896 2996 et
1914 2920 2104 3016 peculiaris
2124 2921 2265 2990 doctrma

269 3068 405 3158 cipere,
427 3070 467 3129 ut
482 3078 521 3126 ea
535 3062 710 3146 petamus,
729 3045 820 3117 sient
837 3055 984 3117 testatur
997 3041 1110 3112 oratio
1125 3035 1254 3110 Domi·
1302 3023 1507 3117 Evangelii,
1539 3025 1636 3120 quod
1660 3021 1757 3094 Deus
1787 3047 1871 3096 vere
1898 3023 2063 3116 respiciat
2086 3023 2223 3094 miseros
2239 3026 2267 3084 et

187 3155 190 3162 ⁴
254 3147 365 3240 nica:
390 3159 523 3231 Panem
540 3163 701 3226 nostrum
723 3147 971 3244 quotidianum
992 3145 1038 3214 da
1059 3133 1165 3212 no'bis
1184 3133 1254 3212 ho-
1303 3128 1471 3214 afflictos,
1497 3127 1560 3222 qui
1573 3138 1657 3202 suot
1671 3126 1828 3217 oppressi
1842 3125 2042 3210 aerumnis,
2066 3134 2101 3196 et
2115 3134 2266 3216 perterre·

269 3269 340 3342 elie.
392 3259 486 3338 Sunt
500 3270 617 3349 autern
634 3275 758 3322 causae
775 3262 857 3322 tres,
908 3245 1049 3331 Prima,
1079 3257 1253 3332 uttagno-
1301 3231 1591 3322 taeticonspectu
1615 3241 1649 3299 et
1670 3249 1776 3299 sensu
1798 3227 1962 3326 propriae
1986 3223 2216 3316 indignitatis,
2237 3227 2265 3285 tt

91 3323 94 3330 Ι
212 3333 217 3346 ⁶
268 3385 405 3448 scamus
421 3358 500 3434 dari
513 3353 616 3430 aDeo
632 3353 737 3426 etiam
746 3349 941 3442 corporalia
950 3341 1131 3428 beneficia,
1145 3346 1255 3414 dante
1293 3355 1392 3403 *voce
1407 3331 1511 3422 legis,
1527 3351 1617 3423 quae
1631 3324 1909 3408 clamitatDeum
1924 3327 2031 3398 irasci
2046 3339 2184 3420 propter
2199 3341 2266 3413 pec-

269 3487 305 3544 te
324 3489 437 3541 escam
461 3459 628 3549 colligent
646 3467 711 3526 etc.
760 3447 809 3523 Et
830 3451 1046 3540 corrigamus
1060 3441 1254 3539 Epicureas
1304 3447 1434 3513 catum,
1450 3431 1538 3504 etin
1555 3430 1652 3504 talib.
1669 3423 1901 3522 poenisnibil
1917 3425 2267 3501 nisiiramDeiosten·

258 3558 467 3667 'opinionen
479 3585 571 3660 quae
585 3555 763 3627 somniant
778 3549 865 3624 haec
877 3553 971 3623 bona
979 3550 1035 3621 vel
1043 3571 1125 3618 casn
1133 3543 1255 3632 obiici,
1305 3535 1370 3608 dit.
1422 3531 1496 3604 Nec
1511 3531 1584 3601 ulla
1598 3545 1651 3651 ‚⁸⁸¹
1667 3531 1849 3650 doctrina,
1873 3552 1963 3624 quae
1985 3531 2147 3602 ostendat
2161 3539 2266 3610 ‚veram

268 3675 380 3750 velut
396 3668 516 3743 terunt
539 3667 770 3751 tempestates.
821 3652 1003 3736 Secunda,
1032 3661 1073 3721 nt
1090 3649 1197 3720 fidem
1220 3661 1255 3719 et
1305 3635 1583 3710 consolationem
1596 3655 1635 3700 sn
1653 3627 1709 3700 hss
1724 3631 1913 3712 aerumnis,
1929 3631 2080 3703 nisisola
2089 3621 2268 3708 vorllvan·

253 3755 531 3847 ‚invocationem
558 3776 780 3838 exerceamus
808 3755 846 3822 in
869 3748 926 3822 his
948 3749 1126 3846 petendis,
1156 3749 1254 3843 quod
1303 3737 1388 3832 gelii
1402 3737 1537 3828 prolata
1557 3756 1622 3827 per
1637 3729 1770 3803 Filium
1784 3728 1874 3818 Dei,
1903 3727 1990 3802 haec
2012 3743 2155 3838 testatur
2170 3725 2267 3842 Deum

269 3872 435 3950 videlicet
448 3865 526 3945 Deo
536 3882 642 3936 curae
654 3859 700 3928 sit
713 3857 818 3928 etiam
839 3849 925 3924 haec
951 3852 1024 3923 vita
1046 3849 1253 3945 corporalis,
1304 3862 1386 3912 vere
1399 3837 1572 3931 respicere
1585 3855 1824 3916 aerumnosos,
1840 3859 1906 3904 nec
1920 3850 2105 3927 propterea
2119 3851 2176 3901 eos
2191 3825 2267 3940 ³¹²3*

272 3977 369 4073 quod
395 3993 473 4045 eam
501 3961 694 4052 custodiat,
726 3970 859 4037 servet,
888 3954 979 4040 alat,
1010 3947 1094 4048 qnia
1115 3952 1194 4023 vult
1214 3951 1253 4023 in
1304 3966 1405 4028 cere,
1437 3938 1533 4034 quod
1553 3936 1626 4006 sint
1643 3933 1803 4026 indigni,
1836 3949 1872 4040 et
1895 3935 2015 4006 meriti
2036 3955 2166 4028 poenas
2184 3927 2267 4046 legis,

254 4061 337 4151 'hac
351 4077 423 4148 vita
439 4072 567 4143 durare
582 4063 739 4158 aliquam
752 4059 793 4128 in
806 4053 1012 4132 Ecclesiam.
1043 4046 1194 4139 Tertia,
1213 4067 1254 4124 ut
1303 4045 1366 4116 sed
1382 4041 1472 4111 velle
1487 4060 1609 4132 eorum
1626 4036 1798 4122 misereri,
1813 4037 2142 4131 quiconiugiuntad
2153 4031 2268 4149 Filium

254 4163 358 4252 'hacc
374 4177 449 4268 ipsa
464 4166 643 4244 invocatio
656 4165 845 4234 admoneat
867 4179 933 4229 nos
955 4158 1000 4229 de
1019 4153 1253 4248 promissione
1304 4142 1553 4225 mediatorem,
1578 4150 1613 4209 et
1628 4139 1778 4211 credunt
1794 4138 2028 4231 sibipropter
2048 4139 2162 4229 ipsum
2181 4149 2268 4218 agno-

253 4253 462 4373 ’spirituali
477 4273 560 4364 quia
575 4290 649 4336 non
664 4277 778 4357 potest
792 4261 869 4330 fieri
883 4258 1059 4330 invocatio
1067 4257 1144 4326 sine
1151 4256 1253 4348 agni·
1304 4245 1355 4316 sci
1367 4245 1463 4314 iuxta
1480 4238 1751 4338 promissiones,
1762 4250 1798 4309 ct
1811 4235 1878 4320 hac
1893 4241 1961 4310 lide
1975 4241 2177 4312 invocantes
2192 4225 2269 4349 pelltf

271 4383 370 4456 noue
384 4368 647 4446 misericordiae
662 4379 697 4434 et
717 4361 941 4445 mediatoris,
973 4381 1037 4451 per
1060 4381 1166 4451 quem
1187 4353 1253 4428 ba.
1292 4345 1489 4440 *exandim
1513 4343 1602 4414 sicut
1618 4341 1767 4412 dicitur:
1793 4335 1895 4414 Beati
1909 4343 1972 4436 qui
1986 4343 2126 4436 lugent,
2148 4353 2224 4430 quia
2237 4321 2269 4395 hs

272 4487 398 4556 banos
410 4492 585 4547 accesnrm
596 4468 644 4538 ad
658 4463 785 4539 Deum.
836 4461 921 4536 ldeo
937 4460 1162 4536 insertione
1177 4455 1254 4528 Do·
1303 4444 1582 4534 consolationem
1595 4443 1779 4536 accipient.

133 4593 140 4604 ’
269 4583 404 4657 minica
419 4599 504 4650 mox
516 4571 675 4650 adddurr
700 4563 750 4644 lit
765 4564 906 4636 remitte
920 4561 1026 4638 nobis
1047 4561 1254 4640 debiteno-
1295 4623 1301 4636 ,
1388 4540 2268 4634 'Etuttestimoniumliatevidentins,ideoprae

1258 4709 1262 4718 .
1305 4649 1408 4746 cipue
1430 4645 1623 4746 Ecclesiam
1650 4657 1788 4740 oportet
1813 4666 1887 4714 esse
1921 4643 2113 4715 subiectam
2133 4631 2271 4710 cruciet

1297 4752 1485 4836 ¹aerumnis
1499 4745 1618 4823 omnis
1632 4742 1788 4838 generis,
1814 4745 1896 4842 quia
1912 4747 1990 4816 vult
2004 4769 2079 4814 earn
2106 4755 2139 4813 et
2158 4727 2269 4832 poeni-

1305 4855 1452 4930 tentiam
1482 4851 1520 4934 in
1549 4843 1607 4946 his
1636 4870 1814 4935 exercere,
1843 4861 1881 4919 et
1899 4839 2089 4940 agnoscere
2110 4866 2148 4912 ac
2169 4834 2269 4907 odisse

1295 4943 1506 5052 'peccatum
1546 4949 1630 5022 item
1659 4948 1737 5020 vult
1757 4949 1918 5026 'exerceri
1942 4945 2213 5019 invocationem,
2240 4941 2268 5047 t}

257 5133 262 5144 .
480 5127 484 5134 ,
1306 5047 1460 5129 crescere
1482 5051 1586 5124 fidem
1610 5049 1872 5121 misericordiae
1893 5051 1941 5142 set'
1964 5045 2180 5142 praesentiae*
2198 5035 2268 5144 Det,

326 5163 382 5243 Et
390 5165 539 5266 saelum
556 5161 607 5242 ‘ii
624 5145 800 5250 dimitiis
816 5143 895 5218 ibai
905 5151 943 5220 5⁷²
955 5143 1149 5242 “illinistis
1162 5172 1255 5247 ΨΜ
1296 5139 1483 5252 postremo
1500 5151 1578 5224 vult
1589 5141 1670 5221 'earn
1686 5153 1733 5223 ita
1747 5149 1908 5223 similem*
1925 5153 1999 5222 fieri
2014 5145 2178 5240 imaginis
2191 5132 2266 5209 Fili!

377 5274 525 5340 vocatur
546 5251 686 5338 Nalm,
727 5256 759 5322 ‘i
788 5247 895 5320 lbani
919 5275 997 5325 ΨΜ
1021 5243 1257 5370 ‘libidimis
1298 5257 1396 5362 Dei,
1424 5272 1461 5332 ct
1482 5255 1575 5360 ipsas
1595 5251 1803 5328 afflictiones
1826 5278 1899 5365 esse
1919 5251 2116 5327 testimonia
2143 5247 2265 5315 futurae

255 4701 344 4761 -stre
354 4713 373 4770 ,·
389 4679 481 4753 sieut
493 4687 604 4747 et-nos
620 4666 866 4752 resistimus„
878 4678 943 4742 stt.

317 4839 338 4854 ”
387 4825 624 4971 ⁴'nimum
637 4828 757 4958 xvi.
772 4837 1148 5004 porturianus„

328 5031 342 5049 '‘
443 5032 449 5040 '
546 5017 780 5107 Evangilinm
797 5012 969 5088 Lucae'i.
1058 5030 1062 5037 ·
