4714 5826
240 177 312 256 tas
829 146 958 234 l’fflt.
986 155 1102 254 MEL.
1129 158 1339 237 SCRIPTA
1365 159 1667 238 Exnnttrtct.
2192 158 2273 237 tao

272 395 279 410 .
340 344 492 437 Propter
505 335 600 412 hane
615 332 881 406 instabilitatem
904 356 1023 404 rerum
1047 326 1225 404 humana·
1276 333 1497 408 Commendo
1515 330 1593 406 Deo
1615 334 1710 406 viam
1730 345 1847 420 tuam,
1870 345 1906 406 et
1923 355 2026 426 spera
2050 321 2274 420 ineum,‘et

239 477 341 538 rum,
368 461 404 518 et
419 444 535 516 varias
550 437 794 516 confusiones,
819 435 909 506 dixit
925 435 1051 516 initio,
1077 434 1224 525 negocia
1277 442 1351 532 ipse
1368 437 1482 506 faciet.

240 557 308 628 sub
330 550 415 626 Sole
437 544 628 614 vanitatem
652 561 745 622 esse,
775 537 814 608 id
836 551 906 622 ²⁵22
939 550 974 608 θῑ
997 535 1157 624 Ῐΰιὸΰῑθε
1191 550 1225 608 0¹
1376 549 1506 625 Obiter
1539 555 1729 625 observent
1767 547 1828 624 hic
1860 551 2012 623 studiosi
2049 549 2272 636 testimonia,

240 658 349 758 plena
379 645 639 722 confusionum.
689 637 796 758 Nffflss
824 640 925 712 addit
952 637 1224 756 ‘lffllllllfdlssem
1278 678 1369 749 quae
1401 647 1580 726 affirmant
1612 669 1743 726 terram
1772 669 1864 724 stare
1898 667 1932 724 et
1962 651 2082 725 Solem
2105 653 2269 724 moveri:

137 834 141 844 .
242 770 395 830 sumtam
420 774 439 821 a
462 746 618 817 motibus
644 739 739 813 Solrs
763 753 797 810 et
827 763 1017 857 agitatum,
1042 763 1225 810 00111830·
1280 759 1420 850 prodest
1436 759 1532 826 enim
1551 753 1932 826 habereetiamdivina
1946 753 2160 839 testimonia,
2178 777 2272 823 con-

243 850 482 932 commodatio
528 845 722 939 prudenter
772 842 1034 916 consideretur:
1056 942 1064 959 ⁸
1084 854 1225 912 tantum
1279 855 2272 950 prggbgurdagopinionegeomm‚quiludpnm,12.

244 963 340 1034 enim
357 950 588 1050 proponitur,
614 960 783 1040 tanquam
800 944 918 1031 im³80
935 941 1226 1014 5¹¹⁸l⁸b¹¹ll³ll³el
1278 961 1456 1031 befactant
1503 982 1727 1029 communem
1778 953 2007 1052 physicorum
2055 956 2271 1028 doctrinam.

244 1054 478 1136 revolutionis
494 1049 664 1122 similium
688 1044 907 1115 miseriarum
927 1045 966 1114 iu
982 1045 1137 1134 negociis
1159 1040 1227 1114 hu'·
1278 1060 1441 1134 caetera,
1458 1056 1618 1156 physicas
1634 1057 1890 1152 disputatione,
1902 1055 1961 1128 hie
1975 1058 2113 1129 omino·

245 1162 380 1244 manis,
404 1170 438 1228 et
456 1151 630 1249 significat
645 1170 703 1218 eas
721 1146 880 1216 miserias
901 1169 966 1215 nec
990 1145 1140 1216 consilio
1162 1170 1227 1215 nec

245 1259 418 1364 sapientia
434 1255 589 1328 humana
606 1247 770 1342 impediri
786 1271 904 1339 posse,
928 1261 968 1320 ut
983 1271 1063 1319 cum
1080 1248 1228 1318 fuissent
1331 1244 1420 1343 Ego
1431 1219 1673 1316 Ecclesiastes
1682 1245 1753 1346 sui
1764 1239 1864 1334 Rex,
1877 1252 1909 1316 et
1926 1243 2087 1340 cogitavi
2098 1265 2272 1342 quaerere

247 1365 367 1456 magni
386 1357 580 1439 tumultus,
606 1364 639 1422 et
656 1352 798 1422 crebrae
814 1350 1007 1420 seditiones
1031 1351 1071 1448 in
1085 1345 1226 1441 Repub.

246 1469 411 1544 Romana
428 1461 496 1531 sub
505 1455 722 1528 Consulibus
740 1466 774 1521 et
789 1451 974 1536 Tribunis,
989 1466 1108 1546 postea
1124 1476 1228 1543 expe·

247 1572 311 1644 tite
339 1579 392 1638 est
415 1552 640 1641 monarchia,
675 1568 711 1627 et
734 1555 918 1625 redierunt
948 1565 1066 1626 umen
1096 1555 1229 1625 similes

246 1668 421 1743 miseriae.
475 1662 525 1733 lta
543 1659 581 1727 in
601 1656 726 1738 lsrael,
742 1679 820 1725 cum
838 1655 876 1723 in
892 1651 1135 1744 Aristocratia,
1149 1671 1230 1728 ante

249 1792 397 1864 regnum
424 1783 572 1854 magnae
595 1758 809 1828 calamitates
825 1757 1051 1842 accidissent,
1079 1761 1230 1850 populus

248 1871 506 1956 voluitregem
530 1874 663 1932 certum
691 1857 878 1943 constitui,
901 1882 940 1928 ac
963 1863 1126 1950 sperabat
1151 1885 1229 1932 mu-

249 1989 322 2050 tata
344 1972 459 2041 forma
478 1962 634 2054 Reipnb.
659 1961 853 2030 feliciorem
873 1972 1001 2030 statum
1021 1962 1107 2034 sore.
1160 1960 1229 2033 Sed

251 2077 434 2172 aliquanto
468 2079 549 2160 post
579 2075 716 2134 secutae
747 2076 830 2132 sunt
864 2061 1035 2134 tristiores
1062 2065 1232 2134 dilacera-

251 2180 379 2254 tiones.

354 2285 624 2381 simplicissima
639 2283 747 2372 igitur
769 2281 1045 2352 accommodatio
1067 2279 1232 2349 similitu-

252 2395 349 2469 dinis
366 2388 453 2462 haec
468 2401 534 2458 est:
583 2384 683 2456 Sicut
694 2383 758 2455 Sol
773 2397 806 2453 ct
820 2407 909 2476 aqua
930 2379 1061 2452 habent
1078 2383 1234 2450 assiduas

253 2488 601 2581 circumgirationes,
619 2500 652 2555 et
668 2485 918 2566 revolvuntur,
935 2484 982 2553 ita
999 2479 1154 2554 humana
1170 2504 1233 2551 ne-

253 2598 353 2692 gocia
367 2617 439 2665 una
454 2615 534 2662 cum
553 2587 720 2670 miseriis,
745 2609 834 2679 qnae
858 2585 1035 2656 admixtae
1055 2598 1156 2665 sunt,
1179 2605 1235 2653 re·

253 2702 462 2778 volvuntur,
485 2715 551 2761 nec
566 2689 716 2758 consilio
733 2702 794 2760 aut
808 2687 979 2778 sapientia
997 2681 1152 2755 humana
1167 2685 1235 2753 im-

252 2800 371 2897 pediri
386 2815 574 2869 aerumnae
590 2792 626 2861 in
644 2791 853 2862 universum
867 2801 1025 2881 possunt.

355 2913 399 2984 ln
417 2909 565 3006 privetis
589 2921 623 2977 et
641 2905 793 2998 publicis
816 2904 971 2995 negociis
996 2901 1148 2973 subinde
1167 2903 1235 2972 alia

256 3017 404 3092 consilia
427 3023 629 3091 tentantur,
656 3008 700 3076 ad
720 3007 939 3099 afferendum
962 3019 1090 3074 statum
1112 3003 1239 3074 melio·

255 3144 351 3200 reru,
377 3129 412 3187 ει
429 3127 547 3184 tamen
562 3111 710 3180 redeunt
728 3107 862 3176 similes
876 3107 1051 3178 miseriae.
1087 3104 1129 3174 ln
1145 3101 1237 3176 hane

258 3218 468 3295 sententiam
490 3213 577 3284 dicit
601 3206 692 3280 nihil
717 3211 801 3280 novi
826 3209 892 3278 sub
907 3208 1009 3291 Sole,
1035 3208 1157 3296 idest,
1183 3231 1239 3276 re-

225 3401 230 3411 ,
258 3327 372 3397 dsunt
394 3315 529 3390 similes
550 3312 777 3403 cupiditates,
803 3309 932 3380 similia
949 3309 1114 3391 consilia,
1137 3309 1238 3379 sirni-

147 3419 152 3428 ’
257 3426 311 3498 Ιεε
336 3433 503 3502 eventus,
528 3415 703 3486 bellorum
727 3435 869 3496 causae,
897 3412 1012 3492 bella,
1037 3425 1071 3481 et
1093 3411 1237 3481 calami·

257 3525 328 3601 tosi
345 3519 474 3604 exitus,
500 3519 590 3588 sicut
605 3512 834 3609 Thucydides
849 3515 983 3607 inquit:
1012 3513 1138 3584 Donec
1160 3513 1240 3582 talis

186 3717 193 3728 ἱ
260 3627 329 3699 erit
346 3621 534 3695 hominum
550 3633 695 3697 natura,
722 3617 882 3686 accident
896 3615 1046 3700 similia,
1072 3615 1157 3686 alias
1172 3615 1240 3684 mi-

261 3735 359 3814 uus,
373 3725 459 3796 alias
474 3719 638 3792 armatus

362 3839 484 3933 lnquit
504 3836 628 3925 igitur:
655 3830 812 3905 Cunctae
826 3855 883 3901 res
897 3846 980 3903 sunt
997 3831 1179 3917 difficiles,
1204 3833 1240 3902 id

262 3961 336 4039 εει,
361 3944 472 4014 multa
497 3939 606 4017 fiunt,
634 3959 785 4029 quocum
811 3955 935 4003 causae
958 3935 1138 4023 provideri
1167 3959 1239 4006 non

262 4058 425 4152 possunt.
457 4039 534 4114 Cur
547 4040 703 4107 vincitur
717 4034 924 4125 Pompeius,
950 4037 988 4104 in
1008 4059 1110 4104 cansa
1134 4051 1173 4107 ut
1188 4037 1242 4106 ri-

264 4156 368 4223 detur
382 4146 539 4216 meliorc.
597 4137 702 4209 ltem:
729 4134 933 4207 Difficilima
950 4151 1002 4209 est
1022 4139 1243 4226 gubernatio,

264 4277 345 4325 cum
366 4248 516 4319 maxima
542 4241 734 4312 multitudo
757 4240 847 4310 nolit
868 4239 1068 4323 emendari,
1093 4237 1173 4310 iden
1187 4241 1243 4308 di-

265 4357 330 4426 cit:
356 4345 518 4420 Perversi
546 4367 619 4413 non
642 4357 790 4432 possunt
812 4341 940 4429 corrigi
963 4340 1120 4431 legibus,
1153 4344 1242 4432 vigi·

266 4453 393 4535 lantia,
419 4464 454 4519 et
470 4446 655 4516 severitate
671 4445 959 4534 gubernatorum.

370 4565 467 4636 llaec
489 4575 561 4632 tota
582 4560 695 4630 oratio
721 4571 755 4628 et
777 4558 919 4652 querela
942 4573 993 4628 εει
1026 4560 1071 4627 de
1094 4559 1245 4630 miseriis

267 4668 452 4750 humanis,
470 4678 504 4735 ει
518 4662 668 4733 obiectio
684 4674 804 4730 contra
821 4660 1101 4751 providentiam,
1128 4677 1245 4752 postea

270 4798 354 4846 vero
370 4770 486 4841 tradet
503 4763 751 4834 refutationem
769 4776 803 4834 et
818 4760 1109 4831 consolationem.

369 4898 553 4976 Relntatio
570 4897 768 4967 communis
782 4891 869 4963 haec
884 4907 945 4977 est,
957 4908 1159 4965 secuturum
1176 4920 1248 4968 esse

272 5007 465 5086 iudicium,
499 4999 694 5070 consolatio
726 5021 829 5082 vero,
860 4995 1018 5084 singulos
1051 5021 1115 5086 pro
1145 5023 1250 5070 voca.

273 5114 369 5185 tione
394 5109 523 5177 debere
537 5101 714 5171 mandatis
737 5099 870 5169 divinis
885 5099 1148 5188 obtemperare,
1175 5126 1249 5172 eos-

1381 1346 1582 1446 rapienter,
1607 1342 1653 1428 de
1671 1346 1841 1420 omnihus
1857 1371 1952 1444 quae
1967 1341 2067 1440 fiunt
2085 1344 2153 1418 sab
2169 1341 2272 1418 Sole.

1382 1501 1556 1592 Congruit
1586 1501 1690 1573 initio
1722 1503 1860 1590 dicere,
1894 1505 1942 1574 de
1970 1501 2271 1574 consideratione.

1282 1605 1375 1696 Quia
1396 1607 1490 1675 enim
1509 1609 1669 1675 videmus
1685 1606 1875 1676 dissimiles
1892 1619 2052 1695 eventus,
2069 1623 2271 1686 movemur,

1282 1723 1321 1778 ut
1336 1731 1546 1804 quaeramus
1568 1709 1611 1776 de
1629 1707 1873 1797 pmridentia,
1899 1732 1964 1777 nec
1980 1705 2142 1799 loquitur
2163 1701 2272 1773 Salo-

1286 1835 1368 1881 mon
1388 1811 1431 1878 de
1448 1809 1730 1878 consideratione
1754 1805 1916 1904 physica,
1943 1831 2034 1900 quae
2047 1805 2205 1877 ostendit
2222 1805 2271 1874 il-

1285 1913 1407 1982 lustria
1437 1909 1637 1981 testimonia
1673 1911 1916 2001 providentiae
1936 1909 2099 1994 divinae,
2130 1919 2165 1974 et
2186 1919 2271 1974 tan-

1284 2038 1388 2106 quam
1408 2013 1553 2102 vestigia
1572 2009 1638 2080 Dei
1655 2012 1691 2079 in
1708 2026 1780 2081 tota
1796 2033 1915 2082 rerum
1937 2023 2083 2093 natura,
2100 2007 2183 2101 quia
2201 2007 2271 2076 im·

1286 2115 1452 2207 possibile
1474 2127 1545 2197 est,
1572 2135 1653 2181 casn
1678 2115 1843 2194 existere,
1879 2125 1913 2180 ct
1933 2133 2075 2180 manere
2097 2107 2272 2201 pulcerri-

1286 2241 1383 2286 mum
1400 2216 1583 2298 ordinem,
1609 2215 1648 2282 in
1672 2216 1809 2304 positu,
1834 2227 1983 2295 ornatu,
2008 2227 2041 2284 ει
2065 2226 2165 2280 motu
2190 2234 2272 2279 cor-

1287 2341 1413 2409 porum
1431 2317 1576 2395 mnndi,
1605 2329 1639 2385 et
1657 2317 1798 2386 noticiis
1814 2314 2049 2399 naturalibus,
2075 2326 2110 2383 et
2127 2335 2272 2381 conser-

1287 2419 1425 2488 vatione
1452 2417 1668 2510 specierum,
1700 2431 1736 2488 et
1759 2415 2012 2487 distributione
2040 2416 2085 2485 ad
2109 2413 2272 2483 diversos

1289 2541 1383 2590 usus.

1389 2637 1445 2707 De
1461 2631 1516 2704 his
1532 2633 1745 2706 testimoniis
1762 2632 2147 2718 concionaturPaulus,
2164 2630 2273 2708 Rom.

1289 2741 1326 2809 2.
1342 2754 1375 2808 et
1392 2739 1470 2808 Aa.
1488 2741 1520 2811 l.
1538 2752 1570 2807 et
1590 2738 1649 2810 17.
1682 2737 1752 2808 Sed
1768 2737 1927 2832 loquitur
1940 2736 2110 2808 Salomon
2127 2737 2171 2806 de
2186 2761 2273 2806 eon·

1289 2839 1504 2911 sideratione
1522 2839 1772 2924 consiliorum,
1798 2840 1997 2923 actionum,
2024 2852 2059 2907 et
2078 2851 2272 2907 eventuum

1291 2944 1328 3012 in
1360 2941 1618 3030 gubernatione
1653 2943 1796 3032 politica
1831 2955 1867 3011 ει
1896 2939 2140 3009 oeconomica:
2190 2939 2271 3007 ideo

1292 3067 1451 3134 expresse
1469 3043 1556 3114 dicit
1576 3067 1612 3112 se
1632 3044 1891 3127 considerasse,
1918 3065 1958 3110 ea
1981 3065 2070 3134 quae
2095 3040 2185 3110 liunt
2208 3041 2275 3112 sub

1290 3144 1386 3224 Sole,
1400 3144 1553 3214 actiones
1567 3159 1599 3215 et
1615 3159 1760 3213 eventus
1775 3139 2014 3214 humanorum
2030 3143 2274 3226 consiliorum,

1292 3262 1331 3317 ut
1354 3245 1523 3328 Pericles,
1550 3242 1823 3328 Demosthenes,
1847 3241 1993 3328 Cicero,
2027 3256 2110 3313 sunt
2132 3243 2275 3334 sapien-

1294 3365 1344 3418 tes
1367 3348 1636 3436 gubernatores,
1662 3362 1836 3418 ettamen
1859 3341 1988 3415 horum
2010 3345 2166 3433 speciosa
2189 3368 2276 3412 con-

1293 3450 1370 3518 silia
1403 3444 1533 3518 habent
1564 3463 1672 3519 tetros
1707 3462 1873 3532 eventus,
1917 3444 1999 3539 qnia
2029 3459 2131 3515 antea
2160 3447 2273 3516 dixit:

1293 3549 1448 3621 Cunctae
1472 3573 1526 3618 res
1549 3564 1631 3618 sunt
1653 3550 1832 3629 difficiles,
1865 3570 1931 3616 nec
1955 3559 2069 3638 potest
2086 3544 2195 3618 homo
2218 3568 2277 3615 eas

1295 3652 1468 3742 explicare
1491 3674 1669 3730 sermone,
1697 3651 1732 3718 id
1760 3664 1828 3732 est,
1855 3648 2276 3720 omnesdeliberatioues

1294 3769 1378 3823 sunt
1395 3751 1574 3835 difficiles,
1600 3755 1682 3845 qnia
1698 3753 1907 3843 plerumque
1927 3750 2097 3844 utrinque
2119 3749 2277 3842 pericula

1294 3867 1495 3924 occurrunt.
1523 3851 1596 3922 Nec
1613 3849 1766 3923 humana
1778 3853 1948 3940 sapientia
1964 3851 2277 3942 prospicitomnia.

1295 3952 1341 4026 Et
1359 3969 1475 4046 poslea
1499 3955 1648 4036 dicitur,
1674 3955 1847 4045 sapientia
1865 3976 1966 4044 saepe
1989 3953 2097 4044 tattit,
2124 3978 2203 4023 rum
2220 3954 2280 4020 in-

1296 4059 1384 4150 quit,
1411 4057 1600 4126 stultorum
1616 4081 1689 4126 non
1704 4075 1756 4126 est
1773 4078 1960 4141 numerus,
1984 4076 2047 4125 scu
2063 4068 2178 4126 errata
2194 4067 2280 4125 sunt

1296 4159 1583 4232 innumerabilia.

1408 4273 1580 4346 Nominat
1609 4291 1727 4346 autem
1756 4275 1925 4346 Salomon
1958 4269 2051 4343 hanc
2079 4274 2191 4364 ipsam
2225 4297 2282 4344 sa-

1299 4376 1466 4468 pientiam
1499 4402 1561 4446 seu
1592 4379 1865 4447 deliberationes
1889 4377 2019 4444 malam
2040 4377 2284 4460 afflictionem,

1299 4493 1331 4549 ει
1346 4480 1395 4547 ait
1413 4475 1637 4565 hominibus,
1664 4505 1683 4549 a
1698 4477 1773 4548 Deo
1791 4483 1908 4548 datam
1925 4475 2141 4648 essenaeaec
2157 4479 2283 4547 viden-

1300 4595 1357 4652 tur
1380 4581 1552 4662 absurda,
1593 4586 1652 4652 sed
1689 4583 1843 4670 primurn
1873 4579 2012 4647 disrern
2077 4604 2095 4648 r
2127 4579 2282 4660 vocatio,

1299 4707 1362 4752 sou
1384 4684 1474 4751 ordo
1496 4683 1659 4766 divinus,
1681 4695 1716 4750 et
1737 4675 1924 4751 hominum
1939 4680 2127 4751 infirmitas
2146 4703 2208 4752 seu
2225 4705 2284 4750 ca-

1300 4784 1383 4872 ligo,
1398 4798 1432 4852 et
1447 4784 1696 4854 dubitationes.

1402 4896 1506 4972 Ordo
1522 4914 1592 4985 est,
1619 4915 1659 4972 ut
1677 4897 1895 4988 coniugium,
1922 4897 2068 4985 iudicia,
2094 4899 2286 4989 magistra-

1302 5017 1378 5081 tus,
1411 5027 1502 5096 quae
1525 5025 1579 5071 res
1600 5025 1664 5072 suo
1687 5024 1813 5090 genere
1835 5002 1951 5071 bonae
1974 5015 2079 5087 sunt,
2110 5017 2287 5095 qnatenus

1303 5105 1486 5176 ordinatae
1510 5117 1592 5173 sunt
1614 5102 1744 5180 aDeo,
1771 5115 1804 5171 et
1828 5107 1918 5172 ordo
1941 5128 2015 5174 non
2037 5104 2203 5174 turbatur
2218 5100 2287 5174 ho·

273 5237 342 5309 qrre
358 5211 497 5281 labores
512 5227 585 5274 non
601 5201 749 5272 omnino
763 5200 839 5270 iore
855 5201 986 5290 irritos,
1004 5199 1142 5272 etiamsi
1158 5205 1251 5274 mul·
1303 5207 1442 5275 minum
1460 5205 1555 5277 vitiis
1569 5218 1604 5276 et
1618 5204 1820 5284 timoribus,
1853 5201 1923 5274 Sed
1946 5207 2118 5297 sapientia
2133 5205 2206 5276 Dei
2230 5229 2289 5275 re-

272 5333 310 5391 ta
338 5315 485 5387 adversa
513 5307 694 5390 accidunt,
743 5299 952 5374 Tenendum
978 5325 1052 5373 esse
1079 5307 1251 5396 regulam:
1305 5307 1392 5378 ctrir
1422 5320 1483 5378 est.
1544 5305 1587 5378 ln
1608 5305 1744 5379 Pericle
1769 5318 1822 5378 εει
1844 5308 1937 5378 mala
1963 5309 2128 5396 afflictio,
2162 5311 2290 5392 idest,
