4620 5814
65 201 126 278 an
287 190 377 269 ιιι.
429 144 823 270 annorauonns
847 181 917 292 afr
939 180 1225 262 conciones
1251 183 1304 260 in
1328 181 1520 288 avano.-
1544 185 1826 276 narratur.
2002 201 2078 300 aaa

61 367 245 446 veteratorie
272 365 499 461 depravanda
520 361 675 436 aliorum
695 359 844 435 consilia
865 372 900 430 et
924 360 1028 440 lacta,
1080 360 1227 429 modum
1242 355 1500 432 Constantinus
1518 360 1715 454 imperator
1729 381 1783 440 est
1796 369 1971 464 pacificus,
1995 399 2076 446 cum
2129 367 2143 382 '

60 493 92 549 nt
110 498 180 544 cum
195 469 355 563 Papistae
365 467 578 546 clamitant,
604 486 671 536 nos
687 487 813 557 parum
830 457 1027 532 honorilice
1080 461 1187 542 velut,
1207 461 1348 533 iniectis
1372 462 1482 534 irenis
1503 465 1667 556 reprimit
1689 479 1795 563 atque
1820 477 1955 546 cuiiccet
1977 473 2076 546 Lici-

61 581 96 648 de
112 574 230 646 sanctis
244 586 279 644 et
296 570 427 642 sentire
442 584 475 639 et
492 566 612 660 loqui,
637 567 711 640 imo
726 564 976 658 profanitatem
993 575 1027 634 et
1079 562 1199 650 nium,
1241 587 1287 634 ne
1324 579 1447 656 pergat
1487 589 1654 640 exercere
1693 572 1875 643 saevitiam
1908 579 2075 650 adversus

60 690 252 750 contemtum
286 673 428 766 pietatis
462 668 693 753 confirmare,
735 663 805 739 hoc
834 677 1026 759 praetextu,
1078 659 1311 740 Christianos.
1367 664 1475 752 ltem,
1506 681 1625 761 postea
1648 674 1795 764 quando
1821 690 1920 748 curat
1944 678 1981 748 iu
2004 679 2073 777 Sy-

60 781 137 874 quod
162 801 233 847 non
249 776 493 868 approbamus
513 771 775 842 invocationem
800 781 1025 856 mortuorum
1078 768 1174 838 uodo
1204 763 1356 852 Niceua,
1397 767 1602 842 diiudicatis
1631 777 1881 847 controversiis
1909 781 2072 852 ecclesia-

59 879 221 954 hominum
238 889 303 950 etc.
356 872 449 948 Cum
471 887 589 946 tamen
611 873 656 942 de
679 870 809 944 sanctis
826 884 861 942 et
874 868 1025 942 actioni·
1077 866 1191 952 sticis,
1217 869 1334 940 sanari
1351 869 1545 942 discordias
1561 885 1596 944 et
1609 877 1834 947 concordiam
1852 879 1891 948 in
1908 883 2072 954 doctrina

58 985 110 1055 bus
134 1006 192 1054 seu
216 977 386 1074 operibus
408 975 543 1047 divinis
566 975 606 1044 in
628 986 831 1045 sanctorum
855 972 1024 1044 cordibus
1076 971 1226 1044 restitui.
1279 967 1345 1042 Est
1367 973 1463 1041 enim
1480 997 1561 1044 vere
1576 970 1643 1045 Dei
1659 999 1832 1068 organum
1850 981 1890 1050 in
1908 977 1976 1054 boc
1991 983 2070 1054 offi-

58 1083 149 1155 nulto
163 1085 352 1176 loquamur
365 1079 513 1159 rectius,
539 1072 832 1146 honorificentius
847 1097 888 1146 ac
903 1073 1024 1168 splen*
1075 1072 1131 1142 cio
1157 1095 1220 1143 eeu
1249 1097 1396 1144 munere
1426 1073 1700 1165 pacificationis,
1731 1083 1869 1152 tametsi
1899 1085 1999 1175 prius
2030 1086 2068 1156 in

58 1187 155 1256 didius
176 1207 281 1278 quam
305 1183 383 1275 ipsi.
436 1179 545 1264 Item,
569 1203 650 1249 cunt
665 1179 758 1269 apud
774 1190 909 1247 exteros
924 1197 1022 1275 reges
1074 1173 1223 1264 gratiam
1244 1188 1406 1266 receptus
1426 1188 1460 1246 et
1482 1199 1602 1246 coram
1618 1175 1696 1250 Deo
1718 1179 1830 1256 iustus
1853 1185 1900 1257 sit
1921 1186 2067 1262 fideseu

57 1310 306 1379 praegravamur
326 1279 393 1354 hac
414 1280 720 1374 impudentissima
735 1277 933 1362 calumnia,
959 1299 1021 1348 seu
1073 1275 1201 1346 fiducia
1224 1278 1440 1352 mediatoris.
1492 1275 1583 1348 Nam
1607 1273 1668 1350 hic
1688 1293 1819 1355 textus:
1845 1282 1949 1358 Beati
1971 1291 2066 1381 paci-

15 1459 16 1462 ,
58 1390 152 1459 verius
164 1387 346 1459 manifesto
363 1385 567 1464 mendacio,
594 1384 690 1477 quod
705 1381 864 1450 laxemus
877 1380 1019 1450 vincula
1072 1377 1147 1463 fici,
1180 1373 1264 1472 quia
1289 1379 1355 1448 lilii
1376 1375 1444 1448 Dei
1467 1381 1706 1470 vocabuntur,
1734 1384 1896 1480 loquitur
1917 1391 1962 1462 de
1981 1393 2066 1462 itin-

57 1491 197 1582 coniugii‚
223 1489 433 1579 disciplinae
447 1499 511 1558 etc.
564 1485 640 1555 Nec
654 1497 706 1557 est
722 1483 803 1552 linis
818 1495 879 1552 aut
893 1484 1019 1552 modus
1071 1478 1250 1550 ctionibus
1274 1492 1308 1552 et
1330 1480 1558 1570 ministeriis,
1587 1507 1678 1578 quae
1694 1502 1893 1581 sequuntur
1906 1491 1946 1565 in
1962 1493 2063 1566 iustis

56 1593 195 1662 falsarum
229 1589 543 1679 criminationum,
593 1579 864 1678 sophisticarum
893 1585 1018 1677 depra·
1070 1605 1110 1651 ac
1142 1582 1383 1674 placentibus,
1416 1583 1478 1676 qui
1507 1583 1577 1654 iam
1608 1586 1653 1656 nd
1675 1583 1792 1658 Deum
1816 1594 1996 1680 conversi,
2028 1610 2063 1667 et

57 1695 211 1765 vationum
229 1705 265 1764 et
283 1690 633 1762 venenatissimorum
652 1687 923 1760 calumniarum.¹
1071 1684 1140 1754 fide
1181 1677 1469 1787 apprehendente
1506 1681 1689 1758 Christum
1730 1691 1953 1782 unigenitum
1993 1695 2061 1766 Dei

137 1793 441 1884 Quemadmodum
463 1792 572 1881 igitur
593 1803 708 1860 textus
723 1786 894 1858 Proverb.
909 1787 945 1859 6.
959 1786 1017 1857 in·
1070 1783 1201 1858 Filium
1218 1785 1394 1858 iustificati
1411 1809 1472 1856 seu
1486 1789 1704 1860 reconciliati
1722 1806 1813 1866 sunt.

58 1897 128 1990 quit:
157 1893 272 1966 Deum
294 1894 494 1964 abominari
516 1905 668 1963 serentes
691 1905 725 1962 et
749 1891 939 1961 excitantes
961 1890 1017 1959 di·
1172 1885 1279 1958 Tales
1301 1882 1368 1956 hoc
1390 1888 1468 1960 loco
1490 1889 1724 1962 nominantur
1746 1894 1811 1964 filii
1825 1891 1912 1983 Dei,
1938 1898 1975 1967 id
1998 1914 2060 1985 est,

16 2017 21 2030 ’
59 1999 198 2069 scordias:
225 1997 277 2067 ita
294 1995 471 2067 Dominus
494 1989 553 2064 hic
573 1991 1015 2086 dicittanquameregio·
1067 1988 1469 2080 organaDeisalutaria.
1520 1988 1629 2079 Quod
1644 2006 1696 2064 est
1710 1994 1835 2086 ingens
1849 1999 2057 2072 beneficium

57 2123 104 2180 ne,
123 2097 251 2192 pacifici
277 2111 361 2168 sunt
381 2097 447 2165 filii
466 2095 552 2180 Dei,
577 2096 659 2189 quia
684 2094 844 2186 proxima
868 2093 1016 2164 societas
1067 2091 1231 2178 divinum
1247 2103 1282 2162 et
1297 2089 1476 2180 singulare
1490 2091 1609 2166 decus.
1710 2107 1713 2118 ’
1981 2088 1988 2100 “

57 2215 83 2271 et
106 2200 273 2294 copulatio
303 2223 384 2269 cum
406 2196 483 2269 Deo
508 2210 560 2268 est
580 2197 661 2282 illa,
693 2197 738 2265 de
761 2219 829 2288 qua
853 2207 1017 2287 precatur
1472 2259 1475 2266 .

57 2298 191 2374 Christus
211 2299 392 2374 Dominus
415 2295 542 2370 lohan.
565 2299 643 2370 12:
677 2295 725 2370 Ut
749 2297 821 2370 sint
843 2296 1013 2385 nnumin
1063 2352 1066 2360 ,
1110 2314 1224 2385 Beati
1239 2317 1305 2408 qm·
1317 2319 1527 2409 ponuntur
1543 2320 1847 2408 ,mmmmm
1862 2331 2019 2415 mm,

56 2404 154 2490 nobis,
185 2405 276 2475 sicut
299 2403 456 2495 paterio
478 2425 555 2489 me,
587 2413 707 2504 etego
730 2399 768 2467 in
793 2411 903 2491 patre.
966 2397 1015 2468 At
1455 2422 1665 2492 guaidam,

55 2501 144 2576 Filius
156 2505 219 2578 Dei
234 2505 462 2596 unigenitus,
488 2516 698 2584 estnatuca,
725 2523 805 2592 seu,
831 2499 1015 2571 nativitate
1470 2517 1474 2525 ·

55 2605 135 2680 lilius.
194 2607 270 2678 Nos
301 2630 386 2677 vero
415 2603 482 2676 filii
510 2604 681 2682 efficimur
704 2601 914 2694 adoptione,
945 2596 1014 2671 hoc

54 2721 106 2792 est,
132 2722 298 2803 tanquam
320 2707 386 2777 filii
407 2720 443 2778 et
463 2702 633 2776 haeredes
656 2707 695 2774 in
715 2705 862 2794 gratiam
885 2703 1014 2793 recipi·
1081 2759 1084 2766 .
1168 2699 1289 2774 Primo
1316 2702 1507 2773 dicendum
1532 2702 1728 2795 est,‚quod
1751 2717 1887 2776 constet
1910 2708 2054 2778 univer-

53 2832 116 2878 nur
138 2812 333 2900 perfidem
364 2809 403 2877 in
426 2803 628 2889 Christum,
662 2829 723 2876 seu
754 2805 881 2874 fiducia
908 2801 1014 2874 buius
1066 2825 1138 2896 sam
1165 2803 1372 2893 sapientiam
1402 2803 1552 2875 rationis
1575 2797 1751 2882 humanae
1774 2806 1912 2877 duriter
1937 2810 2054 2879 offen-

14 2979 16 2986 ,
53 2911 199 3000 nuigeniti
213 2909 301 2982 Filii
324 2911 429 2982 nohis
446 2903 580 2981 donati.
633 2907 702 2980 Sed
721 2919 839 2999 postea
854 2931 932 2978 cunt
950 2929 1014 2998 pa·
1065 2903 1120 2988 di,
1158 2903 1360 2995 perturbari
1391 2919 1427 2976 et
1454 2905 1699 2994 obstupeberi,
1725 2905 1928 2979 intuentem
1960 2904 2052 2982 hanc

54 3009 121 3081 cifiei
140 3035 278 3099 sumus,
301 3012 342 3081 in
365 3008 458 3088 hanc
481 3011 691 3082 seutentiam
707 3010 936 3080 nominamur
948 3009 1013 3078 filii
1065 3021 1241 3076 aeternam
1288 3006 1459 3104 speciem,
1517 3006 1701 3092 videlicet,
1756 3013 1851 3102 quod
1895 3009 2052 3083 Ecclesia

52 3101 117 3194 liei,
146 3127 184 3184 ut
208 3135 343 3204 organa
365 3112 550 3195 salutaria,
581 3135 645 3204 per
666 3134 756 3206 quae
778 3109 875 3181 Deus
898 3095 1013 3196 elficit,
1066 3109 1207 3178 videtur
1238 3107 1387 3178 miseriis
1414 3123 1600 3188 oneratus,
1634 3107 1823 3202 dissipatus
1849 3125 1884 3183 et
1907 3115 2052 3185 concul-

54 3225 78 3282 et
95 3213 277 3306 promovet'
290 3238 429 3306 pacem,
455 3228 518 3299 ut,
544 3239 624 3284 cum
645 3217 806 3284 doctores
827 3212 865 3281 in
889 3207 1013 3282 Eccle-
1065 3222 1162 3279 catus
1190 3233 1251 3280 seu
1279 3233 1467 3302 oppressus
1492 3223 1630 3290 coetus,
1663 3234 1704 3280 ac
1725 3213 1930 3303 praesertim
1955 3217 2051 3308 quod

54 3313 106 3400 sia,
126 3317 322 3388 ministerio
343 3316 449 3387 Pauli
472 3315 636 3406 Apostoli
656 3314 844 3384 scribentis
868 3316 911 3382 ad
936 3311 1013 3383 Ga·
1066 3311 1251 3403 praecipua
1276 3313 1412 3382 lumina
1430 3325 1465 3382 et
1480 3311 1686 3381 excellentia
1703 3315 1861 3386 membra
1875 3313 2052 3388 Ecclesiae

53 3413 134 3501 latas,
155 3423 375 3489 reducuntur
397 3419 435 3486 in
458 3417 683 3486 concordiam
704 3428 737 3486 et
751 3418 846 3506 piam
864 3437 1013 3486 consen·
1065 3413 1254 3486 crudeliter
1282 3413 1544 3485 interficiuntur
1574 3407 1743 3506 tanquam
1766 3439 1786 3484 a
1811 3411 1888 3487 Deo
1911 3419 2050 3513 reiecta,

53 3515 172 3589 sionem.
220 3521 316 3604 Aut,
342 3545 422 3589 curn
443 3515 619 3588 lohannes
641 3513 865 3607 Evangelista
887 3513 1011 3589 Recte.-
1065 3529 1099 3584 et
1127 3515 1263 3605 piacula
1293 3538 1353 3584 seu
1379 3507 1592 3584 catharmata
1625 3517 1835 3602 execranda,
1878 3531 1918 3588 ut
1945 3517 2052 3608 Abel,

54 3618 104 3688 sias
130 3623 165 3689 in
189 3617 276 3692 Asia
305 3622 523 3706 coniungens
553 3622 812 3690 consentientes
842 3618 948 3688 efficit
973 3643 1012 3688 ac
1064 3613 1205 3701 Esaias,
1245 3613 1432 3700 ieremias,
1469 3611 1650 3702 Christus,
1690 3615 1832 3704 Petrus,
1873 3617 2052 3694 lohannes

54 3725 221 3806 concordes¹
241 3726 410 3794 adversus
431 3720 633 3792 Hebionem
663 3736 697 3793 et
719 3717 928 3792 Corinthum
952 3721 1012 3801 ita,
1064 3715 1233 3809 Baptista.
1300 3719 1481 3788 Adversus
1510 3712 1578 3788 hoc
1606 3719 1814 3790 scandalum
1835 3745 1974 3794 necesse
1999 3739 2051 3797 cst

1297 2571 1367 2641 De
1392 2566 1627 2642 scandolo
1652 2575 1823 2645 erucis.

52 3835 82 3892 ut
99 3825 254 3915 deinceps
279 3825 441 3895 doctores
458 3820 648 3894 orthodoxi
671 3846 742 3895 una
763 3847 848 3891 voce
873 3845 914 3890 ac
930 3844 1011 3890 sen·
1064 3843 1130 3888 nos
1154 3834 1244 3891 recte
1266 3818 1505 3912 praemonitos
1528 3833 1561 3890 et
1583 3823 1825 3912 praemunitos
1847 3847 1931 3896 esse.
1995 3820 2049 3897 Ac
2175 3875 2179 3882 ·

53 3925 138 3995 tentia
172 3927 426 4008 confiteantur,
473 3939 579 4019 atque
610 3928 766 3996 doceant
801 3923 840 3992 in
870 3918 1011 3995 Christo
1064 3922 1212 3990 omnino
1242 3922 1392 3992 sciamus
1414 3936 1551 3993 tantum
1576 3923 1615 3990 in
1637 3924 1747 3993 verbo
1767 3921 1834 3994 Dei
1856 3939 2048 4016 propagato

53 4037 210 4122 unamque
230 4039 403 4098 naturam
422 4049 495 4097 esse
518 4040 553 4097 et
575 4049 736 4111 manere,
762 4025 919 4096 divinam
944 4026 1011 4094 sci·
1064 4047 1126 4115 per
1155 4021 1293 4109 Patres,
1332 4017 1547 4115 Prophetas,
1582 4018 1763 4094 Christum
1793 4040 1827 4097 et
1855 4021 2048 4118 Apostolos

52 4121 113 4198 licet
127 4143 158 4200 et
173 4127 377 4203 humanam.
915 4201 918 4210 ,
1065 4125 1254 4194 monstrari
1277 4147 1377 4194 veras
1401 4145 1538 4204 causas,
1574 4147 1683 4216 quare
1706 4126 1832 4196 durius
1856 4143 2049 4217 prematur,
2098 4189 2101 4195 .

130 4229 342 4302 Huiusmodi
371 4231 607 4318 pacificatores
627 4224 713 4300 ‘sunt
731 4226 798 4300 filii
823 4223 911 4314 Dei,
943 4223 1012 4298 hoc
1065 4242 1099 4297 et
1123 4225 1160 4293 in
1181 4221 1246 4295 hac
1268 4226 1410 4297 mortali
1434 4224 1505 4294 vita
1530 4225 1685 4298 subiecta
1705 4228 1801 4297 cruci
1813 4225 1862 4320 sit
1878 4226 2049 4318 Ecclesia,

53 4324 224 4414 intellectu,
237 4333 346 4424 ·quod
370 4334 408 4400 in
427 4333 477 4402 eis
492 4347 527 4402 et
543 4355 606 4423 per
621 4355 679 4402 eos
696 4344 747 4404 est
761 4331 893 4406 efficax.
939 4323 1013 4400 Ne'c
1064 4329 1123 4398 sed
1147 4328 1318 4398 iudicium
1340 4326 1489 4399 rationis
1514 4320 1691 4398 humanae
1707 4330 1892 4411 reclamat,
1918 4344 1954 4403 et
1980 4327 2047 4403 hoc

54 4429 212 4522 affingitur
242 4433 357 4504 aliena
390 4432 634 4526 interpretatio
665 4428 722 4502 his
748 4432 881 4502 verbis:
917 4429 1012 4520 Quia
1064 4431 1169 4500 modo
1200 4431 1372 4520 disputat:
1416 4427 1520 4498 lustis
1545 4432 1708 4520 congruit
1729 4433 1821 4502 bene
1840 4455 1931 4517 esse,
1973 4431 2048 4506 Nos
2140 4483 2145 4492 ·

54 4527 100 4600 ilii
125 4533 187 4604 ll'ei
220 4535 460 4630 vocabuntur,
493 4534 641 4627 perinde
669 4557 709 4604 ac
739 4533 769 4601 si
789 4531 921 4604 Paulus
951 4547 1014 4604 ant
1065 4555 1186 4604 sumus
1201 4530 1303 4617 iusti,
1327 4529 1422 4620 Ergo
1439 4531 1654 4602 debebamus
1679 4556 1752 4603 csse
1767 4534 1844 4602 sine
1867 4535 2048 4607 calamita-

54 4623 202 4722 lohannhs
224 4637 312 4706 fiant
333 4636 476 4707 filiiDei
499 4630 759 4728 perhocsuum
775 4635 1010 4706 ministerium
1064 4635 1177 4715 tibus,
1217 4633 1363 4718 llorere,
1397 4632 1469 4702 frui
1497 4633 1644 4726 opibus,
1677 4634 1810 4726 gloria,
1843 4637 2048 4731 tranquilli·

53 4735 295 4818 pacificationis,
321 4762 402 4807 cum
416 4738 516 4828 prius
529 4741 567 4807 in
582 4737 729 4826 gratiam
745 4737 877 4827 recepti
891 4761 931 4806 ac
946 4737 1011 4808 filii
1064 4750 1134 4808 tate
1151 4749 1214 4806 etc.
1709 4809 1713 4818 ,

54 4832 117 4904 lacti
138 4841 204 4908 sint
227 4826 315 4924 lide,
341 4841 401 4908 sed
426 4838 690 4931 intelligantur,
713 4849 853 4929 accepta
870 4839 938 4908 iam
956 4863 1011 4908 re·
1167 4836 1300 4906 Verum
1322 4836 1482 4906 doctrina
1499 4835 1706 4929 Evangelii,
1731 4853 1887 4934 quaeest
1905 4838 2048 4931 sapienff
2177 4917 2182 4926 ,

56 4935 195 5010 missione
223 4956 465 5031 peccatorum,
496 4967 575 5011 cum
608 4941 647 5010 in
677 4965 739 5010 sua
768 4941 950 5012 functione
973 4964 1013 5010 ac
1063 4940 1112 5009 tia
1134 4937 1310 5010 Ecclesiae
1333 4939 1496 5028 propria,
1523 4940 1797 5012 declarationem
1822 4940 1941 5013 tradit.
1996 4940 2049 5012 Ac

56 5037 225 5112 ministerio
258 5044 351 5134 pacis
373 5057 407 5113 et
431 5031 740 5140 concordiaexpiae
766 5055 849 5112 sunt
872 5055 1012 5112 autores
1063 5042 1219 5132 primum
1242 5043 1432 5131 respondet
1455 5043 1500 5111 ad
1524 5041 1694 5112 maiorem
1717 5067 1778 5113 seu
1800 5042 1933 5113 dictum
1952 5043 2069 5135 legis,

57 5151 138 5232 atque
162 5159 396 5236 promotores,
430 5159 514 5216 tunc
543 5147 647 5216 etiam
673 5167 745 5214 esse
769 5125 833 5214 filii
856 5139 940 5227 Dei,
973 5156 1013 5214 ut
1064 5140 1170 5214 Iustis
1199 5144 1303 5214 debet
1326 5143 1416 5212 bene
1439 5165 1523 5216 esse.
1588 5141 1628 5212 ld
1654 5169 1777 5215 verum
1803 5159 1871 5228 est,
1903 5143 2049 5233 scilicet,

57 5259 161 5328 organa
183 5271 244 5316 seu
264 5247 498 5318 instrumenta
515 5247 702 5330 salutaria,
729 5269 791 5336 per
808 5271 897 5340 quae
912 5247 1011 5318 Deus
1064 5244 1099 5314 si»
1118 5269 1190 5314 non
1209 5242 1376 5316 haereant
1393 5245 1430 5314 in
1449 5244 1549 5313 iustis
1562 5249 1694 5336 peccati
1712 5246 1902 5339 reliquiae,
1929 5247 1959 5318 si
1975 5246 2048 5319 sint

56 5339 160 5428 elficit,
183 5362 215 5418 et
236 5350 388 5419 restituit
412 5373 530 5438 pacem
556 5349 593 5416 in
610 5347 788 5421 Ecclesiis.
841 5343 1012 5421 Adhunc
1063 5369 1254 5440 prorsusa
1288 5360 1431 5439 peccato
1461 5346 1615 5423 liberati.
1674 5346 1745 5419 Sed
1771 5373 1839 5418 vox
1863 5347 2048 5440 Evangelii

93 5446 255 5518 ttnma.
273 5454 376 5520 Orsa.
404 5455 489 5522 Von.
507 5449 619 5548 XIV.»
803 5461 807 5469 '
1486 5447 1536 5520 87
