<?xml version="1.0" encoding="UTF-8"?>
<!DOCTYPE html PUBLIC "-//W3C//DTD XHTML 1.0 Transitional//EN"
    "http://www.w3.org/TR/xhtml1/DTD/xhtml1-transitional.dtd">
<html xmlns="http://www.w3.org/1999/xhtml" xml:lang="en" lang="en">
 <head>
  <title>
</title>
<meta http-equiv="Content-Type" content="text/html;charset=utf-8" />
  <meta name='ocr-system' content='tesseract 3.04.00' />
  <meta name='ocr-capabilities' content='ocr_page ocr_carea ocr_par ocr_line ocrx_word'/>
</head>
<body>
  <div class='ocr_page' id='page_1' title='image "./corpusreformato24melagoog/corpusreformato24melagoog_0408.png"; bbox 0 0 4590 5808; ppageno 0'>
   <div class='ocr_carea' id='block_1_1' title="bbox 58 91 2065 218">
    <p class='ocr_par' dir='ltr' id='par_1_1' title="bbox 58 91 2065 218">
     <span class='ocr_line' id='line_1_1' title="bbox 58 91 2065 218; baseline 0.002 -8"><span class='ocrx_word' id='word_1_1' title='bbox 58 135 118 210; x_wconf 88' lang='lat' dir='ltr'><strong>au</strong></span> <span class='ocrx_word' id='word_1_2' title='bbox 212 211 217 218; x_wconf 74' lang='grc'>,</span> <span class='ocrx_word' id='word_1_3' title='bbox 276 121 364 203; x_wconf 83' lang='lat' dir='ltr'><strong>xrt</strong></span> <span class='ocrx_word' id='word_1_4' title='bbox 425 91 912 203; x_wconf 80' lang='lat' dir='ltr'><strong>tuuorartosns&#39;nr</strong></span> <span class='ocrx_word' id='word_1_5' title='bbox 934 115 1217 198; x_wconf 83' lang='lat' dir='ltr'><strong>couctouns</strong></span> <span class='ocrx_word' id='word_1_6' title='bbox 1242 119 1296 198; x_wconf 87' lang='lat' dir='ltr'><strong>ru</strong></span> <span class='ocrx_word' id='word_1_7' title='bbox 1320 115 1507 202; x_wconf 78' lang='lat' dir='ltr'><strong>uvauo.</strong></span> <span class='ocrx_word' id='word_1_8' title='bbox 1533 121 1813 210; x_wconf 78' lang='lat' dir='ltr'><strong>uarruam.</strong></span> <span class='ocrx_word' id='word_1_9' title='bbox 1990 139 2065 214; x_wconf 84' lang='lat' dir='ltr'><strong>us</strong></span> 
     </span>
    </p>
   </div>
   <div class='ocr_carea' id='block_1_2' title="bbox 12 287 2060 2342">
    <p class='ocr_par' dir='ltr' id='par_1_2' title="bbox 45 287 2058 1730">
     <span class='ocr_line' id='line_1_2' title="bbox 53 287 2058 405; baseline 0.004 -31"><span class='ocrx_word' id='word_1_10' title='bbox 53 297 218 398; x_wconf 90' lang='lat' dir='ltr'><strong>pientiam,</strong></span> <span class='ocrx_word' id='word_1_11' title='bbox 241 297 411 372; x_wconf 88' lang='lat' dir='ltr'><strong>iustitiam</strong></span> <span class='ocrx_word' id='word_1_12' title='bbox 433 287 470 370; x_wconf 79' lang='lat' dir='ltr'><strong>&#39;et</strong></span> <span class='ocrx_word' id='word_1_13' title='bbox 489 294 661 370; x_wconf 90' lang='lat' dir='ltr'><strong>laetitiam</strong></span> <span class='ocrx_word' id='word_1_14' title='bbox 685 309 883 384; x_wconf 88' lang='lat' dir='ltr'><strong>aeternam,</strong></span> <span class='ocrx_word' id='word_1_15' title='bbox 908 293 1014 366; x_wconf 88' lang='lat' dir='ltr'><strong>sicuti</strong></span> <span class='ocrx_word' id='word_1_16' title='bbox 1064 291 1104 364; x_wconf 91' lang='lat' dir='ltr'><strong>iu</strong></span> <span class='ocrx_word' id='word_1_17' title='bbox 1122 315 1226 366; x_wconf 88' lang='lat' dir='ltr'><strong>socru</strong></span> <span class='ocrx_word' id='word_1_18' title='bbox 1242 291 1342 398; x_wconf 56' lang='lat' dir='ltr'><strong>lffetri</strong></span> <span class='ocrx_word' id='word_1_19' title='bbox 1356 293 1626 394; x_wconf 85' lang='lat' dir='ltr'><strong>propositaest:</strong></span> <span class='ocrx_word' id='word_1_20' title='bbox 1652 315 1753 376; x_wconf 89' lang='lat' dir='ltr'><strong>sanat</strong></span> <span class='ocrx_word' id='word_1_21' title='bbox 1766 301 1943 380; x_wconf 86' lang='lat' dir='ltr'><strong>Dominus</strong></span> <span class='ocrx_word' id='word_1_22' title='bbox 1959 311 2058 405; x_wconf 83' lang='lat' dir='ltr'><strong>pari·</strong></span> 
     </span>
     <span class='ocr_line' id='line_1_3' title="bbox 51 393 2053 500; baseline 0.006 -27"><span class='ocrx_word' id='word_1_23' title='bbox 51 403 167 500; x_wconf 79' lang='lat' dir='ltr'><strong>iuquit:</strong></span> <span class='ocrx_word' id='word_1_24' title='bbox 198 395 274 494; x_wconf 73' lang='lat' dir='ltr'><strong>Ego</strong></span> <span class='ocrx_word' id='word_1_25' title='bbox 299 401 614 473; x_wconf 61' lang='lat' dir='ltr'><strong>vitam‘aeternam</strong></span> <span class='ocrx_word' id='word_1_26' title='bbox 636 399 683 468; x_wconf 92' lang='lat' dir='ltr'><strong>do</strong></span> <span class='ocrx_word' id='word_1_27' title='bbox 708 397 770 470; x_wconf 78' lang='lat' dir='ltr'><strong>eis.</strong></span> <span class='ocrx_word' id='word_1_28' title='bbox 822 393 871 470; x_wconf 87' lang='lat' dir='ltr'><strong>Et</strong></span> <span class='ocrx_word' id='word_1_29' title='bbox 891 396 1013 470; x_wconf 90' lang='lat' dir='ltr'><strong>omnia</strong></span> <span class='ocrx_word' id='word_1_30' title='bbox 1064 393 1245 494; x_wconf 83' lang='lat' dir='ltr'><strong>clitantem</strong></span> <span class='ocrx_word' id='word_1_31' title='bbox 1274 395 1366 468; x_wconf 87' lang='lat' dir='ltr'><strong>iebri</strong></span> <span class='ocrx_word' id='word_1_32' title='bbox 1387 399 1652 488; x_wconf 88' lang='lat' dir='ltr'><strong>ardentissima,</strong></span> <span class='ocrx_word' id='word_1_33' title='bbox 1687 419 1727 475; x_wconf 92' lang='lat' dir='ltr'><strong>ut</strong></span> <span class='ocrx_word' id='word_1_34' title='bbox 1756 407 1822 499; x_wconf 89' lang='lat' dir='ltr'><strong>ipsi</strong></span> <span class='ocrx_word' id='word_1_35' title='bbox 1847 425 1883 481; x_wconf 90' lang='lat' dir='ltr'><strong>et</strong></span> <span class='ocrx_word' id='word_1_36' title='bbox 1905 416 2053 486; x_wconf 89' lang='lat' dir='ltr'><strong>caeteris</strong></span> 
     </span>
     <span class='ocr_line' id='line_1_4' title="bbox 51 491 2050 602; baseline 0.006 -24"><span class='ocrx_word' id='word_1_37' title='bbox 51 505 119 582; x_wconf 87' lang='lat' dir='ltr'><strong>haec</strong></span> <span class='ocrx_word' id='word_1_38' title='bbox 132 503 287 596; x_wconf 89' lang='lat' dir='ltr'><strong>Baptista</strong></span> <span class='ocrx_word' id='word_1_39' title='bbox 317 525 389 574; x_wconf 93' lang='lat' dir='ltr'><strong>nna</strong></span> <span class='ocrx_word' id='word_1_40' title='bbox 418 523 503 574; x_wconf 87' lang='lat' dir='ltr'><strong>voce</strong></span> <span class='ocrx_word' id='word_1_41' title='bbox 531 500 734 594; x_wconf 79' lang='lat' dir='ltr'><strong>complexus</strong></span> <span class='ocrx_word' id='word_1_42' title='bbox 754 499 889 596; x_wconf 87' lang='lat' dir='ltr'><strong>inquit:</strong></span> <span class='ocrx_word' id='word_1_43' title='bbox 921 495 1014 570; x_wconf 88' lang='lat' dir='ltr'><strong>Ecce</strong></span> <span class='ocrx_word' id='word_1_44' title='bbox 1064 491 1263 590; x_wconf 73' lang='lat' dir='ltr'>hospitibus</span> <span class='ocrx_word' id='word_1_45' title='bbox 1293 497 1333 568; x_wconf 93' lang='lat' dir='ltr'><strong>in</strong></span> <span class='ocrx_word' id='word_1_46' title='bbox 1366 513 1538 591; x_wconf 87' lang='lat' dir='ltr'><strong>apparatu</strong></span> <span class='ocrx_word' id='word_1_47' title='bbox 1568 501 1639 572; x_wconf 91' lang='lat' dir='ltr'><strong>cibi</strong></span> <span class='ocrx_word' id='word_1_48' title='bbox 1670 519 1703 576; x_wconf 93' lang='lat' dir='ltr'><strong>et</strong></span> <span class='ocrx_word' id='word_1_49' title='bbox 1732 501 1877 602; x_wconf 92' lang='lat' dir='ltr'><strong>hospitii</strong></span> <span class='ocrx_word' id='word_1_50' title='bbox 1908 517 2050 592; x_wconf 87' lang='lat' dir='ltr'><strong>serviat.</strong></span> 
     </span>
     <span class='ocr_line' id='line_1_5' title="bbox 50 593 2050 700; baseline 0.004 -20"><span class='ocrx_word' id='word_1_51' title='bbox 50 631 140 700; x_wconf 88' lang='lat' dir='ltr'><strong>agnos</strong></span> <span class='ocrx_word' id='word_1_52' title='bbox 163 603 229 678; x_wconf 90' lang='lat' dir='ltr'><strong>Dei</strong></span> <span class='ocrx_word' id='word_1_53' title='bbox 256 603 318 700; x_wconf 90' lang='lat' dir='ltr'><strong>qui</strong></span> <span class='ocrx_word' id='word_1_54' title='bbox 346 601 445 678; x_wconf 91' lang='lat' dir='ltr'><strong>tollit</strong></span> <span class='ocrx_word' id='word_1_55' title='bbox 474 616 616 696; x_wconf 85' lang='lat' dir='ltr'><strong>peccata</strong></span> <span class='ocrx_word' id='word_1_56' title='bbox 642 602 782 674; x_wconf 88' lang='lat' dir='ltr'><strong>mundi.</strong></span> <span class='ocrx_word' id='word_1_57' title='bbox 840 599 1012 674; x_wconf 80' lang='lat' dir='ltr'><strong>Nominat</strong></span> <span class='ocrx_word' id='word_1_58' title='bbox 1063 595 1138 670; x_wconf 86' lang='lat' dir='ltr'><strong>Nos</strong></span> <span class='ocrx_word' id='word_1_59' title='bbox 1153 623 1237 670; x_wconf 91' lang='lat' dir='ltr'><strong>vero</strong></span> <span class='ocrx_word' id='word_1_60' title='bbox 1252 593 1337 671; x_wconf 88' lang='lat' dir='ltr'><strong>baec</strong></span> <span class='ocrx_word' id='word_1_61' title='bbox 1350 598 1425 690; x_wconf 88' lang='lat' dir='ltr'><strong>ipsa</strong></span> <span class='ocrx_word' id='word_1_62' title='bbox 1443 604 1601 695; x_wconf 84' lang='lat' dir='ltr'><strong>exempla</strong></span> <span class='ocrx_word' id='word_1_63' title='bbox 1618 605 1750 679; x_wconf 88' lang='lat' dir='ltr'><strong>intueri</strong></span> <span class='ocrx_word' id='word_1_64' title='bbox 1766 634 1807 680; x_wconf 91' lang='lat' dir='ltr'><strong>ac</strong></span> <span class='ocrx_word' id='word_1_65' title='bbox 1826 617 2050 690; x_wconf 86' lang='lat' dir='ltr'><strong>considerare</strong></span> 
     </span>
     <span class='ocr_line' id='line_1_6' title="bbox 50 701 2049 804; baseline 0.006 -24"><span class='ocrx_word' id='word_1_66' title='bbox 50 707 184 802; x_wconf 73' lang='lat' dir='ltr'><strong>Baptista</strong></span> <span class='ocrx_word' id='word_1_67' title='bbox 198 703 378 780; x_wconf 75' lang='lat' dir='ltr'><strong>Christum</strong></span> <span class='ocrx_word' id='word_1_68' title='bbox 397 727 529 797; x_wconf 87' lang='lat' dir='ltr'><strong>agnum</strong></span> <span class='ocrx_word' id='word_1_69' title='bbox 552 727 614 788; x_wconf 88' lang='lat' dir='ltr'><strong>eo,</strong></span> <span class='ocrx_word' id='word_1_70' title='bbox 640 705 738 800; x_wconf 88' lang='lat' dir='ltr'><strong>quod</strong></span> <span class='ocrx_word' id='word_1_71' title='bbox 754 701 897 774; x_wconf 91' lang='lat' dir='ltr'><strong>victima</strong></span> <span class='ocrx_word' id='word_1_72' title='bbox 912 701 1011 774; x_wconf 82' lang='lat' dir='ltr'><strong>futu·</strong></span> <span class='ocrx_word' id='word_1_73' title='bbox 1062 701 1179 786; x_wconf 89' lang='lat' dir='ltr'><strong>decet,</strong></span> <span class='ocrx_word' id='word_1_74' title='bbox 1205 714 1245 772; x_wconf 92' lang='lat' dir='ltr'><strong>ut</strong></span> <span class='ocrx_word' id='word_1_75' title='bbox 1268 702 1526 792; x_wconf 76' lang='lat' dir='ltr'><strong>intelligamus,</strong></span> <span class='ocrx_word' id='word_1_76' title='bbox 1555 729 1620 776; x_wconf 90' lang='lat' dir='ltr'><strong>cur</strong></span> <span class='ocrx_word' id='word_1_77' title='bbox 1641 731 1781 798; x_wconf 89' lang='lat' dir='ltr'><strong>pacem,</strong></span> <span class='ocrx_word' id='word_1_78' title='bbox 1808 716 1962 804; x_wconf 89' lang='lat' dir='ltr'><strong>victum,</strong></span> <span class='ocrx_word' id='word_1_79' title='bbox 1986 746 2049 790; x_wconf 83' lang='lat' dir='ltr'><strong>va-</strong></span> 
     </span>
     <span class='ocr_line' id='line_1_7' title="bbox 49 795 2050 912; baseline 0.005 -30"><span class='ocrx_word' id='word_1_80' title='bbox 49 834 98 882; x_wconf 89' lang='lat' dir='ltr'><strong>ms</strong></span> <span class='ocrx_word' id='word_1_81' title='bbox 120 822 223 898; x_wconf 88' lang='lat' dir='ltr'><strong>esset,</strong></span> <span class='ocrx_word' id='word_1_82' title='bbox 253 805 371 904; x_wconf 91' lang='lat' dir='ltr'><strong>qualis</strong></span> <span class='ocrx_word' id='word_1_83' title='bbox 391 819 465 878; x_wconf 90' lang='lat' dir='ltr'><strong>erat</strong></span> <span class='ocrx_word' id='word_1_84' title='bbox 487 807 582 901; x_wconf 92' lang='lat' dir='ltr'><strong>apud</strong></span> <span class='ocrx_word' id='word_1_85' title='bbox 606 801 758 878; x_wconf 88' lang='lat' dir='ltr'><strong>ludaeos</strong></span> <span class='ocrx_word' id='word_1_86' title='bbox 779 795 1010 887; x_wconf 81' lang='lat' dir='ltr'><strong>c‘onsuetndo,</strong></span> <span class='ocrx_word' id='word_1_87' title='bbox 1061 801 1256 875; x_wconf 77' lang='lat' dir='ltr'><strong>latudinem</strong></span> <span class='ocrx_word' id='word_1_88' title='bbox 1277 806 1521 897; x_wconf 84' lang='lat' dir='ltr'><strong>commodam,</strong></span> <span class='ocrx_word' id='word_1_89' title='bbox 1553 821 1588 880; x_wconf 92' lang='lat' dir='ltr'><strong>et</strong></span> <span class='ocrx_word' id='word_1_90' title='bbox 1609 821 1743 881; x_wconf 90' lang='lat' dir='ltr'><strong>caetera</strong></span> <span class='ocrx_word' id='word_1_91' title='bbox 1765 813 1860 887; x_wconf 91' lang='lat' dir='ltr'><strong>bona</strong></span> <span class='ocrx_word' id='word_1_92' title='bbox 1889 821 2050 912; x_wconf 86' lang='lat' dir='ltr'><strong>corporis</strong></span> 
     </span>
     <span class='ocr_line' id='line_1_8' title="bbox 48 905 2049 1008; baseline 0.005 -25"><span class='ocrx_word' id='word_1_93' title='bbox 48 923 81 984; x_wconf 91' lang='lat' dir='ltr'><strong>ut</strong></span> <span class='ocrx_word' id='word_1_94' title='bbox 100 931 202 1002; x_wconf 85' lang='lat' dir='ltr'><strong>agnos</strong></span> <span class='ocrx_word' id='word_1_95' title='bbox 227 908 388 1008; x_wconf 81' lang='lat' dir='ltr'><strong>qnotidie</strong></span> <span class='ocrx_word' id='word_1_96' title='bbox 413 931 519 980; x_wconf 91' lang='lat' dir='ltr'><strong>mane</strong></span> <span class='ocrx_word' id='word_1_97' title='bbox 541 921 576 980; x_wconf 92' lang='lat' dir='ltr'><strong>et</strong></span> <span class='ocrx_word' id='word_1_98' title='bbox 598 907 738 1000; x_wconf 79' lang='lat' dir='ltr'><strong>vesperi</strong></span> <span class='ocrx_word' id='word_1_99' title='bbox 760 917 954 977; x_wconf 83' lang='lat' dir='ltr'><strong>mactarent</strong></span> <span class='ocrx_word' id='word_1_100' title='bbox 976 919 1010 976; x_wconf 92' lang='lat' dir='ltr'><strong>et</strong></span> <span class='ocrx_word' id='word_1_101' title='bbox 1060 918 1221 996; x_wconf 88' lang='lat' dir='ltr'><strong>petamus</strong></span> <span class='ocrx_word' id='word_1_102' title='bbox 1236 918 1533 999; x_wconf 82' lang='lat' dir='ltr'><strong>ctexspectemus.</strong></span> <span class='ocrx_word' id='word_1_103' title='bbox 1584 905 1734 998; x_wconf 79' lang='lat' dir='ltr'><strong>Quoties</strong></span> <span class='ocrx_word' id='word_1_104' title='bbox 1758 911 1907 988; x_wconf 91' lang='lat' dir='ltr'><strong>intueris</strong></span> <span class='ocrx_word' id='word_1_105' title='bbox 1929 921 2049 994; x_wconf 85' lang='lat' dir='ltr'><strong>iulan-</strong></span> 
     </span>
     <span class='ocr_line' id='line_1_9' title="bbox 48 1005 2048 1111; baseline 0.005 -25"><span class='ocrx_word' id='word_1_106' title='bbox 48 1013 205 1086; x_wconf 82' lang='lat' dir='ltr'><strong>offerrent.</strong></span> <span class='ocrx_word' id='word_1_107' title='bbox 230 1009 303 1086; x_wconf 80' lang='lat' dir='ltr'><strong>sed</strong></span> <span class='ocrx_word' id='word_1_108' title='bbox 316 1009 479 1094; x_wconf 83' lang='lat' dir='ltr'><strong>nominat</strong></span> <span class='ocrx_word' id='word_1_109' title='bbox 493 1005 586 1082; x_wconf 90' lang='lat' dir='ltr'><strong>hanc</strong></span> <span class='ocrx_word' id='word_1_110' title='bbox 597 1007 775 1083; x_wconf 88' lang='lat' dir='ltr'><strong>victimam</strong></span> <span class='ocrx_word' id='word_1_111' title='bbox 790 1011 922 1100; x_wconf 81' lang='lat' dir='ltr'><strong>agnum</strong></span> <span class='ocrx_word' id='word_1_112' title='bbox 932 1006 1011 1095; x_wconf 87' lang='lat' dir='ltr'><strong>Dei,</strong></span> <span class='ocrx_word' id='word_1_113' title='bbox 1061 1007 1155 1077; x_wconf 91' lang='lat' dir='ltr'><strong>tulos</strong></span> <span class='ocrx_word' id='word_1_114' title='bbox 1183 1019 1283 1095; x_wconf 91' lang='lat' dir='ltr'><strong>tuos,</strong></span> <span class='ocrx_word' id='word_1_115' title='bbox 1316 1008 1521 1094; x_wconf 88' lang='lat' dir='ltr'><strong>considera,</strong></span> <span class='ocrx_word' id='word_1_116' title='bbox 1554 1011 1683 1104; x_wconf 90' lang='lat' dir='ltr'><strong>quibus</strong></span> <span class='ocrx_word' id='word_1_117' title='bbox 1712 1037 1753 1086; x_wconf 89' lang='lat' dir='ltr'><strong>ae</strong></span> <span class='ocrx_word' id='word_1_118' title='bbox 1781 1022 1923 1111; x_wconf 89' lang='lat' dir='ltr'><strong>quantis</strong></span> <span class='ocrx_word' id='word_1_119' title='bbox 1941 1025 2048 1095; x_wconf 89' lang='lat' dir='ltr'><strong>bonis</strong></span> 
     </span>
     <span class='ocr_line' id='line_1_10' title="bbox 48 1105 2047 1211; baseline 0.007 -25"><span class='ocrx_word' id='word_1_120' title='bbox 48 1127 79 1186; x_wconf 92' lang='lat' dir='ltr'><strong>nt</strong></span> <span class='ocrx_word' id='word_1_121' title='bbox 95 1115 262 1187; x_wconf 90' lang='lat' dir='ltr'><strong>discernat</strong></span> <span class='ocrx_word' id='word_1_122' title='bbox 282 1113 328 1185; x_wconf 92' lang='lat' dir='ltr'><strong>ab</strong></span> <span class='ocrx_word' id='word_1_123' title='bbox 351 1105 616 1204; x_wconf 79' lang='lat' dir='ltr'><strong>agno&#39;Aaronis</strong></span> <span class='ocrx_word' id='word_1_124' title='bbox 630 1125 665 1184; x_wconf 88' lang='lat' dir='ltr'><strong>et</strong></span> <span class='ocrx_word' id='word_1_125' title='bbox 680 1109 822 1183; x_wconf 86' lang='lat' dir='ltr'><strong>victima</strong></span> <span class='ocrx_word' id='word_1_126' title='bbox 836 1109 1008 1184; x_wconf 88' lang='lat' dir='ltr'><strong>Levitica.</strong></span> <span class='ocrx_word' id='word_1_127' title='bbox 1060 1107 1119 1178; x_wconf 92' lang='lat' dir='ltr'><strong>isti</strong></span> <span class='ocrx_word' id='word_1_128' title='bbox 1134 1108 1339 1200; x_wconf 77' lang='lat' dir='ltr'><strong>indigeant,</strong></span> <span class='ocrx_word' id='word_1_129' title='bbox 1357 1132 1449 1206; x_wconf 89' lang='lat' dir='ltr'><strong>quae</strong></span> <span class='ocrx_word' id='word_1_130' title='bbox 1463 1110 1577 1182; x_wconf 85' lang='lat' dir='ltr'><strong>officia</strong></span> <span class='ocrx_word' id='word_1_131' title='bbox 1591 1113 1776 1209; x_wconf 89' lang='lat' dir='ltr'><strong>utriusque</strong></span> <span class='ocrx_word' id='word_1_132' title='bbox 1792 1125 1958 1211; x_wconf 87' lang='lat' dir='ltr'><strong>parentis,</strong></span> <span class='ocrx_word' id='word_1_133' title='bbox 1974 1140 2047 1199; x_wconf 87' lang='lat' dir='ltr'><strong>tam</strong></span> 
     </span>
     <span class='ocr_line' id='line_1_11' title="bbox 47 1205 2050 1317; baseline 0.009 -33"><span class='ocrx_word' id='word_1_134' title='bbox 47 1211 183 1311; x_wconf 82' lang='lat' dir='ltr'><strong>Vultqne</strong></span> <span class='ocrx_word' id='word_1_135' title='bbox 203 1211 422 1308; x_wconf 86' lang='lat' dir='ltr'><strong>significare,</strong></span> <span class='ocrx_word' id='word_1_136' title='bbox 445 1237 521 1284; x_wconf 94' lang='lat' dir='ltr'><strong>non</strong></span> <span class='ocrx_word' id='word_1_137' title='bbox 535 1233 609 1286; x_wconf 88' lang='lat' dir='ltr'><strong>esse</strong></span> <span class='ocrx_word' id='word_1_138' title='bbox 623 1213 804 1286; x_wconf 87' lang='lat' dir='ltr'><strong>victimam</strong></span> <span class='ocrx_word' id='word_1_139' title='bbox 819 1205 1008 1282; x_wconf 91' lang='lat' dir='ltr'><strong>bominum</strong></span> <span class='ocrx_word' id='word_1_140' title='bbox 1060 1209 1171 1302; x_wconf 88' lang='lat' dir='ltr'><strong>patris</strong></span> <span class='ocrx_word' id='word_1_141' title='bbox 1198 1235 1304 1304; x_wconf 88' lang='lat' dir='ltr'><strong>quam</strong></span> <span class='ocrx_word' id='word_1_142' title='bbox 1332 1211 1487 1317; x_wconf 62' lang='lat' dir='ltr'><strong>matris,</strong></span> <span class='ocrx_word' id='word_1_143' title='bbox 1498 1213 1693 1307; x_wconf 86' lang='lat' dir='ltr'><strong>requirant.</strong></span> <span class='ocrx_word' id='word_1_144' title='bbox 1733 1213 1883 1313; x_wconf 86' lang='lat' dir='ltr'><strong>Propter</strong></span> <span class='ocrx_word' id='word_1_145' title='bbox 1905 1222 1970 1298; x_wconf 91' lang='lat' dir='ltr'><strong>hos</strong></span> <span class='ocrx_word' id='word_1_146' title='bbox 1989 1231 2050 1303; x_wconf 89' lang='lat' dir='ltr'><strong>iu·</strong></span> 
     </span>
     <span class='ocr_line' id='line_1_12' title="bbox 47 1311 2046 1424; baseline 0.007 -38"><span class='ocrx_word' id='word_1_147' title='bbox 47 1320 190 1390; x_wconf 91' lang='lat' dir='ltr'><strong>nandato</strong></span> <span class='ocrx_word' id='word_1_148' title='bbox 210 1330 273 1388; x_wconf 90' lang='lat' dir='ltr'><strong>aut</strong></span> <span class='ocrx_word' id='word_1_149' title='bbox 293 1317 393 1388; x_wconf 90' lang='lat' dir='ltr'><strong>iussn</strong></span> <span class='ocrx_word' id='word_1_150' title='bbox 414 1315 655 1399; x_wconf 86' lang='lat' dir='ltr'><strong>offerendam,</strong></span> <span class='ocrx_word' id='word_1_151' title='bbox 677 1315 738 1386; x_wconf 92' lang='lat' dir='ltr'><strong>sed</strong></span> <span class='ocrx_word' id='word_1_152' title='bbox 761 1313 1008 1386; x_wconf 87' lang='lat' dir='ltr'><strong>admirabilem</strong></span> <span class='ocrx_word' id='word_1_153' title='bbox 1059 1311 1217 1382; x_wconf 83' lang='lat' dir='ltr'><strong>lentulus</strong></span> <span class='ocrx_word' id='word_1_154' title='bbox 1232 1311 1319 1384; x_wconf 87' lang='lat' dir='ltr'><strong>scito</strong></span> <span class='ocrx_word' id='word_1_155' title='bbox 1342 1326 1377 1384; x_wconf 91' lang='lat' dir='ltr'><strong>te</strong></span> <span class='ocrx_word' id='word_1_156' title='bbox 1390 1327 1508 1406; x_wconf 88' lang='lat' dir='ltr'><strong>petere</strong></span> <span class='ocrx_word' id='word_1_157' title='bbox 1522 1329 1700 1406; x_wconf 87' lang='lat' dir='ltr'><strong>oportere,</strong></span> <span class='ocrx_word' id='word_1_158' title='bbox 1718 1332 1760 1393; x_wconf 90' lang='lat' dir='ltr'><strong>nt</strong></span> <span class='ocrx_word' id='word_1_159' title='bbox 1779 1323 1849 1396; x_wconf 88' lang='lat' dir='ltr'><strong>vita</strong></span> <span class='ocrx_word' id='word_1_160' title='bbox 1871 1327 1937 1399; x_wconf 91' lang='lat' dir='ltr'><strong>tibi</strong></span> <span class='ocrx_word' id='word_1_161' title='bbox 1960 1357 2046 1424; x_wconf 82' lang='lat' dir='ltr'><strong>pro-</strong></span> 
     </span>
     <span class='ocr_line' id='line_1_13' title="bbox 46 1413 2047 1514; baseline 0.008 -28"><span class='ocrx_word' id='word_1_162' title='bbox 46 1416 126 1490; x_wconf 88' lang='lat' dir='ltr'><strong>illam</strong></span> <span class='ocrx_word' id='word_1_163' title='bbox 146 1432 180 1491; x_wconf 93' lang='lat' dir='ltr'><strong>et</strong></span> <span class='ocrx_word' id='word_1_164' title='bbox 200 1439 366 1510; x_wconf 87' lang='lat' dir='ltr'><strong>magnam</strong></span> <span class='ocrx_word' id='word_1_165' title='bbox 386 1415 589 1504; x_wconf 87' lang='lat' dir='ltr'><strong>victimam,</strong></span> <span class='ocrx_word' id='word_1_166' title='bbox 614 1415 814 1489; x_wconf 85' lang='lat' dir='ltr'><strong>ordinatam</strong></span> <span class='ocrx_word' id='word_1_167' title='bbox 831 1427 865 1488; x_wconf 91' lang='lat' dir='ltr'><strong>et</strong></span> <span class='ocrx_word' id='word_1_168' title='bbox 878 1414 1009 1498; x_wconf 81' lang='lat' dir='ltr'><strong>saneti·</strong></span> <span class='ocrx_word' id='word_1_169' title='bbox 1059 1426 1223 1505; x_wconf 76' lang='lat' dir='ltr'><strong>rogetur,</strong></span> <span class='ocrx_word' id='word_1_170' title='bbox 1247 1427 1288 1488; x_wconf 91' lang='lat' dir='ltr'><strong>ut</strong></span> <span class='ocrx_word' id='word_1_171' title='bbox 1307 1413 1421 1486; x_wconf 81' lang='lat' dir='ltr'><strong>victua</strong></span> <span class='ocrx_word' id='word_1_172' title='bbox 1436 1417 1653 1490; x_wconf 87' lang='lat' dir='ltr'><strong>necessarius</strong></span> <span class='ocrx_word' id='word_1_173' title='bbox 1675 1419 1869 1514; x_wconf 88' lang='lat' dir='ltr'><strong>tribuatur,</strong></span> <span class='ocrx_word' id='word_1_174' title='bbox 1896 1445 1935 1502; x_wconf 93' lang='lat' dir='ltr'><strong>ut</strong></span> <span class='ocrx_word' id='word_1_175' title='bbox 1949 1437 2047 1507; x_wconf 87' lang='lat' dir='ltr'><strong>salu-</strong></span> 
     </span>
     <span class='ocr_line' id='line_1_14' title="bbox 46 1514 2048 1612; baseline 0.011 -24"><span class='ocrx_word' id='word_1_176' title='bbox 46 1519 161 1592; x_wconf 86' lang='lat' dir='ltr'><strong>icatam</strong></span> <span class='ocrx_word' id='word_1_177' title='bbox 181 1519 374 1606; x_wconf 88' lang='lat' dir='ltr'><strong>divinitus,</strong></span> <span class='ocrx_word' id='word_1_178' title='bbox 398 1517 570 1590; x_wconf 89' lang='lat' dir='ltr'><strong>immensa</strong></span> <span class='ocrx_word' id='word_1_179' title='bbox 590 1515 751 1594; x_wconf 86' lang='lat' dir='ltr'><strong>bonitate</strong></span> <span class='ocrx_word' id='word_1_180' title='bbox 773 1515 879 1590; x_wconf 91' lang='lat' dir='ltr'><strong>nobis</strong></span> <span class='ocrx_word' id='word_1_181' title='bbox 901 1529 936 1590; x_wconf 93' lang='lat' dir='ltr'><strong>et</strong></span> <span class='ocrx_word' id='word_1_182' title='bbox 952 1538 1009 1588; x_wconf 88' lang='lat' dir='ltr'><strong>aa·</strong></span> <span class='ocrx_word' id='word_1_183' title='bbox 1060 1514 1148 1586; x_wconf 85' lang='lat' dir='ltr'><strong>toris</strong></span> <span class='ocrx_word' id='word_1_184' title='bbox 1168 1515 1215 1586; x_wconf 87' lang='lat' dir='ltr'><strong>sit</strong></span> <span class='ocrx_word' id='word_1_185' title='bbox 1235 1515 1378 1608; x_wconf 88' lang='lat' dir='ltr'><strong>publica</strong></span> <span class='ocrx_word' id='word_1_186' title='bbox 1398 1517 1620 1608; x_wconf 89' lang='lat' dir='ltr'><strong>gubernatio.</strong></span> <span class='ocrx_word' id='word_1_187' title='bbox 1682 1519 1737 1595; x_wconf 87' lang='lat' dir='ltr'><strong>lta</strong></span> <span class='ocrx_word' id='word_1_188' title='bbox 1757 1525 1857 1600; x_wconf 85' lang='lat' dir='ltr'><strong>vides</strong></span> <span class='ocrx_word' id='word_1_189' title='bbox 1877 1529 2048 1612; x_wconf 85' lang='lat' dir='ltr'><strong>Ezechiae</strong></span> 
     </span>
     <span class='ocr_line' id='line_1_15' title="bbox 45 1617 2048 1730; baseline 0.005 -39"><span class='ocrx_word' id='word_1_190' title='bbox 45 1619 99 1702; x_wconf 84' lang='lat' dir='ltr'><strong>luti</strong></span> <span class='ocrx_word' id='word_1_191' title='bbox 110 1635 247 1696; x_wconf 90' lang='lat' dir='ltr'><strong>nostrae</strong></span> <span class='ocrx_word' id='word_1_192' title='bbox 260 1643 282 1694; x_wconf 92' lang='lat' dir='ltr'><strong>a</strong></span> <span class='ocrx_word' id='word_1_193' title='bbox 296 1617 374 1694; x_wconf 90' lang='lat' dir='ltr'><strong>Deo</strong></span> <span class='ocrx_word' id='word_1_194' title='bbox 390 1621 570 1696; x_wconf 88' lang='lat' dir='ltr'><strong>donatam.</strong></span> <span class='ocrx_word' id='word_1_195' title='bbox 1060 1617 1135 1708; x_wconf 87' lang='lat' dir='ltr'><strong>regi</strong></span> <span class='ocrx_word' id='word_1_196' title='bbox 1151 1641 1268 1689; x_wconf 89' lang='lat' dir='ltr'><strong>anuos</strong></span> <span class='ocrx_word' id='word_1_197' title='bbox 1283 1619 1377 1689; x_wconf 88' lang='lat' dir='ltr'><strong>vitae</strong></span> <span class='ocrx_word' id='word_1_198' title='bbox 1394 1619 1598 1718; x_wconf 81' lang='lat' dir='ltr'><strong>prorogari,</strong></span> <span class='ocrx_word' id='word_1_199' title='bbox 1618 1629 1664 1693; x_wconf 72' lang='lat' dir='ltr'><strong>‘nt</strong></span> <span class='ocrx_word' id='word_1_200' title='bbox 1678 1624 1743 1696; x_wconf 92' lang='lat' dir='ltr'><strong>toti</strong></span> <span class='ocrx_word' id='word_1_201' title='bbox 1759 1651 1869 1718; x_wconf 87' lang='lat' dir='ltr'><strong>reguo</strong></span> <span class='ocrx_word' id='word_1_202' title='bbox 1886 1635 1961 1708; x_wconf 83' lang='lat' dir='ltr'><strong>eins</strong></span> <span class='ocrx_word' id='word_1_203' title='bbox 1981 1661 2048 1730; x_wconf 79' lang='lat' dir='ltr'><strong>gu.</strong></span> 
     </span>
    </p>

    <p class='ocr_par' dir='ltr' id='par_1_3' title="bbox 12 1715 2060 2342">
     <span class='ocr_line' id='line_1_16' title="bbox 126 1715 2048 1821; baseline 0.007 -25"><span class='ocrx_word' id='word_1_204' title='bbox 126 1720 230 1816; x_wconf 85' lang='lat' dir='ltr'><strong>Quod</strong></span> <span class='ocrx_word' id='word_1_205' title='bbox 247 1746 333 1796; x_wconf 88' lang='lat' dir='ltr'><strong>vero</strong></span> <span class='ocrx_word' id='word_1_206' title='bbox 349 1720 450 1795; x_wconf 91' lang='lat' dir='ltr'><strong>addit</strong></span> <span class='ocrx_word' id='word_1_207' title='bbox 465 1719 642 1815; x_wconf 76' lang='lat' dir='ltr'><strong>Baptista:</strong></span> <span class='ocrx_word' id='word_1_208' title='bbox 667 1716 744 1812; x_wconf 84' lang='lat' dir='ltr'><strong>Qui</strong></span> <span class='ocrx_word' id='word_1_209' title='bbox 759 1715 853 1794; x_wconf 91' lang='lat' dir='ltr'><strong>tollit</strong></span> <span class='ocrx_word' id='word_1_210' title='bbox 868 1731 1009 1814; x_wconf 85' lang='lat' dir='ltr'><strong>peccata</strong></span> <span class='ocrx_word' id='word_1_211' title='bbox 1061 1719 1223 1790; x_wconf 90' lang='lat' dir='ltr'><strong>bernatio</strong></span> <span class='ocrx_word' id='word_1_212' title='bbox 1250 1741 1290 1790; x_wconf 91' lang='lat' dir='ltr'><strong>ae</strong></span> <span class='ocrx_word' id='word_1_213' title='bbox 1313 1719 1386 1791; x_wconf 85' lang='lat' dir='ltr'><strong>vita</strong></span> <span class='ocrx_word' id='word_1_214' title='bbox 1405 1721 1536 1792; x_wconf 90' lang='lat' dir='ltr'><strong>serviat</strong></span> <span class='ocrx_word' id='word_1_215' title='bbox 1559 1735 1594 1794; x_wconf 90' lang='lat' dir='ltr'><strong>et</strong></span> <span class='ocrx_word' id='word_1_216' title='bbox 1617 1723 1782 1821; x_wconf 85' lang='lat' dir='ltr'><strong>salutaris</strong></span> <span class='ocrx_word' id='word_1_217' title='bbox 1804 1731 1862 1810; x_wconf 88' lang='lat' dir='ltr'><strong>sit.</strong></span> <span class='ocrx_word' id='word_1_218' title='bbox 1919 1735 1961 1808; x_wconf 90' lang='lat' dir='ltr'><strong>ln</strong></span> <span class='ocrx_word' id='word_1_219' title='bbox 1985 1743 2048 1814; x_wconf 89' lang='lat' dir='ltr'><strong>tali</strong></span> 
     </span>
     <span class='ocr_line' id='line_1_17' title="bbox 46 1803 2048 1930; baseline 0.011 -36.616"><span class='ocrx_word' id='word_1_220' title='bbox 46 1803 172 1914; x_wconf 85' lang='lat' dir='ltr'><strong>nundi,</strong></span> <span class='ocrx_word' id='word_1_221' title='bbox 204 1838 399 1920; x_wconf 87' lang='lat' dir='ltr'><strong>utrumque</strong></span> <span class='ocrx_word' id='word_1_222' title='bbox 426 1817 713 1916; x_wconf 83' lang='lat' dir='ltr'><strong>comprehendit:</strong></span> <span class='ocrx_word' id='word_1_223' title='bbox 746 1821 897 1896; x_wconf 88' lang='lat' dir='ltr'><strong>sustinet</strong></span> <span class='ocrx_word' id='word_1_224' title='bbox 922 1815 1010 1892; x_wconf 88' lang='lat' dir='ltr'><strong>haec</strong></span> <span class='ocrx_word' id='word_1_225' title='bbox 1061 1819 1285 1894; x_wconf 89' lang='lat' dir='ltr'><strong>invocatione</strong></span> <span class='ocrx_word' id='word_1_226' title='bbox 1299 1833 1334 1892; x_wconf 91' lang='lat' dir='ltr'><strong>et</strong></span> <span class='ocrx_word' id='word_1_227' title='bbox 1342 1823 1598 1914; x_wconf 84' lang='lat' dir='ltr'><strong>exspectatione</strong></span> <span class='ocrx_word' id='word_1_228' title='bbox 1613 1825 1792 1902; x_wconf 91' lang='lat' dir='ltr'><strong>bonorum</strong></span> <span class='ocrx_word' id='word_1_229' title='bbox 1807 1842 2048 1930; x_wconf 89' lang='lat' dir='ltr'><strong>corporalium</strong></span> 
     </span>
     <span class='ocr_line' id='line_1_18' title="bbox 47 1921 2047 2036; baseline 0.012 -42"><span class='ocrx_word' id='word_1_230' title='bbox 47 1925 165 1998; x_wconf 86' lang='lat' dir='ltr'><strong>victima</strong></span> <span class='ocrx_word' id='word_1_231' title='bbox 185 1947 339 2020; x_wconf 88' lang='lat' dir='ltr'><strong>poenam</strong></span> <span class='ocrx_word' id='word_1_232' title='bbox 359 1949 426 2020; x_wconf 86' lang='lat' dir='ltr'><strong>pro</strong></span> <span class='ocrx_word' id='word_1_233' title='bbox 447 1925 575 2012; x_wconf 91' lang='lat' dir='ltr'><strong>nobis,</strong></span> <span class='ocrx_word' id='word_1_234' title='bbox 596 1937 630 1998; x_wconf 91' lang='lat' dir='ltr'><strong>et</strong></span> <span class='ocrx_word' id='word_1_235' title='bbox 652 1936 833 2018; x_wconf 88' lang='lat' dir='ltr'><strong>peccatum</strong></span> <span class='ocrx_word' id='word_1_236' title='bbox 853 1945 1010 2016; x_wconf 75' lang='lat' dir='ltr'><strong>aemor—</strong></span> <span class='ocrx_word' id='word_1_237' title='bbox 1060 1921 1165 1990; x_wconf 84' lang='lat' dir='ltr'><strong>fidem</strong></span> <span class='ocrx_word' id='word_1_238' title='bbox 1184 1935 1341 1994; x_wconf 87' lang='lat' dir='ltr'><strong>nostram</strong></span> <span class='ocrx_word' id='word_1_239' title='bbox 1365 1946 1608 2010; x_wconf 81' lang='lat' dir='ltr'><strong>exerceamus,</strong></span> <span class='ocrx_word' id='word_1_240' title='bbox 1633 1940 1669 1999; x_wconf 91' lang='lat' dir='ltr'><strong>et</strong></span> <span class='ocrx_word' id='word_1_241' title='bbox 1690 1932 1883 2021; x_wconf 85' lang='lat' dir='ltr'><strong>cogitemus</strong></span> <span class='ocrx_word' id='word_1_242' title='bbox 1904 1947 2047 2036; x_wconf 90' lang='lat' dir='ltr'><strong>quantis</strong></span> 
     </span>
     <span class='ocr_line' id='line_1_19' title="bbox 12 2019 2060 2134; baseline 0.011 -38"><span class='ocrx_word' id='word_1_243' title='bbox 12 2091 13 2096; x_wconf 75' lang='grc'>,</span> <span class='ocrx_word' id='word_1_244' title='bbox 47 2038 101 2096; x_wconf 80' lang='lat' dir='ltr'><strong>un</strong></span> <span class='ocrx_word' id='word_1_245' title='bbox 119 2050 263 2122; x_wconf 89' lang='lat' dir='ltr'><strong>prorsus</strong></span> <span class='ocrx_word' id='word_1_246' title='bbox 277 2027 414 2114; x_wconf 86' lang='lat' dir='ltr'><strong>abolet,</strong></span> <span class='ocrx_word' id='word_1_247' title='bbox 440 2025 603 2100; x_wconf 90' lang='lat' dir='ltr'><strong>restituta</strong></span> <span class='ocrx_word' id='word_1_248' title='bbox 618 2025 710 2114; x_wconf 90' lang='lat' dir='ltr'><strong>vita,</strong></span> <span class='ocrx_word' id='word_1_249' title='bbox 734 2023 869 2099; x_wconf 90' lang='lat' dir='ltr'><strong>iustitia</strong></span> <span class='ocrx_word' id='word_1_250' title='bbox 886 2036 922 2096; x_wconf 93' lang='lat' dir='ltr'><strong>et</strong></span> <span class='ocrx_word' id='word_1_251' title='bbox 935 2021 1010 2096; x_wconf 91' lang='lat' dir='ltr'><strong>lae-</strong></span> <span class='ocrx_word' id='word_1_252' title='bbox 1059 2023 1229 2116; x_wconf 88' lang='lat' dir='ltr'><strong>periculis</strong></span> <span class='ocrx_word' id='word_1_253' title='bbox 1244 2037 1279 2094; x_wconf 91' lang='lat' dir='ltr'><strong>et</strong></span> <span class='ocrx_word' id='word_1_254' title='bbox 1293 2023 1444 2094; x_wconf 90' lang='lat' dir='ltr'><strong>miseriis</strong></span> <span class='ocrx_word' id='word_1_255' title='bbox 1460 2019 1545 2096; x_wconf 91' lang='lat' dir='ltr'><strong>haee</strong></span> <span class='ocrx_word' id='word_1_256' title='bbox 1559 2037 1771 2104; x_wconf 84' lang='lat' dir='ltr'><strong>aerumnosa</strong></span> <span class='ocrx_word' id='word_1_257' title='bbox 1794 2037 1866 2109; x_wconf 85' lang='lat' dir='ltr'><strong>vito</strong></span> <span class='ocrx_word' id='word_1_258' title='bbox 1889 2035 2060 2134; x_wconf 81' lang='lat' dir='ltr'><strong>exposita</strong></span> 
     </span>
     <span class='ocr_line' id='line_1_20' title="bbox 48 2121 2046 2237; baseline 0.008 -37"><span class='ocrx_word' id='word_1_259' title='bbox 48 2127 271 2203; x_wconf 87' lang='lat' dir='ltr'><strong>titiaaeterna.</strong></span> <span class='ocrx_word' id='word_1_260' title='bbox 318 2121 683 2202; x_wconf 81' lang='lat' dir='ltr'><strong>Etliuntistaomnia</strong></span> <span class='ocrx_word' id='word_1_261' title='bbox 697 2123 767 2199; x_wconf 91' lang='lat' dir='ltr'><strong>hoe</strong></span> <span class='ocrx_word' id='word_1_262' title='bbox 776 2127 902 2213; x_wconf 90' lang='lat' dir='ltr'><strong>modo,</strong></span> <span class='ocrx_word' id='word_1_263' title='bbox 927 2147 1009 2196; x_wconf 89' lang='lat' dir='ltr'><strong>cum</strong></span> <span class='ocrx_word' id='word_1_264' title='bbox 1060 2122 1117 2194; x_wconf 87' lang='lat' dir='ltr'><strong>sit.</strong></span> <span class='ocrx_word' id='word_1_265' title='bbox 1174 2121 1269 2196; x_wconf 88' lang='lat' dir='ltr'><strong>Sunt</strong></span> <span class='ocrx_word' id='word_1_266' title='bbox 1294 2125 1334 2194; x_wconf 91' lang='lat' dir='ltr'><strong>in</strong></span> <span class='ocrx_word' id='word_1_267' title='bbox 1365 2141 1553 2219; x_wconf 88' lang='lat' dir='ltr'><strong>conspeetu</strong></span> <span class='ocrx_word' id='word_1_268' title='bbox 1576 2126 1689 2216; x_wconf 91' lang='lat' dir='ltr'><strong>bella,</strong></span> <span class='ocrx_word' id='word_1_269' title='bbox 1720 2133 1829 2207; x_wconf 75' lang='lat' dir='ltr'><strong>lantes</strong></span> <span class='ocrx_word' id='word_1_270' title='bbox 1853 2154 1887 2211; x_wconf 91' lang='lat' dir='ltr'><strong>et</strong></span> <span class='ocrx_word' id='word_1_271' title='bbox 1907 2168 2046 2237; x_wconf 84' lang='lat' dir='ltr'><strong>poenae</strong></span> 
     </span>
     <span class='ocr_line' id='line_1_21' title="bbox 47 2225 2046 2342; baseline 0.011 -43"><span class='ocrx_word' id='word_1_272' title='bbox 47 2227 99 2302; x_wconf 86' lang='lat' dir='ltr'><strong>fide</strong></span> <span class='ocrx_word' id='word_1_273' title='bbox 116 2233 241 2306; x_wconf 89' lang='lat' dir='ltr'><strong>merita</strong></span> <span class='ocrx_word' id='word_1_274' title='bbox 263 2226 371 2303; x_wconf 90' lang='lat' dir='ltr'><strong>huius</strong></span> <span class='ocrx_word' id='word_1_275' title='bbox 392 2229 557 2302; x_wconf 87' lang='lat' dir='ltr'><strong>victimae</strong></span> <span class='ocrx_word' id='word_1_276' title='bbox 573 2228 774 2316; x_wconf 89' lang='lat' dir='ltr'><strong>intuemur,</strong></span> <span class='ocrx_word' id='word_1_277' title='bbox 798 2243 834 2302; x_wconf 90' lang='lat' dir='ltr'><strong>et</strong></span> <span class='ocrx_word' id='word_1_278' title='bbox 846 2226 1010 2304; x_wconf 85' lang='lat' dir='ltr'><strong>consola·</strong></span> <span class='ocrx_word' id='word_1_279' title='bbox 1061 2225 1152 2296; x_wconf 88' lang='lat' dir='ltr'><strong>aliae</strong></span> <span class='ocrx_word' id='word_1_280' title='bbox 1168 2225 1467 2314; x_wconf 90' lang='lat' dir='ltr'><strong>innumerabiles,</strong></span> <span class='ocrx_word' id='word_1_281' title='bbox 1490 2228 1621 2320; x_wconf 88' lang='lat' dir='ltr'><strong>quibus</strong></span> <span class='ocrx_word' id='word_1_282' title='bbox 1640 2235 1796 2322; x_wconf 86' lang='lat' dir='ltr'><strong>proiecto</strong></span> <span class='ocrx_word' id='word_1_283' title='bbox 1813 2242 1951 2342; x_wconf 81' lang='lat' dir='ltr'><strong>duriter</strong></span> <span class='ocrx_word' id='word_1_284' title='bbox 1964 2275 2046 2342; x_wconf 88' lang='lat' dir='ltr'><strong>pre-</strong></span> 
     </span>
    </p>
   </div>
   <div class='ocr_carea' id='block_1_3' title="bbox 48 2325 2189 2444">
    <p class='ocr_par' dir='ltr' id='par_1_4' title="bbox 48 2325 2189 2444">
     <span class='ocr_line' id='line_1_22' title="bbox 48 2325 2189 2444; baseline 0.006 -42"><span class='ocrx_word' id='word_1_285' title='bbox 48 2329 158 2408; x_wconf 90' lang='lat' dir='ltr'><strong>tionem</strong></span> <span class='ocrx_word' id='word_1_286' title='bbox 178 2332 401 2428; x_wconf 81' lang='lat' dir='ltr'><strong>propositam</strong></span> <span class='ocrx_word' id='word_1_287' title='bbox 422 2325 744 2428; x_wconf 80' lang='lat' dir='ltr'><strong>apprehendimus,</strong></span> <span class='ocrx_word' id='word_1_288' title='bbox 769 2341 865 2403; x_wconf 89' lang='lat' dir='ltr'><strong>certo</strong></span> <span class='ocrx_word' id='word_1_289' title='bbox 889 2342 925 2402; x_wconf 88' lang='lat' dir='ltr'><strong>et</strong></span> <span class='ocrx_word' id='word_1_290' title='bbox 940 2352 1010 2400; x_wconf 90' lang='lat' dir='ltr'><strong>no-</strong></span> <span class='ocrx_word' id='word_1_291' title='bbox 1061 2327 1212 2414; x_wconf 88' lang='lat' dir='ltr'><strong>mimur,</strong></span> <span class='ocrx_word' id='word_1_292' title='bbox 1232 2327 1313 2400; x_wconf 92' lang='lat' dir='ltr'><strong>ideo</strong></span> <span class='ocrx_word' id='word_1_293' title='bbox 1329 2329 1406 2401; x_wconf 87' lang='lat' dir='ltr'><strong>vult</strong></span> <span class='ocrx_word' id='word_1_294' title='bbox 1421 2351 1488 2400; x_wconf 90' lang='lat' dir='ltr'><strong>nos</strong></span> <span class='ocrx_word' id='word_1_295' title='bbox 1502 2325 1600 2402; x_wconf 89' lang='lat' dir='ltr'><strong>Deus</strong></span> <span class='ocrx_word' id='word_1_296' title='bbox 1615 2355 1699 2404; x_wconf 89' lang='lat' dir='ltr'><strong>eura</strong></span> <span class='ocrx_word' id='word_1_297' title='bbox 1712 2337 1831 2434; x_wconf 88' lang='lat' dir='ltr'><strong>aliqua</strong></span> <span class='ocrx_word' id='word_1_298' title='bbox 1846 2347 1969 2420; x_wconf 92' lang='lat' dir='ltr'><strong>talium</strong></span> <span class='ocrx_word' id='word_1_299' title='bbox 1984 2378 2049 2444; x_wconf 69' lang='lat' dir='ltr'><strong>pe.</strong></span> <span class='ocrx_word' id='word_1_300' title='bbox 2120 2407 2125 2420; x_wconf 84' lang='lat'><strong>,</strong></span> <span class='ocrx_word' id='word_1_301' title='bbox 2183 2373 2189 2382; x_wconf 89' lang='lat'><em>·</em></span> 
     </span>
    </p>
   </div>
   <div class='ocr_carea' id='block_1_4' title="bbox 12 2425 2048 2632">
    <p class='ocr_par' dir='ltr' id='par_1_5' title="bbox 12 2425 2048 2632">
     <span class='ocr_line' id='line_1_23' title="bbox 12 2425 2048 2537; baseline 0.009 -28"><span class='ocrx_word' id='word_1_302' title='bbox 12 2425 13 2432; x_wconf 8' lang='grc' dir='ltr'>ἵ</span> <span class='ocrx_word' id='word_1_303' title='bbox 47 2433 183 2508; x_wconf 78' lang='lat' dir='ltr'><strong>minutim</strong></span> <span class='ocrx_word' id='word_1_304' title='bbox 210 2429 284 2506; x_wconf 89' lang='lat' dir='ltr'><strong>hoe</strong></span> <span class='ocrx_word' id='word_1_305' title='bbox 312 2447 525 2520; x_wconf 90' lang='lat' dir='ltr'><strong>statuentes,</strong></span> <span class='ocrx_word' id='word_1_306' title='bbox 555 2455 622 2505; x_wconf 91' lang='lat' dir='ltr'><strong>nos</strong></span> <span class='ocrx_word' id='word_1_307' title='bbox 649 2431 807 2526; x_wconf 88' lang='lat' dir='ltr'><strong>accipere</strong></span> <span class='ocrx_word' id='word_1_308' title='bbox 829 2429 1010 2504; x_wconf 90' lang='lat' dir='ltr'><strong>remissio·</strong></span> <span class='ocrx_word' id='word_1_309' title='bbox 1061 2427 1257 2501; x_wconf 90' lang='lat' dir='ltr'><strong>riculornm</strong></span> <span class='ocrx_word' id='word_1_310' title='bbox 1271 2429 1382 2517; x_wconf 86' lang='lat' dir='ltr'><strong>allici,</strong></span> <span class='ocrx_word' id='word_1_311' title='bbox 1406 2455 1481 2502; x_wconf 91' lang='lat' dir='ltr'><strong>non</strong></span> <span class='ocrx_word' id='word_1_312' title='bbox 1497 2433 1574 2504; x_wconf 90' lang='lat' dir='ltr'><strong>vult</strong></span> <span class='ocrx_word' id='word_1_313' title='bbox 1588 2457 1654 2505; x_wconf 92' lang='lat' dir='ltr'><strong>nos</strong></span> <span class='ocrx_word' id='word_1_314' title='bbox 1668 2437 1800 2512; x_wconf 85' lang='lat' dir='ltr'><strong>ferreos</strong></span> <span class='ocrx_word' id='word_1_315' title='bbox 1821 2468 1914 2537; x_wconf 89' lang='lat' dir='ltr'><strong>esse,</strong></span> <span class='ocrx_word' id='word_1_316' title='bbox 1939 2465 1972 2524; x_wconf 91' lang='lat' dir='ltr'><strong>et</strong></span> <span class='ocrx_word' id='word_1_317' title='bbox 1988 2457 2048 2528; x_wconf 83' lang='lat' dir='ltr'><strong>fn·</strong></span> 
     </span>
     <span class='ocr_line' id='line_1_24' title="bbox 46 2531 2048 2632; baseline 0.005 -17"><span class='ocrx_word' id='word_1_318' title='bbox 46 2555 110 2606; x_wconf 74' lang='lat' dir='ltr'><strong>nem</strong></span> <span class='ocrx_word' id='word_1_319' title='bbox 134 2549 358 2630; x_wconf 89' lang='lat' dir='ltr'><strong>peccatorum</strong></span> <span class='ocrx_word' id='word_1_320' title='bbox 385 2546 533 2632; x_wconf 88' lang='lat' dir='ltr'><strong>propter</strong></span> <span class='ocrx_word' id='word_1_321' title='bbox 558 2533 798 2606; x_wconf 88' lang='lat' dir='ltr'><strong>obedientiam</strong></span> <span class='ocrx_word' id='word_1_322' title='bbox 827 2547 863 2606; x_wconf 94' lang='lat' dir='ltr'><strong>et</strong></span> <span class='ocrx_word' id='word_1_323' title='bbox 884 2531 1011 2606; x_wconf 91' lang='lat' dir='ltr'><strong>merita</strong></span> <span class='ocrx_word' id='word_1_324' title='bbox 1061 2545 1181 2605; x_wconf 91' lang='lat' dir='ltr'><strong>renter</strong></span> <span class='ocrx_word' id='word_1_325' title='bbox 1198 2531 1304 2604; x_wconf 89' lang='lat' dir='ltr'><strong>nobis</strong></span> <span class='ocrx_word' id='word_1_326' title='bbox 1324 2533 1506 2604; x_wconf 87' lang='lat' dir='ltr'><strong>cumulare</strong></span> <span class='ocrx_word' id='word_1_327' title='bbox 1527 2535 1638 2627; x_wconf 86' lang='lat' dir='ltr'><strong>mala,</strong></span> <span class='ocrx_word' id='word_1_328' title='bbox 1672 2543 1793 2614; x_wconf 89' lang='lat' dir='ltr'><strong>sedin</strong></span> <span class='ocrx_word' id='word_1_329' title='bbox 1816 2555 2048 2631; x_wconf 85' lang='lat' dir='ltr'><strong>conversione</strong></span> 
     </span>
    </p>
   </div>
   <div class='ocr_carea' id='block_1_5' title="bbox 46 2629 2186 2742">
    <p class='ocr_par' dir='ltr' id='par_1_6' title="bbox 46 2629 2186 2742">
     <span class='ocr_line' id='line_1_25' title="bbox 46 2629 2186 2742; baseline 0.005 -38"><span class='ocrx_word' id='word_1_330' title='bbox 46 2629 168 2710; x_wconf 88' lang='lat' dir='ltr'><strong>llomini</strong></span> <span class='ocrx_word' id='word_1_331' title='bbox 190 2637 308 2711; x_wconf 87' lang='lat' dir='ltr'><strong>nostri</strong></span> <span class='ocrx_word' id='word_1_332' title='bbox 332 2633 412 2710; x_wconf 87' lang='lat' dir='ltr'><strong>lesu</strong></span> <span class='ocrx_word' id='word_1_333' title='bbox 428 2631 580 2722; x_wconf 88' lang='lat' dir='ltr'><strong>Christi,</strong></span> <span class='ocrx_word' id='word_1_334' title='bbox 605 2635 668 2736; x_wconf 90' lang='lat' dir='ltr'><strong>qui</strong></span> <span class='ocrx_word' id='word_1_335' title='bbox 689 2636 834 2709; x_wconf 85' lang='lat' dir='ltr'><strong>victima</strong></span> <span class='ocrx_word' id='word_1_336' title='bbox 856 2658 922 2730; x_wconf 92' lang='lat' dir='ltr'><strong>pro</strong></span> <span class='ocrx_word' id='word_1_337' title='bbox 941 2657 1010 2706; x_wconf 91' lang='lat' dir='ltr'><strong>no-</strong></span> <span class='ocrx_word' id='word_1_338' title='bbox 1061 2656 1146 2703; x_wconf 92' lang='lat' dir='ltr'><strong>vera</strong></span> <span class='ocrx_word' id='word_1_339' title='bbox 1163 2633 1321 2708; x_wconf 90' lang='lat' dir='ltr'><strong>vultnoa</strong></span> <span class='ocrx_word' id='word_1_340' title='bbox 1336 2635 1507 2706; x_wconf 80' lang='lat' dir='ltr'><strong>auxilium</strong></span> <span class='ocrx_word' id='word_1_341' title='bbox 1525 2649 1560 2708; x_wconf 90' lang='lat' dir='ltr'><strong>et</strong></span> <span class='ocrx_word' id='word_1_342' title='bbox 1574 2637 1829 2730; x_wconf 85' lang='lat' dir='ltr'><strong>mitigationem</strong></span> <span class='ocrx_word' id='word_1_343' title='bbox 1849 2674 2046 2742; x_wconf 68' lang='lat' dir='ltr'><strong>poenarum</strong></span> <span class='ocrx_word' id='word_1_344' title='bbox 2184 2723 2186 2728; x_wconf 22' lang='lat'><strong><em>¹</em></strong></span> 
     </span>
    </p>
   </div>
   <div class='ocr_carea' id='block_1_6' title="bbox 11 2732 2062 3460">
    <p class='ocr_par' dir='ltr' id='par_1_7' title="bbox 11 2732 2062 3360">
     <span class='ocr_line' id='line_1_26' title="bbox 46 2732 2048 2853; baseline 0.007 -47"><span class='ocrx_word' id='word_1_345' title='bbox 46 2735 88 2808; x_wconf 89' lang='lat' dir='ltr'><strong>bis</strong></span> <span class='ocrx_word' id='word_1_346' title='bbox 103 2739 209 2814; x_wconf 86' lang='lat' dir='ltr'><strong>iaetus</strong></span> <span class='ocrx_word' id='word_1_347' title='bbox 230 2752 305 2826; x_wconf 88' lang='lat' dir='ltr'><strong>est,</strong></span> <span class='ocrx_word' id='word_1_348' title='bbox 330 2752 396 2818; x_wconf 88' lang='lat' dir='ltr'><strong>etc.</strong></span> <span class='ocrx_word' id='word_1_349' title='bbox 446 2735 544 2810; x_wconf 88' lang='lat' dir='ltr'><strong>Haec</strong></span> <span class='ocrx_word' id='word_1_350' title='bbox 561 2739 606 2810; x_wconf 91' lang='lat' dir='ltr'><strong>de</strong></span> <span class='ocrx_word' id='word_1_351' title='bbox 627 2739 724 2812; x_wconf 88' lang='lat' dir='ltr'><strong>dicto</strong></span> <span class='ocrx_word' id='word_1_352' title='bbox 745 2734 858 2812; x_wconf 86' lang='lat' dir='ltr'><strong>Isaiae</strong></span> <span class='ocrx_word' id='word_1_353' title='bbox 877 2732 947 2810; x_wconf 90' lang='lat' dir='ltr'><strong>boe</strong></span> <span class='ocrx_word' id='word_1_354' title='bbox 970 2736 1009 2806; x_wconf 93' lang='lat' dir='ltr'><strong>in</strong></span> <span class='ocrx_word' id='word_1_355' title='bbox 1061 2735 1107 2806; x_wconf 89' lang='lat' dir='ltr'><strong>ab</strong></span> <span class='ocrx_word' id='word_1_356' title='bbox 1121 2735 1199 2829; x_wconf 89' lang='lat' dir='ltr'><strong>ipso</strong></span> <span class='ocrx_word' id='word_1_357' title='bbox 1217 2750 1348 2829; x_wconf 89' lang='lat' dir='ltr'><strong>petere,</strong></span> <span class='ocrx_word' id='word_1_358' title='bbox 1372 2735 1477 2808; x_wconf 89' lang='lat' dir='ltr'><strong>sicuti</strong></span> <span class='ocrx_word' id='word_1_359' title='bbox 1493 2760 1554 2810; x_wconf 89' lang='lat' dir='ltr'><strong>sna</strong></span> <span class='ocrx_word' id='word_1_360' title='bbox 1572 2737 1685 2830; x_wconf 88' lang='lat' dir='ltr'><strong>ipsius</strong></span> <span class='ocrx_word' id='word_1_361' title='bbox 1703 2767 1789 2817; x_wconf 85' lang='lat' dir='ltr'><strong>voce</strong></span> <span class='ocrx_word' id='word_1_362' title='bbox 1809 2773 1876 2821; x_wconf 92' lang='lat' dir='ltr'><strong>nos</strong></span> <span class='ocrx_word' id='word_1_363' title='bbox 1891 2757 2048 2853; x_wconf 89' lang='lat' dir='ltr'><strong>alloqui.</strong></span> 
     </span>
     <span class='ocr_line' id='line_1_27' title="bbox 23 2833 2048 2944; baseline 0.006 -38"><span class='ocrx_word' id='word_1_364' title='bbox 23 2881 27 2892; x_wconf 82' lang='lat'><em>-</em></span> <span class='ocrx_word' id='word_1_365' title='bbox 45 2836 105 2912; x_wconf 86' lang='lat' dir='ltr'><strong>loeo</strong></span> <span class='ocrx_word' id='word_1_366' title='bbox 122 2841 310 2916; x_wconf 86' lang='lat' dir='ltr'><strong>sufficiant.</strong></span> <span class='ocrx_word' id='word_1_367' title='bbox 827 2847 832 2852; x_wconf 87' lang='lat'>&#39;</span> <span class='ocrx_word' id='word_1_368' title='bbox 1061 2850 1121 2909; x_wconf 92' lang='lat' dir='ltr'><strong>tur</strong></span> <span class='ocrx_word' id='word_1_369' title='bbox 1133 2850 1168 2909; x_wconf 92' lang='lat' dir='ltr'><strong>et</strong></span> <span class='ocrx_word' id='word_1_370' title='bbox 1183 2849 1302 2908; x_wconf 85' lang='lat' dir='ltr'><strong>vocat:</strong></span> <span class='ocrx_word' id='word_1_371' title='bbox 1327 2833 1590 2910; x_wconf 89' lang='lat' dir='ltr'><strong>Convertimini</strong></span> <span class='ocrx_word' id='word_1_372' title='bbox 1604 2844 1650 2912; x_wconf 90' lang='lat' dir='ltr'><strong>ad</strong></span> <span class='ocrx_word' id='word_1_373' title='bbox 1667 2867 1741 2932; x_wconf 89' lang='lat' dir='ltr'><strong>me,</strong></span> <span class='ocrx_word' id='word_1_374' title='bbox 1766 2862 1800 2921; x_wconf 90' lang='lat' dir='ltr'><strong>et</strong></span> <span class='ocrx_word' id='word_1_375' title='bbox 1816 2875 1880 2944; x_wconf 79' lang='lat' dir='ltr'><strong>ego</strong></span> <span class='ocrx_word' id='word_1_376' title='bbox 1897 2881 2048 2934; x_wconf 58' lang='lat' dir='ltr'><strong>conver.</strong></span> 
     </span>
     <span class='ocr_line' id='line_1_28' title="bbox 126 2933 2048 3036; baseline 0.011 -20"><span class='ocrx_word' id='word_1_377' title='bbox 126 2941 232 3034; x_wconf 87' lang='lat' dir='ltr'><strong>Quod</strong></span> <span class='ocrx_word' id='word_1_378' title='bbox 257 2963 342 3014; x_wconf 89' lang='lat' dir='ltr'><strong>vern</strong></span> <span class='ocrx_word' id='word_1_379' title='bbox 366 2933 571 3013; x_wconf 89' lang='lat' dir='ltr'><strong>Matthaeus</strong></span> <span class='ocrx_word' id='word_1_380' title='bbox 597 2941 642 3012; x_wconf 90' lang='lat' dir='ltr'><strong>de</strong></span> <span class='ocrx_word' id='word_1_381' title='bbox 664 2937 799 3013; x_wconf 88' lang='lat' dir='ltr'><strong>morbis</strong></span> <span class='ocrx_word' id='word_1_382' title='bbox 819 2961 1009 3032; x_wconf 91' lang='lat' dir='ltr'><strong>corporum</strong></span> <span class='ocrx_word' id='word_1_383' title='bbox 1060 2951 1214 3011; x_wconf 82' lang='lat' dir='ltr'><strong>torvos.</strong></span> <span class='ocrx_word' id='word_1_384' title='bbox 1272 2936 1361 3011; x_wconf 90' lang='lat' dir='ltr'><strong>Vult</strong></span> <span class='ocrx_word' id='word_1_385' title='bbox 1383 2960 1451 3010; x_wconf 90' lang='lat' dir='ltr'><strong>nos</strong></span> <span class='ocrx_word' id='word_1_386' title='bbox 1472 2962 1573 3030; x_wconf 88' lang='lat' dir='ltr'><strong>agere</strong></span> <span class='ocrx_word' id='word_1_387' title='bbox 1595 2945 1849 3036; x_wconf 85' lang='lat' dir='ltr'><strong>poenitentiam</strong></span> <span class='ocrx_word' id='word_1_388' title='bbox 1874 2969 1909 3028; x_wconf 89' lang='lat' dir='ltr'><strong>et</strong></span> <span class='ocrx_word' id='word_1_389' title='bbox 1931 2985 2048 3036; x_wconf 90' lang='lat' dir='ltr'><strong>mores</strong></span> 
     </span>
     <span class='ocr_line' id='line_1_29' title="bbox 11 3039 2062 3154; baseline 0.008 -44"><span class='ocrx_word' id='word_1_390' title='bbox 11 3065 12 3120; x_wconf 68' lang='lat'><strong>,</strong></span> <span class='ocrx_word' id='word_1_391' title='bbox 46 3039 130 3130; x_wconf 90' lang='lat' dir='ltr'><strong>citat,</strong></span> <span class='ocrx_word' id='word_1_392' title='bbox 151 3069 227 3118; x_wconf 93' lang='lat' dir='ltr'><strong>non</strong></span> <span class='ocrx_word' id='word_1_393' title='bbox 252 3055 387 3138; x_wconf 88' lang='lat' dir='ltr'><strong>pugnat</strong></span> <span class='ocrx_word' id='word_1_394' title='bbox 407 3066 490 3114; x_wconf 89' lang='lat' dir='ltr'><strong>cum</strong></span> <span class='ocrx_word' id='word_1_395' title='bbox 511 3054 632 3114; x_wconf 88' lang='lat' dir='ltr'><strong>nostra</strong></span> <span class='ocrx_word' id='word_1_396' title='bbox 652 3043 888 3136; x_wconf 82' lang='lat' dir='ltr'><strong>expositione:</strong></span> <span class='ocrx_word' id='word_1_397' title='bbox 915 3039 1012 3114; x_wconf 92' lang='lat' dir='ltr'><strong>tollit</strong></span> <span class='ocrx_word' id='word_1_398' title='bbox 1061 3041 1268 3124; x_wconf 88' lang='lat' dir='ltr'><strong>emendare,</strong></span> <span class='ocrx_word' id='word_1_399' title='bbox 1294 3039 1344 3110; x_wconf 87' lang='lat' dir='ltr'><strong>sic</strong></span> <span class='ocrx_word' id='word_1_400' title='bbox 1358 3042 1536 3134; x_wconf 81' lang='lat' dir='ltr'><strong>promittit</strong></span> <span class='ocrx_word' id='word_1_401' title='bbox 1548 3069 1589 3116; x_wconf 90' lang='lat' dir='ltr'><strong>ae</strong></span> <span class='ocrx_word' id='word_1_402' title='bbox 1610 3046 1800 3138; x_wconf 88' lang='lat' dir='ltr'><strong>pollicetur</strong></span> <span class='ocrx_word' id='word_1_403' title='bbox 1821 3077 1924 3129; x_wconf 91' lang='lat' dir='ltr'><strong>suum</strong></span> <span class='ocrx_word' id='word_1_404' title='bbox 1947 3051 2062 3154; x_wconf 50' lang='lat' dir='ltr'><strong>auxi(</strong></span> 
     </span>
     <span class='ocr_line' id='line_1_30' title="bbox 11 3133 2048 3241; baseline 0.014 -30"><span class='ocrx_word' id='word_1_405' title='bbox 11 3133 12 3222; x_wconf 61' lang='lat' dir='ltr'>J</span> <span class='ocrx_word' id='word_1_406' title='bbox 46 3141 292 3220; x_wconf 84' lang='lat' dir='ltr'><strong>eninChristna</strong></span> <span class='ocrx_word' id='word_1_407' title='bbox 306 3159 511 3240; x_wconf 89' lang='lat' dir='ltr'><strong>utrumqne,</strong></span> <span class='ocrx_word' id='word_1_408' title='bbox 525 3155 706 3238; x_wconf 90' lang='lat' dir='ltr'><strong>peccatum</strong></span> <span class='ocrx_word' id='word_1_409' title='bbox 716 3157 750 3218; x_wconf 94' lang='lat' dir='ltr'><strong>et</strong></span> <span class='ocrx_word' id='word_1_410' title='bbox 765 3155 902 3218; x_wconf 90' lang='lat' dir='ltr'><strong>caetera</strong></span> <span class='ocrx_word' id='word_1_411' title='bbox 917 3143 1010 3214; x_wconf 89' lang='lat' dir='ltr'><strong>rnala</strong></span> <span class='ocrx_word' id='word_1_412' title='bbox 1060 3141 1168 3228; x_wconf 91' lang='lat' dir='ltr'><strong>lium,</strong></span> <span class='ocrx_word' id='word_1_413' title='bbox 1195 3143 1245 3215; x_wconf 89' lang='lat' dir='ltr'><strong>sic</strong></span> <span class='ocrx_word' id='word_1_414' title='bbox 1258 3142 1354 3216; x_wconf 89' lang='lat' dir='ltr'><strong>bona</strong></span> <span class='ocrx_word' id='word_1_415' title='bbox 1365 3156 1508 3216; x_wconf 89' lang='lat' dir='ltr'><strong>aeterna</strong></span> <span class='ocrx_word' id='word_1_416' title='bbox 1523 3159 1558 3219; x_wconf 91' lang='lat' dir='ltr'><strong>et</strong></span> <span class='ocrx_word' id='word_1_417' title='bbox 1573 3151 1770 3241; x_wconf 87' lang='lat' dir='ltr'><strong>corporalia</strong></span> <span class='ocrx_word' id='word_1_418' title='bbox 1786 3177 1860 3228; x_wconf 88' lang='lat' dir='ltr'><strong>sese</strong></span> <span class='ocrx_word' id='word_1_419' title='bbox 1880 3162 2048 3238; x_wconf 90' lang='lat' dir='ltr'><strong>daturum</strong></span> 
     </span>
     <span class='ocr_line' id='line_1_31' title="bbox 11 3243 1813 3360; baseline 0 -47"><span class='ocrx_word' id='word_1_420' title='bbox 11 3267 12 3306; x_wconf 74' lang='lat'><em>2</em></span> <span class='ocrx_word' id='word_1_421' title='bbox 46 3248 165 3331; x_wconf 90' lang='lat' dir='ltr'><strong>onnia,</strong></span> <span class='ocrx_word' id='word_1_422' title='bbox 195 3270 290 3344; x_wconf 90' lang='lat' dir='ltr'><strong>quae</strong></span> <span class='ocrx_word' id='word_1_423' title='bbox 315 3258 398 3319; x_wconf 91' lang='lat' dir='ltr'><strong>aunt</strong></span> <span class='ocrx_word' id='word_1_424' title='bbox 425 3245 559 3338; x_wconf 87' lang='lat' dir='ltr'><strong>peccati</strong></span> <span class='ocrx_word' id='word_1_425' title='bbox 590 3245 826 3338; x_wconf 89' lang='lat' dir='ltr'><strong>stipendium,</strong></span> <span class='ocrx_word' id='word_1_426' title='bbox 855 3243 1012 3332; x_wconf 88' lang='lat' dir='ltr'><strong>morbos,</strong></span> <span class='ocrx_word' id='word_1_427' title='bbox 1060 3243 1225 3322; x_wconf 69' lang='lat' dir='ltr'><strong>affirmat,</strong></span> <span class='ocrx_word' id='word_1_428' title='bbox 1808 3345 1813 3360; x_wconf 64' lang='lat'><strong>,</strong></span> 
     </span>
    </p>

    <p class='ocr_par' dir='ltr' id='par_1_8' title="bbox 11 3343 2047 3460">
     <span class='ocr_line' id='line_1_32' title="bbox 11 3343 2047 3460; baseline 0.009 -46"><span class='ocrx_word' id='word_1_429' title='bbox 11 3389 12 3392; x_wconf 58' lang='lat'><em>=</em></span> <span class='ocrx_word' id='word_1_430' title='bbox 46 3363 191 3437; x_wconf 86' lang='lat' dir='ltr'><strong>nortem,</strong></span> <span class='ocrx_word' id='word_1_431' title='bbox 217 3369 353 3444; x_wconf 87' lang='lat' dir='ltr'><strong>poenas</strong></span> <span class='ocrx_word' id='word_1_432' title='bbox 369 3360 549 3440; x_wconf 87' lang='lat' dir='ltr'><strong>aeternas,</strong></span> <span class='ocrx_word' id='word_1_433' title='bbox 575 3347 668 3420; x_wconf 90' lang='lat' dir='ltr'><strong>bella</strong></span> <span class='ocrx_word' id='word_1_434' title='bbox 689 3359 724 3420; x_wconf 88' lang='lat' dir='ltr'><strong>at</strong></span> <span class='ocrx_word' id='word_1_435' title='bbox 746 3345 901 3444; x_wconf 88' lang='lat' dir='ltr'><strong>reliquas</strong></span> <span class='ocrx_word' id='word_1_436' title='bbox 916 3347 1011 3418; x_wconf 90' lang='lat' dir='ltr'><strong>cala·</strong></span> <span class='ocrx_word' id='word_1_437' title='bbox 1163 3343 1212 3416; x_wconf 91' lang='lat' dir='ltr'><strong>Hi</strong></span> <span class='ocrx_word' id='word_1_438' title='bbox 1226 3345 1378 3438; x_wconf 87' lang='lat' dir='ltr'><strong>gemitus</strong></span> <span class='ocrx_word' id='word_1_439' title='bbox 1392 3345 1506 3419; x_wconf 90' lang='lat' dir='ltr'><strong>nostri</strong></span> <span class='ocrx_word' id='word_1_440' title='bbox 1520 3347 1559 3420; x_wconf 92' lang='lat' dir='ltr'><strong>in</strong></span> <span class='ocrx_word' id='word_1_441' title='bbox 1574 3373 1656 3423; x_wconf 89' lang='lat' dir='ltr'><strong>vera</strong></span> <span class='ocrx_word' id='word_1_442' title='bbox 1671 3359 1903 3434; x_wconf 86' lang='lat' dir='ltr'><strong>conversione</strong></span> <span class='ocrx_word' id='word_1_443' title='bbox 1912 3389 2047 3460; x_wconf 87' lang='lat' dir='ltr'><strong>nequa.</strong></span> 
     </span>
    </p>
   </div>
   <div class='ocr_carea' id='block_1_7' title="bbox 11 3446 2235 3558">
    <p class='ocr_par' dir='ltr' id='par_1_9' title="bbox 11 3446 2235 3558">
     <span class='ocr_line' id='line_1_33' title="bbox 11 3446 2235 3558; baseline 0.009 -42"><span class='ocrx_word' id='word_1_444' title='bbox 11 3457 12 3474; x_wconf 51' lang='lat'><strong>,</strong></span> <span class='ocrx_word' id='word_1_445' title='bbox 47 3448 169 3524; x_wconf 86' lang='lat' dir='ltr'><strong>nitates.</strong></span> <span class='ocrx_word' id='word_1_446' title='bbox 232 3447 371 3546; x_wconf 80' lang='lat' dir='ltr'><strong>Estque</strong></span> <span class='ocrx_word' id='word_1_447' title='bbox 400 3447 602 3520; x_wconf 86' lang='lat' dir='ltr'><strong>firmissime</strong></span> <span class='ocrx_word' id='word_1_448' title='bbox 631 3451 875 3534; x_wconf 87' lang='lat' dir='ltr'><strong>statuendum,</strong></span> <span class='ocrx_word' id='word_1_449' title='bbox 918 3447 1012 3520; x_wconf 86' lang='lat' dir='ltr'><strong>velle</strong></span> <span class='ocrx_word' id='word_1_450' title='bbox 1061 3469 1169 3543; x_wconf 90' lang='lat' dir='ltr'><strong>quam</strong></span> <span class='ocrx_word' id='word_1_451' title='bbox 1200 3461 1307 3521; x_wconf 87' lang='lat' dir='ltr'><strong>emnt</strong></span> <span class='ocrx_word' id='word_1_452' title='bbox 1332 3446 1456 3522; x_wconf 90' lang='lat' dir='ltr'><strong>inanes</strong></span> <span class='ocrx_word' id='word_1_453' title='bbox 1477 3463 1539 3523; x_wconf 91' lang='lat' dir='ltr'><strong>ant</strong></span> <span class='ocrx_word' id='word_1_454' title='bbox 1560 3449 1674 3541; x_wconf 91' lang='lat' dir='ltr'><strong>irriti,</strong></span> <span class='ocrx_word' id='word_1_455' title='bbox 1713 3461 1775 3530; x_wconf 88' lang='lat' dir='ltr'><strong>sed</strong></span> <span class='ocrx_word' id='word_1_456' title='bbox 1806 3463 2048 3558; x_wconf 84' lang='lat' dir='ltr'><strong>impetrabunt</strong></span> <span class='ocrx_word' id='word_1_457' title='bbox 2164 3519 2167 3527; x_wconf 30' lang='lat' dir='ltr'><strong><em>J</em></strong></span> <span class='ocrx_word' id='word_1_458' title='bbox 2232 3537 2235 3544; x_wconf 73' lang='grc'>,</span> 
     </span>
    </p>
   </div>
   <div class='ocr_carea' id='block_1_8' title="bbox 11 3545 2155 5294">
    <p class='ocr_par' dir='ltr' id='par_1_10' title="bbox 11 3545 2047 4155">
     <span class='ocr_line' id='line_1_34' title="bbox 11 3545 2046 3649; baseline 0.019 -41"><span class='ocrx_word' id='word_1_459' title='bbox 11 3599 12 3614; x_wconf 68' lang='grc'>,</span> <span class='ocrx_word' id='word_1_460' title='bbox 46 3569 109 3622; x_wconf 82' lang='lat' dir='ltr'><strong>eum</strong></span> <span class='ocrx_word' id='word_1_461' title='bbox 127 3555 232 3626; x_wconf 71' lang='lat' dir='ltr'><strong>etiam</strong></span> <span class='ocrx_word' id='word_1_462' title='bbox 256 3551 296 3622; x_wconf 88' lang='lat' dir='ltr'><strong>in</strong></span> <span class='ocrx_word' id='word_1_463' title='bbox 316 3551 484 3646; x_wconf 88' lang='lat' dir='ltr'><strong>periculis</strong></span> <span class='ocrx_word' id='word_1_464' title='bbox 505 3545 612 3624; x_wconf 89' lang='lat' dir='ltr'><strong>huius</strong></span> <span class='ocrx_word' id='word_1_465' title='bbox 637 3551 730 3624; x_wconf 92' lang='lat' dir='ltr'><strong>vitae</strong></span> <span class='ocrx_word' id='word_1_466' title='bbox 759 3550 937 3634; x_wconf 88' lang='lat' dir='ltr'><strong>invocari,</strong></span> <span class='ocrx_word' id='word_1_467' title='bbox 976 3563 1012 3622; x_wconf 90' lang='lat' dir='ltr'><strong>et</strong></span> <span class='ocrx_word' id='word_1_468' title='bbox 1061 3563 1158 3620; x_wconf 85' lang='lat' dir='ltr'><strong>certo</strong></span> <span class='ocrx_word' id='word_1_469' title='bbox 1174 3551 1269 3643; x_wconf 91' lang='lat' dir='ltr'><strong>quod</strong></span> <span class='ocrx_word' id='word_1_470' title='bbox 1285 3551 1449 3648; x_wconf 87' lang='lat' dir='ltr'><strong>petimus,</strong></span> <span class='ocrx_word' id='word_1_471' title='bbox 1469 3552 1560 3626; x_wconf 90' lang='lat' dir='ltr'><strong>sicut</strong></span> <span class='ocrx_word' id='word_1_472' title='bbox 1574 3553 1612 3625; x_wconf 91' lang='lat' dir='ltr'><strong>in</strong></span> <span class='ocrx_word' id='word_1_473' title='bbox 1626 3557 1782 3649; x_wconf 87' lang='lat' dir='ltr'><strong>imagine</strong></span> <span class='ocrx_word' id='word_1_474' title='bbox 1800 3565 1927 3640; x_wconf 87' lang='lat' dir='ltr'><strong>viduae</strong></span> <span class='ocrx_word' id='word_1_475' title='bbox 1943 3573 2046 3647; x_wconf 89' lang='lat' dir='ltr'><strong>toties</strong></span> 
     </span>
     <span class='ocr_line' id='line_1_35' title="bbox 11 3637 2047 3760; baseline 0.021 -57"><span class='ocrx_word' id='word_1_476' title='bbox 11 3637 13 3672; x_wconf 77' lang='lat'><em>²</em></span> <span class='ocrx_word' id='word_1_477' title='bbox 44 3651 100 3738; x_wconf 60' lang='lat' dir='ltr'><strong>pepi</strong></span> <span class='ocrx_word' id='word_1_478' title='bbox 112 3651 415 3750; x_wconf 60' lang='lat' dir='ltr'><strong>atqueaepectari</strong></span> <span class='ocrx_word' id='word_1_479' title='bbox 428 3651 559 3744; x_wconf 78' lang='lat' dir='ltr'><strong>abipso</strong></span> <span class='ocrx_word' id='word_1_480' title='bbox 576 3653 814 3746; x_wconf 90' lang='lat' dir='ltr'><strong>corporalium</strong></span> <span class='ocrx_word' id='word_1_481' title='bbox 830 3651 1012 3725; x_wconf 88' lang='lat' dir='ltr'><strong>calamita-</strong></span> <span class='ocrx_word' id='word_1_482' title='bbox 1061 3651 1233 3722; x_wconf 91' lang='lat' dir='ltr'><strong>iniustum</strong></span> <span class='ocrx_word' id='word_1_483' title='bbox 1250 3652 1404 3724; x_wconf 89' lang='lat' dir='ltr'><strong>indicem</strong></span> <span class='ocrx_word' id='word_1_484' title='bbox 1419 3656 1680 3748; x_wconf 88' lang='lat' dir='ltr'><strong>interpellantis</strong></span> <span class='ocrx_word' id='word_1_485' title='bbox 1701 3663 1902 3740; x_wconf 85' lang='lat' dir='ltr'><strong>dulcissime</strong></span> <span class='ocrx_word' id='word_1_486' title='bbox 1918 3669 2047 3760; x_wconf 85' lang='lat' dir='ltr'><strong>Domi-</strong></span> 
     </span>
     <span class='ocr_line' id='line_1_36' title="bbox 11 3749 2046 3864; baseline 0.014 -46"><span class='ocrx_word' id='word_1_487' title='bbox 11 3753 12 3766; x_wconf 57' lang='lat'><em>*</em></span> <span class='ocrx_word' id='word_1_488' title='bbox 45 3761 104 3823; x_wconf 88' lang='lat' dir='ltr'><strong>tom</strong></span> <span class='ocrx_word' id='word_1_489' title='bbox 130 3755 402 3848; x_wconf 89' lang='lat' dir='ltr'><strong>mitigationem.</strong></span> <span class='ocrx_word' id='word_1_490' title='bbox 461 3751 554 3826; x_wconf 89' lang='lat' dir='ltr'><strong>Nam</strong></span> <span class='ocrx_word' id='word_1_491' title='bbox 583 3755 648 3828; x_wconf 90' lang='lat' dir='ltr'><strong>etsi</strong></span> <span class='ocrx_word' id='word_1_492' title='bbox 667 3749 827 3827; x_wconf 85' lang='lat' dir='ltr'><strong>Ecclesia</strong></span> <span class='ocrx_word' id='word_1_493' title='bbox 852 3753 1011 3826; x_wconf 87' lang='lat' dir='ltr'><strong>subiecta</strong></span> <span class='ocrx_word' id='word_1_494' title='bbox 1061 3775 1130 3824; x_wconf 91' lang='lat' dir='ltr'><strong>nna</strong></span> <span class='ocrx_word' id='word_1_495' title='bbox 1143 3753 1258 3846; x_wconf 88' lang='lat' dir='ltr'><strong>pingit</strong></span> <span class='ocrx_word' id='word_1_496' title='bbox 1275 3769 1310 3826; x_wconf 90' lang='lat' dir='ltr'><strong>et</strong></span> <span class='ocrx_word' id='word_1_497' title='bbox 1325 3755 1495 3843; x_wconf 84' lang='lat' dir='ltr'><strong>affirmat,</strong></span> <span class='ocrx_word' id='word_1_498' title='bbox 1520 3767 1827 3850; x_wconf 88' lang='lat' dir='ltr'><strong>quaeotassiduis</strong></span> <span class='ocrx_word' id='word_1_499' title='bbox 1841 3771 2046 3864; x_wconf 88' lang='lat' dir='ltr'><strong>interpella·</strong></span> 
     </span>
     <span class='ocr_line' id='line_1_37' title="bbox 11 3853 2047 3970; baseline 0.02 -62"><span class='ocrx_word' id='word_1_500' title='bbox 11 3873 12 3908; x_wconf 61' lang='lat' dir='ltr'><strong>t</strong></span> <span class='ocrx_word' id='word_1_501' title='bbox 44 3857 205 3948; x_wconf 62' lang='lat' dir='ltr'><strong>uranei,</strong></span> <span class='ocrx_word' id='word_1_502' title='bbox 229 3871 352 3930; x_wconf 71' lang='lat' dir='ltr'><strong>umen</strong></span> <span class='ocrx_word' id='word_1_503' title='bbox 372 3855 452 3930; x_wconf 87' lang='lat' dir='ltr'><strong>vult</strong></span> <span class='ocrx_word' id='word_1_504' title='bbox 473 3878 552 3929; x_wconf 85' lang='lat' dir='ltr'><strong>eam</strong></span> <span class='ocrx_word' id='word_1_505' title='bbox 572 3879 711 3928; x_wconf 88' lang='lat' dir='ltr'><strong>servare</strong></span> <span class='ocrx_word' id='word_1_506' title='bbox 734 3853 847 3928; x_wconf 74' lang='lat' dir='ltr'><strong>Filius</strong></span> <span class='ocrx_word' id='word_1_507' title='bbox 862 3855 951 3947; x_wconf 88' lang='lat' dir='ltr'><strong>Dei,</strong></span> <span class='ocrx_word' id='word_1_508' title='bbox 976 3869 1012 3928; x_wconf 92' lang='lat' dir='ltr'><strong>et</strong></span> <span class='ocrx_word' id='word_1_509' title='bbox 1061 3855 1221 3929; x_wconf 91' lang='lat' dir='ltr'><strong>tionibus</strong></span> <span class='ocrx_word' id='word_1_510' title='bbox 1244 3870 1279 3931; x_wconf 92' lang='lat' dir='ltr'><strong>et</strong></span> <span class='ocrx_word' id='word_1_511' title='bbox 1303 3860 1456 3952; x_wconf 90' lang='lat' dir='ltr'><strong>quadam</strong></span> <span class='ocrx_word' id='word_1_512' title='bbox 1477 3860 1671 3950; x_wconf 84' lang='lat' dir='ltr'><strong>pertinacia</strong></span> <span class='ocrx_word' id='word_1_513' title='bbox 1695 3871 1836 3939; x_wconf 89' lang='lat' dir='ltr'><strong>tandem</strong></span> <span class='ocrx_word' id='word_1_514' title='bbox 1865 3887 2047 3970; x_wconf 80' lang='lat' dir='ltr'><strong>extorquet</strong></span> 
     </span>
     <span class='ocr_line' id='line_1_38' title="bbox 11 3939 2045 4066; baseline 0.014 -46"><span class='ocrx_word' id='word_1_515' title='bbox 11 3939 12 4006; x_wconf 48' lang='lat' dir='ltr'><strong>l</strong></span> <span class='ocrx_word' id='word_1_516' title='bbox 44 3971 207 4049; x_wconf 89' lang='lat' dir='ltr'><strong>propterea</strong></span> <span class='ocrx_word' id='word_1_517' title='bbox 223 3957 363 4052; x_wconf 87' lang='lat' dir='ltr'><strong>mitigat</strong></span> <span class='ocrx_word' id='word_1_518' title='bbox 376 3981 510 4052; x_wconf 87' lang='lat' dir='ltr'><strong>poenas</strong></span> <span class='ocrx_word' id='word_1_519' title='bbox 529 3971 565 4032; x_wconf 91' lang='lat' dir='ltr'><strong>et</strong></span> <span class='ocrx_word' id='word_1_520' title='bbox 581 3981 768 4032; x_wconf 84' lang='lat' dir='ltr'><strong>aerumnas</strong></span> <span class='ocrx_word' id='word_1_521' title='bbox 785 3954 892 4031; x_wconf 88' lang='lat' dir='ltr'><strong>huius</strong></span> <span class='ocrx_word' id='word_1_522' title='bbox 906 3959 1011 4046; x_wconf 89' lang='lat' dir='ltr'><strong>vitae,</strong></span> <span class='ocrx_word' id='word_1_523' title='bbox 1060 3957 1252 4048; x_wconf 86' lang='lat' dir='ltr'><strong>auxilium,</strong></span> <span class='ocrx_word' id='word_1_524' title='bbox 1282 3958 1331 4030; x_wconf 88' lang='lat' dir='ltr'><strong>ita</strong></span> <span class='ocrx_word' id='word_1_525' title='bbox 1355 3971 1390 4030; x_wconf 91' lang='lat' dir='ltr'><strong>et</strong></span> <span class='ocrx_word' id='word_1_526' title='bbox 1411 3982 1478 4030; x_wconf 86' lang='lat' dir='ltr'><strong>uos</strong></span> <span class='ocrx_word' id='word_1_527' title='bbox 1499 3959 1597 4033; x_wconf 90' lang='lat' dir='ltr'><strong>iubet</strong></span> <span class='ocrx_word' id='word_1_528' title='bbox 1618 3967 1846 4061; x_wconf 86' lang='lat' dir='ltr'><strong>pertinaciter</strong></span> <span class='ocrx_word' id='word_1_529' title='bbox 1869 3987 1986 4066; x_wconf 89' lang='lat' dir='ltr'><strong>petere</strong></span> <span class='ocrx_word' id='word_1_530' title='bbox 2010 3995 2045 4054; x_wconf 90' lang='lat' dir='ltr'><strong>et</strong></span> 
     </span>
     <span class='ocr_line' id='line_1_39' title="bbox 11 4053 1786 4155; baseline 0.01 -35"><span class='ocrx_word' id='word_1_531' title='bbox 11 4059 12 4076; x_wconf 66' lang='lat'>¹</span> <span class='ocrx_word' id='word_1_532' title='bbox 45 4053 115 4130; x_wconf 88' lang='lat' dir='ltr'><strong>dans</strong></span> <span class='ocrx_word' id='word_1_533' title='bbox 133 4055 286 4155; x_wconf 90' lang='lat' dir='ltr'><strong>hospitia</strong></span> <span class='ocrx_word' id='word_1_534' title='bbox 301 4073 338 4134; x_wconf 88' lang='lat' dir='ltr'><strong>et</strong></span> <span class='ocrx_word' id='word_1_535' title='bbox 352 4060 486 4132; x_wconf 89' lang='lat' dir='ltr'><strong>victum</strong></span> <span class='ocrx_word' id='word_1_536' title='bbox 502 4060 753 4148; x_wconf 88' lang='lat' dir='ltr'><strong>necessarium,</strong></span> <span class='ocrx_word' id='word_1_537' title='bbox 772 4072 808 4133; x_wconf 93' lang='lat' dir='ltr'><strong>et</strong></span> <span class='ocrx_word' id='word_1_538' title='bbox 823 4061 1010 4133; x_wconf 88' lang='lat' dir='ltr'><strong>necessitas</strong></span> <span class='ocrx_word' id='word_1_539' title='bbox 1061 4083 1201 4153; x_wconf 91' lang='lat' dir='ltr'><strong>sperare</strong></span> <span class='ocrx_word' id='word_1_540' title='bbox 1216 4061 1308 4132; x_wconf 91' lang='lat' dir='ltr'><strong>bona</strong></span> <span class='ocrx_word' id='word_1_541' title='bbox 1322 4072 1468 4132; x_wconf 88' lang='lat' dir='ltr'><strong>aeterua</strong></span> <span class='ocrx_word' id='word_1_542' title='bbox 1481 4071 1516 4130; x_wconf 88' lang='lat' dir='ltr'><strong>et</strong></span> <span class='ocrx_word' id='word_1_543' title='bbox 1530 4066 1738 4155; x_wconf 88' lang='lat' dir='ltr'><strong>corporalia.</strong></span> <span class='ocrx_word' id='word_1_544' title='bbox 1779 4131 1786 4138; x_wconf 83' lang='lat'><strong>.</strong></span> 
     </span>
    </p>

    <p class='ocr_par' dir='ltr' id='par_1_11' title="bbox 45 4147 2155 5294">
     <span class='ocr_line' id='line_1_40' title="bbox 45 4147 2155 4264; baseline 0.016 -39"><span class='ocrx_word' id='word_1_545' title='bbox 45 4147 154 4232; x_wconf 90' lang='lat' dir='ltr'><strong>horum</strong></span> <span class='ocrx_word' id='word_1_546' title='bbox 170 4161 516 4234; x_wconf 80' lang='lat' dir='ltr'><strong>bonorumevidens</strong></span> <span class='ocrx_word' id='word_1_547' title='bbox 537 4186 578 4234; x_wconf 88' lang='lat' dir='ltr'><strong>ac</strong></span> <span class='ocrx_word' id='word_1_548' title='bbox 600 4159 786 4235; x_wconf 78' lang='lat' dir='ltr'><strong>manifesta</strong></span> <span class='ocrx_word' id='word_1_549' title='bbox 806 4175 870 4240; x_wconf 87' lang='lat' dir='ltr'><strong>est.</strong></span> <span class='ocrx_word' id='word_1_550' title='bbox 919 4159 1010 4234; x_wconf 88' lang='lat' dir='ltr'><strong>Nam</strong></span> <span class='ocrx_word' id='word_1_551' title='bbox 1161 4161 1265 4233; x_wconf 86' lang='lat' dir='ltr'><strong>Hanc</strong></span> <span class='ocrx_word' id='word_1_552' title='bbox 1282 4162 1654 4252; x_wconf 83' lang='lat' dir='ltr'><strong>commonefactionem</strong></span> <span class='ocrx_word' id='word_1_553' title='bbox 1676 4170 1720 4240; x_wconf 91' lang='lat' dir='ltr'><strong>de</strong></span> <span class='ocrx_word' id='word_1_554' title='bbox 1740 4178 1916 4264; x_wconf 88' lang='lat' dir='ltr'><strong>praesenti</strong></span> <span class='ocrx_word' id='word_1_555' title='bbox 1935 4182 2045 4255; x_wconf 89' lang='lat' dir='ltr'><strong>mira·</strong></span> <span class='ocrx_word' id='word_1_556' title='bbox 2148 4193 2155 4200; x_wconf 84' lang='grc'><em>“</em></span> 
     </span>
     <span class='ocr_line' id='line_1_41' title="bbox 46 4253 2044 4366; baseline 0.02 -41"><span class='ocrx_word' id='word_1_557' title='bbox 46 4253 335 4352; x_wconf 86' lang='lat' dir='ltr'><strong>inprocreatione</strong></span> <span class='ocrx_word' id='word_1_558' title='bbox 353 4276 389 4337; x_wconf 92' lang='lat' dir='ltr'><strong>et</strong></span> <span class='ocrx_word' id='word_1_559' title='bbox 413 4263 623 4336; x_wconf 87' lang='lat' dir='ltr'><strong>educatione</strong></span> <span class='ocrx_word' id='word_1_560' title='bbox 648 4262 845 4336; x_wconf 89' lang='lat' dir='ltr'><strong>liberorum</strong></span> <span class='ocrx_word' id='word_1_561' title='bbox 870 4287 1011 4336; x_wconf 89' lang='lat' dir='ltr'><strong>necesse</strong></span> <span class='ocrx_word' id='word_1_562' title='bbox 1061 4263 1161 4346; x_wconf 73' lang='lat' dir='ltr'><strong>culo,</strong></span> <span class='ocrx_word' id='word_1_563' title='bbox 1192 4263 1298 4336; x_wconf 90' lang='lat' dir='ltr'><strong>etiam</strong></span> <span class='ocrx_word' id='word_1_564' title='bbox 1318 4263 1358 4334; x_wconf 69' lang='lat'><strong>311</strong></span> <span class='ocrx_word' id='word_1_565' title='bbox 1386 4264 1529 4338; x_wconf 65' lang='lat' dir='ltr'><strong>caeteris</strong></span> <span class='ocrx_word' id='word_1_566' title='bbox 1558 4269 1709 4348; x_wconf 68' lang='lat' dir='ltr'><strong>subinde</strong></span> <span class='ocrx_word' id='word_1_567' title='bbox 1729 4273 1788 4366; x_wconf 69' lang='lat' dir='ltr'><strong>pla</strong></span> <span class='ocrx_word' id='word_1_568' title='bbox 1812 4281 2044 4358; x_wconf 73' lang='lat' dir='ltr'><strong>meditatione</strong></span> 
     </span>
     <span class='ocr_line' id='line_1_42' title="bbox 45 4361 2044 4463; baseline 0.015 -31"><span class='ocrx_word' id='word_1_569' title='bbox 45 4371 85 4430; x_wconf 78' lang='lat' dir='ltr'><strong>est</strong></span> <span class='ocrx_word' id='word_1_570' title='bbox 106 4364 243 4462; x_wconf 91' lang='lat' dir='ltr'><strong>aliquos</strong></span> <span class='ocrx_word' id='word_1_571' title='bbox 281 4387 355 4436; x_wconf 91' lang='lat' dir='ltr'><strong>esse</strong></span> <span class='ocrx_word' id='word_1_572' title='bbox 386 4361 532 4438; x_wconf 89' lang='lat' dir='ltr'><strong>nidulos</strong></span> <span class='ocrx_word' id='word_1_573' title='bbox 564 4365 835 4453; x_wconf 86' lang='lat' dir='ltr'><strong>convenientes,</strong></span> <span class='ocrx_word' id='word_1_574' title='bbox 876 4379 912 4439; x_wconf 92' lang='lat' dir='ltr'><strong>et</strong></span> <span class='ocrx_word' id='word_1_575' title='bbox 942 4367 1011 4436; x_wconf 84' lang='lat' dir='ltr'><strong>alia</strong></span> <span class='ocrx_word' id='word_1_576' title='bbox 1061 4365 1227 4461; x_wconf 90' lang='lat' dir='ltr'><strong>prosequi</strong></span> <span class='ocrx_word' id='word_1_577' title='bbox 1244 4389 1306 4435; x_wconf 89' lang='lat' dir='ltr'><strong>vos</strong></span> <span class='ocrx_word' id='word_1_578' title='bbox 1323 4367 1442 4452; x_wconf 88' lang='lat' dir='ltr'><strong>decet,</strong></span> <span class='ocrx_word' id='word_1_579' title='bbox 1464 4367 1564 4440; x_wconf 88' lang='lat' dir='ltr'><strong>utsit</strong></span> <span class='ocrx_word' id='word_1_580' title='bbox 1585 4373 1821 4463; x_wconf 90' lang='lat' dir='ltr'><strong>poenitentiae</strong></span> <span class='ocrx_word' id='word_1_581' title='bbox 1844 4394 1878 4451; x_wconf 92' lang='lat' dir='ltr'><strong>et</strong></span> <span class='ocrx_word' id='word_1_582' title='bbox 1897 4384 2044 4460; x_wconf 89' lang='lat' dir='ltr'><strong>invoca-</strong></span> 
     </span>
     <span class='ocr_line' id='line_1_43' title="bbox 45 4459 2151 4560; baseline 0.018 -32"><span class='ocrx_word' id='word_1_583' title='bbox 45 4459 228 4538; x_wconf 86' lang='lat' dir='ltr'><strong>adinmenta</strong></span> <span class='ocrx_word' id='word_1_584' title='bbox 251 4466 464 4554; x_wconf 86' lang='lat' dir='ltr'><strong>mediocria,</strong></span> <span class='ocrx_word' id='word_1_585' title='bbox 488 4480 528 4539; x_wconf 91' lang='lat' dir='ltr'><strong>nt</strong></span> <span class='ocrx_word' id='word_1_586' title='bbox 548 4467 709 4538; x_wconf 85' lang='lat' dir='ltr'><strong>ridemus</strong></span> <span class='ocrx_word' id='word_1_587' title='bbox 734 4467 839 4541; x_wconf 89' lang='lat' dir='ltr'><strong>etiam</strong></span> <span class='ocrx_word' id='word_1_588' title='bbox 864 4467 1012 4540; x_wconf 88' lang='lat' dir='ltr'><strong>aviculis</strong></span> <span class='ocrx_word' id='word_1_589' title='bbox 1061 4467 1170 4539; x_wconf 90' lang='lat' dir='ltr'><strong>tionis</strong></span> <span class='ocrx_word' id='word_1_590' title='bbox 1188 4466 1404 4548; x_wconf 82' lang='lat' dir='ltr'><strong>exercitium.</strong></span> <span class='ocrx_word' id='word_1_591' title='bbox 1453 4465 1545 4540; x_wconf 89' lang='lat' dir='ltr'><strong>Nam</strong></span> <span class='ocrx_word' id='word_1_592' title='bbox 1558 4485 1592 4543; x_wconf 94' lang='lat' dir='ltr'><strong>et</strong></span> <span class='ocrx_word' id='word_1_593' title='bbox 1608 4486 1641 4544; x_wconf 94' lang='lat' dir='ltr'><strong>te</strong></span> <span class='ocrx_word' id='word_1_594' title='bbox 1656 4475 1877 4551; x_wconf 85' lang='lat' dir='ltr'><strong>invocantem</strong></span> <span class='ocrx_word' id='word_1_595' title='bbox 1895 4500 1929 4556; x_wconf 89' lang='lat' dir='ltr'><strong>et</strong></span> <span class='ocrx_word' id='word_1_596' title='bbox 1944 4513 2042 4560; x_wconf 85' lang='lat' dir='ltr'><strong>acce·</strong></span> <span class='ocrx_word' id='word_1_597' title='bbox 2147 4513 2151 4518; x_wconf 83' lang='lat'>·</span> 
     </span>
     <span class='ocr_line' id='line_1_44' title="bbox 46 4563 2042 4670; baseline 0.027 -60"><span class='ocrx_word' id='word_1_598' title='bbox 46 4581 112 4634; x_wconf 49' lang='grc' dir='ltr'><strong>δυο,</strong></span> <span class='ocrx_word' id='word_1_599' title='bbox 130 4567 275 4641; x_wconf 61' lang='lat' dir='ltr'><strong>nidulo,</strong></span> <span class='ocrx_word' id='word_1_600' title='bbox 297 4568 512 4640; x_wconf 57' lang='lat' dir='ltr'><strong>„emmim</strong></span> <span class='ocrx_word' id='word_1_601' title='bbox 533 4591 623 4640; x_wconf 65' lang='lat' dir='ltr'><strong>esse:</strong></span> <span class='ocrx_word' id='word_1_602' title='bbox 654 4581 775 4662; x_wconf 83' lang='lat' dir='ltr'><strong>postea</strong></span> <span class='ocrx_word' id='word_1_603' title='bbox 797 4584 838 4642; x_wconf 88' lang='lat' dir='ltr'><strong>ut</strong></span> <span class='ocrx_word' id='word_1_604' title='bbox 860 4563 1011 4670; x_wconf 86' lang='lat' dir='ltr'><strong>provehi</strong></span> <span class='ocrx_word' id='word_1_605' title='bbox 1061 4570 1203 4642; x_wconf 89' lang='lat' dir='ltr'><strong>dentem</strong></span> <span class='ocrx_word' id='word_1_606' title='bbox 1228 4569 1316 4655; x_wconf 87' lang='lat' dir='ltr'><strong>fide,</strong></span> <span class='ocrx_word' id='word_1_607' title='bbox 1347 4569 1469 4640; x_wconf 86' lang='lat' dir='ltr'><strong>eadem</strong></span> <span class='ocrx_word' id='word_1_608' title='bbox 1494 4570 1711 4665; x_wconf 89' lang='lat' dir='ltr'><strong>benignitate</strong></span> <span class='ocrx_word' id='word_1_609' title='bbox 1732 4575 1829 4652; x_wconf 86' lang='lat' dir='ltr'><strong>Deus</strong></span> <span class='ocrx_word' id='word_1_610' title='bbox 1856 4589 2042 4664; x_wconf 87' lang='lat' dir='ltr'><strong>auditurus</strong></span> 
     </span>
     <span class='ocr_line' id='line_1_45' title="bbox 46 4657 2043 4785; baseline 0.016 -52"><span class='ocrx_word' id='word_1_611' title='bbox 46 4657 149 4739; x_wconf 82' lang='lat' dir='ltr'><strong>idonei</strong></span> <span class='ocrx_word' id='word_1_612' title='bbox 168 4666 332 4748; x_wconf 88' lang='lat' dir='ltr'><strong>homines</strong></span> <span class='ocrx_word' id='word_1_613' title='bbox 355 4671 402 4741; x_wconf 90' lang='lat' dir='ltr'><strong>ad</strong></span> <span class='ocrx_word' id='word_1_614' title='bbox 422 4671 622 4742; x_wconf 90' lang='lat' dir='ltr'><strong>docendum</strong></span> <span class='ocrx_word' id='word_1_615' title='bbox 645 4669 802 4764; x_wconf 89' lang='lat' dir='ltr'><strong>possint,</strong></span> <span class='ocrx_word' id='word_1_616' title='bbox 836 4672 1015 4773; x_wconf 50' lang='lat' dir='ltr'><strong>plurimo·x</strong></span> <span class='ocrx_word' id='word_1_617' title='bbox 1061 4686 1129 4756; x_wconf 91' lang='lat' dir='ltr'><strong>eat,</strong></span> <span class='ocrx_word' id='word_1_618' title='bbox 1155 4696 1224 4766; x_wconf 92' lang='lat' dir='ltr'><strong>qua</strong></span> <span class='ocrx_word' id='word_1_619' title='bbox 1240 4670 1316 4742; x_wconf 89' lang='lat' dir='ltr'><strong>istis</strong></span> <span class='ocrx_word' id='word_1_620' title='bbox 1333 4671 1580 4746; x_wconf 87' lang='lat' dir='ltr'><strong>invocantibus</strong></span> <span class='ocrx_word' id='word_1_621' title='bbox 1602 4700 1705 4770; x_wconf 90' lang='lat' dir='ltr'><strong>opem</strong></span> <span class='ocrx_word' id='word_1_622' title='bbox 1728 4681 1821 4760; x_wconf 90' lang='lat' dir='ltr'><strong>tulit.</strong></span> <span class='ocrx_word' id='word_1_623' title='bbox 1871 4687 2043 4785; x_wconf 84' lang='lat' dir='ltr'><strong>Aequalis</strong></span> 
     </span>
     <span class='ocr_line' id='line_1_46' title="bbox 48 4769 2043 4870; baseline 0.027 -38"><span class='ocrx_word' id='word_1_624' title='bbox 48 4782 112 4836; x_wconf 87' lang='lat' dir='ltr'><strong>mm</strong></span> <span class='ocrx_word' id='word_1_625' title='bbox 126 4793 210 4842; x_wconf 87' lang='lat' dir='ltr'><strong>usus</strong></span> <span class='ocrx_word' id='word_1_626' title='bbox 226 4784 332 4865; x_wconf 88' lang='lat' dir='ltr'><strong>atque</strong></span> <span class='ocrx_word' id='word_1_627' title='bbox 344 4795 474 4866; x_wconf 90' lang='lat' dir='ltr'><strong>operae</strong></span> <span class='ocrx_word' id='word_1_628' title='bbox 488 4773 732 4868; x_wconf 86' lang='lat' dir='ltr'><strong>requiruntur.</strong></span> <span class='ocrx_word' id='word_1_629' title='bbox 784 4771 935 4863; x_wconf 86' lang='lat' dir='ltr'><strong>Propter</strong></span> <span class='ocrx_word' id='word_1_630' title='bbox 948 4769 1010 4843; x_wconf 86' lang='lat' dir='ltr'><strong>has</strong></span> <span class='ocrx_word' id='word_1_631' title='bbox 1061 4788 1112 4845; x_wconf 91' lang='lat' dir='ltr'><strong>est</strong></span> <span class='ocrx_word' id='word_1_632' title='bbox 1125 4771 1224 4850; x_wconf 86' lang='lat' dir='ltr'><strong>Deus</strong></span> <span class='ocrx_word' id='word_1_633' title='bbox 1244 4793 1323 4861; x_wconf 59' lang='lat'><strong>&amp;8⁸</strong></span> <span class='ocrx_word' id='word_1_634' title='bbox 1347 4795 1486 4862; x_wconf 69' lang='lat' dir='ltr'><strong>⁰m¹¹²⁸a</strong></span> <span class='ocrx_word' id='word_1_635' title='bbox 1518 4777 1580 4870; x_wconf 68' lang='lat' dir='ltr'><strong>(lui</strong></span> <span class='ocrx_word' id='word_1_636' title='bbox 1604 4792 1638 4852; x_wconf 65' lang='lat'><strong>0²</strong></span> <span class='ocrx_word' id='word_1_637' title='bbox 1660 4795 1814 4855; x_wconf 59' lang='lat' dir='ltr'><strong>‘mem‘</strong></span> <span class='ocrx_word' id='word_1_638' title='bbox 1834 4805 1945 4862; x_wconf 52' lang='grc' dir='ltr'><strong>νοω·</strong></span> <span class='ocrx_word' id='word_1_639' title='bbox 1993 4791 2043 4867; x_wconf 69' lang='lat' dir='ltr'><strong>El</strong></span> 
     </span>
     <span class='ocr_line' id='line_1_47' title="bbox 47 4871 2043 4973; baseline 0.016 -38"><span class='ocrx_word' id='word_1_640' title='bbox 47 4877 74 4936; x_wconf 89' lang='lat' dir='ltr'><strong>et</strong></span> <span class='ocrx_word' id='word_1_641' title='bbox 91 4873 215 4944; x_wconf 85' lang='lat' dir='ltr'><strong>multas</strong></span> <span class='ocrx_word' id='word_1_642' title='bbox 242 4873 330 4945; x_wconf 90' lang='lat' dir='ltr'><strong>alias</strong></span> <span class='ocrx_word' id='word_1_643' title='bbox 356 4875 489 4945; x_wconf 88' lang='lat' dir='ltr'><strong>similes</strong></span> <span class='ocrx_word' id='word_1_644' title='bbox 516 4897 656 4958; x_wconf 88' lang='lat' dir='ltr'><strong>causas,</strong></span> <span class='ocrx_word' id='word_1_645' title='bbox 688 4876 767 4948; x_wconf 84' lang='lat' dir='ltr'><strong>vult</strong></span> <span class='ocrx_word' id='word_1_646' title='bbox 788 4872 884 4947; x_wconf 88' lang='lat' dir='ltr'><strong>Deus</strong></span> <span class='ocrx_word' id='word_1_647' title='bbox 903 4874 1010 4963; x_wconf 84' lang='lat' dir='ltr'><strong>etiam</strong></span> <span class='ocrx_word' id='word_1_648' title='bbox 1060 4871 1153 4954; x_wconf 87' lang='lat' dir='ltr'><strong>hauc</strong></span> <span class='ocrx_word' id='word_1_649' title='bbox 1167 4876 1277 4968; x_wconf 89' lang='lat' dir='ltr'><strong>ipsam</strong></span> <span class='ocrx_word' id='word_1_650' title='bbox 1291 4875 1338 4946; x_wconf 93' lang='lat' dir='ltr'><strong>ob</strong></span> <span class='ocrx_word' id='word_1_651' title='bbox 1351 4899 1491 4948; x_wconf 88' lang='lat' dir='ltr'><strong>causam</strong></span> <span class='ocrx_word' id='word_1_652' title='bbox 1507 4875 1634 4952; x_wconf 89' lang='lat' dir='ltr'><strong>invitat</strong></span> <span class='ocrx_word' id='word_1_653' title='bbox 1648 4906 1688 4954; x_wconf 90' lang='lat' dir='ltr'><strong>ac</strong></span> <span class='ocrx_word' id='word_1_654' title='bbox 1703 4900 1816 4973; x_wconf 89' lang='lat' dir='ltr'><strong>vocat,</strong></span> <span class='ocrx_word' id='word_1_655' title='bbox 1833 4895 2043 4968; x_wconf 77' lang='lat' dir='ltr'><strong>aromatum</strong></span> 
     </span>
     <span class='ocr_line' id='line_1_48' title="bbox 50 4975 2042 5079; baseline 0.02 -47"><span class='ocrx_word' id='word_1_656' title='bbox 50 4985 220 5062; x_wconf 86' lang='lat' dir='ltr'><strong>corporum</strong></span> <span class='ocrx_word' id='word_1_657' title='bbox 235 4975 329 5046; x_wconf 92' lang='lat' dir='ltr'><strong>bona</strong></span> <span class='ocrx_word' id='word_1_658' title='bbox 345 4997 410 5048; x_wconf 90' lang='lat' dir='ltr'><strong>sno</strong></span> <span class='ocrx_word' id='word_1_659' title='bbox 420 4976 836 5068; x_wconf 88' lang='lat' dir='ltr'><strong>sapientissimoconailio</strong></span> <span class='ocrx_word' id='word_1_660' title='bbox 846 4976 1012 5063; x_wconf 89' lang='lat' dir='ltr'><strong>tribuere,</strong></span> <span class='ocrx_word' id='word_1_661' title='bbox 1061 4977 1289 5062; x_wconf 87' lang='lat' dir='ltr'><strong>misereatur,</strong></span> <span class='ocrx_word' id='word_1_662' title='bbox 1329 4977 1392 5073; x_wconf 90' lang='lat' dir='ltr'><strong>qui</strong></span> <span class='ocrx_word' id='word_1_663' title='bbox 1413 4979 1482 5048; x_wconf 89' lang='lat' dir='ltr'><strong>lide</strong></span> <span class='ocrx_word' id='word_1_664' title='bbox 1505 4980 1549 5048; x_wconf 93' lang='lat' dir='ltr'><strong>ad</strong></span> <span class='ocrx_word' id='word_1_665' title='bbox 1578 4981 1694 5074; x_wconf 83' lang='lat' dir='ltr'><strong>ipsum</strong></span> <span class='ocrx_word' id='word_1_666' title='bbox 1718 4989 1938 5079; x_wconf 83' lang='lat' dir='ltr'><strong>confugiunt.</strong></span> <span class='ocrx_word' id='word_1_667' title='bbox 1987 5000 2042 5070; x_wconf 86' lang='lat' dir='ltr'><strong>Ac</strong></span> 
     </span>
     <span class='ocr_line' id='line_1_49' title="bbox 49 5067 2042 5182; baseline 0.021 -53"><span class='ocrx_word' id='word_1_668' title='bbox 49 5079 82 5136; x_wconf 86' lang='lat' dir='ltr'><strong>ut</strong></span> <span class='ocrx_word' id='word_1_669' title='bbox 98 5073 210 5146; x_wconf 68' lang='lat' dir='ltr'><strong>vivere</strong></span> <span class='ocrx_word' id='word_1_670' title='bbox 238 5069 401 5149; x_wconf 73' lang='lat' dir='ltr'><strong>homines</strong></span> <span class='ocrx_word' id='word_1_671' title='bbox 423 5067 576 5170; x_wconf 75' lang='lat' dir='ltr'><strong>possint,</strong></span> <span class='ocrx_word' id='word_1_672' title='bbox 607 5080 669 5175; x_wconf 90' lang='lat' dir='ltr'><strong>qui</strong></span> <span class='ocrx_word' id='word_1_673' title='bbox 693 5081 855 5150; x_wconf 89' lang='lat' dir='ltr'><strong>docendo</strong></span> <span class='ocrx_word' id='word_1_674' title='bbox 877 5095 911 5151; x_wconf 91' lang='lat' dir='ltr'><strong>et</strong></span> <span class='ocrx_word' id='word_1_675' title='bbox 932 5079 1010 5148; x_wconf 91' lang='lat' dir='ltr'><strong>aliis</strong></span> <span class='ocrx_word' id='word_1_676' title='bbox 1061 5093 1238 5153; x_wconf 90' lang='lat' dir='ltr'><strong>memento</strong></span> <span class='ocrx_word' id='word_1_677' title='bbox 1261 5079 1480 5152; x_wconf 84' lang='lat' dir='ltr'><strong>vocationem</strong></span> <span class='ocrx_word' id='word_1_678' title='bbox 1504 5081 1739 5158; x_wconf 88' lang='lat' dir='ltr'><strong>universalem</strong></span> <span class='ocrx_word' id='word_1_679' title='bbox 1763 5094 1978 5182; x_wconf 88' lang='lat' dir='ltr'><strong>propositam</strong></span> <span class='ocrx_word' id='word_1_680' title='bbox 2003 5101 2042 5171; x_wconf 84' lang='lat' dir='ltr'><strong>iu</strong></span> 
     </span>
     <span class='ocr_line' id='line_1_50' title="bbox 49 5163 2042 5294; baseline 0.018 -56"><span class='ocrx_word' id='word_1_681' title='bbox 49 5163 214 5248; x_wconf 85' lang='lat' dir='ltr'><strong>laboribus</strong></span> <span class='ocrx_word' id='word_1_682' title='bbox 241 5180 362 5270; x_wconf 87' lang='lat' dir='ltr'><strong>generi</strong></span> <span class='ocrx_word' id='word_1_683' title='bbox 390 5175 548 5252; x_wconf 90' lang='lat' dir='ltr'><strong>humano</strong></span> <span class='ocrx_word' id='word_1_684' title='bbox 579 5196 619 5254; x_wconf 83' lang='lat' dir='ltr'><strong>et</strong></span> <span class='ocrx_word' id='word_1_685' title='bbox 647 5182 811 5273; x_wconf 90' lang='lat' dir='ltr'><strong>lnprimis</strong></span> <span class='ocrx_word' id='word_1_686' title='bbox 835 5177 1037 5252; x_wconf 80' lang='lat' dir='ltr'><strong>Ecclesiae·</strong></span> <span class='ocrx_word' id='word_1_687' title='bbox 1061 5179 1391 5254; x_wconf 87' lang='lat' dir='ltr'><strong>dictodnlcissimo:</strong></span> <span class='ocrx_word' id='word_1_688' title='bbox 1420 5179 1547 5256; x_wconf 90' lang='lat' dir='ltr'><strong>Venite</strong></span> <span class='ocrx_word' id='word_1_689' title='bbox 1564 5188 1608 5256; x_wconf 90' lang='lat' dir='ltr'><strong>ad</strong></span> <span class='ocrx_word' id='word_1_690' title='bbox 1623 5211 1680 5257; x_wconf 94' lang='lat' dir='ltr'><strong>me</strong></span> <span class='ocrx_word' id='word_1_691' title='bbox 1693 5213 1833 5276; x_wconf 84' lang='lat' dir='ltr'><strong>omnes,</strong></span> <span class='ocrx_word' id='word_1_692' title='bbox 1858 5199 1920 5294; x_wconf 91' lang='lat' dir='ltr'><strong>qui</strong></span> <span class='ocrx_word' id='word_1_693' title='bbox 1940 5199 2042 5272; x_wconf 86' lang='lat' dir='ltr'><strong>labo·</strong></span> 
     </span>
    </p>
   </div>
   <div class='ocr_carea' id='block_1_9' title="bbox 49 5275 1819 5486">
    <p class='ocr_par' dir='ltr' id='par_1_12' title="bbox 49 5275 1819 5486">
     <span class='ocr_line' id='line_1_51' title="bbox 49 5275 1819 5380; baseline 0.015 -43"><span class='ocrx_word' id='word_1_694' title='bbox 49 5275 199 5351; x_wconf 82' lang='lat' dir='ltr'><strong>serviant.</strong></span> <span class='ocrx_word' id='word_1_695' title='bbox 252 5279 301 5354; x_wconf 89' lang='lat' dir='ltr'><strong>Et</strong></span> <span class='ocrx_word' id='word_1_696' title='bbox 321 5281 436 5374; x_wconf 88' lang='lat' dir='ltr'><strong>imago</strong></span> <span class='ocrx_word' id='word_1_697' title='bbox 461 5275 591 5358; x_wconf 89' lang='lat' dir='ltr'><strong>horum</strong></span> <span class='ocrx_word' id='word_1_698' title='bbox 614 5283 776 5356; x_wconf 89' lang='lat' dir='ltr'><strong>omniurn</strong></span> <span class='ocrx_word' id='word_1_699' title='bbox 792 5283 1010 5380; x_wconf 85' lang='lat' dir='ltr'><strong>pulcerrima</strong></span> <span class='ocrx_word' id='word_1_700' title='bbox 1061 5283 1148 5354; x_wconf 89' lang='lat' dir='ltr'><strong>ratis</strong></span> <span class='ocrx_word' id='word_1_701' title='bbox 1164 5296 1199 5354; x_wconf 88' lang='lat' dir='ltr'><strong>et</strong></span> <span class='ocrx_word' id='word_1_702' title='bbox 1214 5282 1355 5355; x_wconf 83' lang='lat' dir='ltr'><strong>onerati</strong></span> <span class='ocrx_word' id='word_1_703' title='bbox 1370 5281 1470 5366; x_wconf 89' lang='lat' dir='ltr'><strong>catis,</strong></span> <span class='ocrx_word' id='word_1_704' title='bbox 1496 5307 1560 5376; x_wconf 85' lang='lat' dir='ltr'><strong>ego</strong></span> <span class='ocrx_word' id='word_1_705' title='bbox 1576 5285 1730 5360; x_wconf 81' lang='lat' dir='ltr'><strong>reficiam</strong></span> <span class='ocrx_word' id='word_1_706' title='bbox 1746 5315 1819 5364; x_wconf 88' lang='lat' dir='ltr'><strong>vos.</strong></span> 
     </span>
     <span class='ocr_line' id='line_1_52' title="bbox 90 5377 1571 5486; baseline 0.015 -38"><span class='ocrx_word' id='word_1_707' title='bbox 90 5377 261 5476; x_wconf 62' lang='lat' dir='ltr'><strong>haaren.</strong></span> <span class='ocrx_word' id='word_1_708' title='bbox 277 5387 384 5457; x_wconf 77' lang='lat' dir='ltr'><strong>Orsa.</strong></span> <span class='ocrx_word' id='word_1_709' title='bbox 410 5381 497 5460; x_wconf 80' lang='lat' dir='ltr'><strong>Vas.</strong></span> <span class='ocrx_word' id='word_1_710' title='bbox 513 5388 608 5456; x_wconf 79' lang='lat' dir='ltr'><strong>XIV.</strong></span> <span class='ocrx_word' id='word_1_711' title='bbox 637 5477 640 5486; x_wconf 68' lang='lat'><strong>,</strong></span> <span class='ocrx_word' id='word_1_712' title='bbox 889 5475 894 5484; x_wconf 76' lang='lat'><em>.</em></span> <span class='ocrx_word' id='word_1_713' title='bbox 1455 5449 1461 5460; x_wconf 75' lang='grc'><em>.</em></span> <span class='ocrx_word' id='word_1_714' title='bbox 1490 5381 1542 5460; x_wconf 72' lang='lat'><strong>52</strong></span> <span class='ocrx_word' id='word_1_715' title='bbox 1568 5457 1571 5470; x_wconf 38' lang='lat' dir='ltr'><strong>i</strong></span> 
     </span>
    </p>
   </div>
   <div class='ocr_carea' id='block_1_10' title="bbox 0 0 2300 5808">
    <p class='ocr_par' dir='ltr' id='par_1_13' title="bbox 0 0 2300 5808">
     <span class='ocr_line' id='line_1_53' title="bbox 0 0 2300 5808; baseline 0 1"><span class='ocrx_word' id='word_1_716' title='bbox 0 0 2300 5808; x_wconf 95' lang='lat' dir='ltr'><strong> </strong></span> 
     </span>
    </p>
   </div>
  </div>
 </body>
</html>
