4622 5818
53 177 120 256 925
271 175 369 268 :nn
422 135 819 252 annornrronns
843 173 910 251 nr
936 171 1295 252 conciones-nc
1318 167 1504 254 ovano.
1531 178 1812 260 unornane
1981 187 2056 266 oso

52 366 112 434 est,
135 347 269 420 etiamsi
291 347 452 422 nondum
476 347 583 444 'capax
606 362 657 422 est
673 348 899 441 disciplinae,
925 350 1019 421 etde
1071 347 1273 421 cretionibus
1295 350 1421 422 vestris
1443 365 1477 425 et
1492 352 1560 424 lide
1575 367 1691 428 vestra
1705 379 1765 430 eos
1780 355 2058 432 Deocommen·

50 452 171 547 pueris,
202 451 263 545 qui
294 452 365 524 iam
396 465 480 524 sunt
507 476 649 544 capaces
677 452 897 544 disciplinae.
964 448 1018 522 De
1070 450 1166 525 dore.
1767 485 1777 502 f

49 555 190 646 ulfi-*lm
213 555 311 636 ‘³5⁶⁰’
342 571 532 646 Pflffllflm
556 555 712 626 ⁰ffi⁶51¹¹¹¹
737 577 828 639 ⁰⁵⁸²,
854 566 894 623 ¹1¹
916 552 1016 622 adst·
1170 567 1469 646 Teneatisautem
1484 575 1790 650 confirmationem
1807 575 2043 655 exhoctertn.

49 672 115 728 rant
150 669 316 750 utrosque
345 659 391 730 ad
415 653 615 740 Christum,
659 655 749 728 sicut
781 669 1016 748 utrorumque

49 775 126 832 aetas
141 758 339 850 permittit..
523 765 524 768 ’
1366 772 1484 829 Priore
1510 777 1754 834 confirmatio.

132 874 269 948 Primae
294 878 418 950 aetatis
451 878 606 948 inientes
636 878 799 948 adferant
828 879 871 946 ad
896 875 1016 967 bapti·
1169 873 1333 949 Christus
1348 877 1446 952 iubet
1460 881 1614 952 infantes
1629 888 1673 955 ad
1684 908 1721 955 se
1732 887 1863 974 afferri,
1889 887 2057 960 etclaris·
2085 869 2088 878 ¹

47 1003 163 1063 omnm,
188 992 222 1050 et
245 994 369 1052 curent
392 1003 452 1051 eos
475 981 550 1050 fieri
570 981 728 1050 membra
744 977 921 1050 Ecclesiae
937 974 1015 1047 Dei.
1065 977 1154 1048 sime
1168 979 1339 1066 alfirrnat,
1365 982 1460 1076 quod
1476 984 1600 1054 talium
1617 988 1664 1058 sit
1680 1012 1828 1078 regnum
1844 993 2036 1064 coelorum.

46 1083 123 1171 Quia
137 1077 193 1151 bic
207 1081 370 1169 discunt,
395 1105 476 1153 vere
492 1094 527 1154 et
540 1079 635 1153 ce'rto
657 1081 767 1174 recipi
793 1081 900 1152 etiam
928 1080 1015 1150 tales
1167 1093 1216 1168 Εῑ
1229 1121 1378 1188 regnum
1394 1102 1574 1173 coelorum
1589 1127 1663 1174 non
1675 1121 1726 1180 e„
1737 1131 1872 1192 eorum,
1899 1112 1961 1204 quq
1972 1123 2056 1182 sum

44 1185 177 1259 infantes
205 1206 226 1253 a
250 1181 340 1257 Deo.
399 1180 448 1255 Et
470 1181 587 1255 Deum
613 1182 723 1269 velle,
756 1197 798 1255 nt
819 1183 905 1255 tales
927 1182 1015 1254 fiant
1066 1211 1161 1271 exera
1178 1193 1385 1278 &claim

45 1287 181 1355 membra
195 1281 373 1356 Ecclesiae
389 1309 453 1379 per
467 1285 725 1370 ministerium,
744 1297 780 1355 et
795 1299 836 1355 nt
850 1285 1014 1354 adieran-

194 1386 243 1404 ,,
320 1388 328 1404 ,
463 1387 473 1405 ,
537 1387 545 1405 ,
796 1387 804 1403 ,
1165 1316 1264 1410 Ergo
1285 1345 1425 1393 neccsse
1448 1335 1500 1394 cst
1520 1346 1579 1396 eos
1601 1326 1709 1397 inseri
1726 1323 1904 1404 Ecclesiae
1928 1331 2055 1403 etheri

44 1389 141 1460 tnrad
156 1402 411 1474 mrnrsterrum,
438 1387 622 1472 videlicet,
646 1389 690 1456 ad
708 1388 935 1478 baptrsnrum.

1065 1443 1126 1492 eos
1141 1424 1302 1494 membra
1315 1418 1492 1497 Ecclesiae
1509 1451 1572 1519 per
1586 1429 1813 1520 baptismum.
1889 1476 1891 1492 ·

126 1515 170 1589 Et
187 1519 399 1608 parentibus·
410 1539 558 1608 magnae
573 1519 809 1589 consolationi
826 1519 890 1602 sit,
915 1520 1012 1612 qnod

45 1623 140 1694 sciunt
160 1616 253 1703 hanc
272 1634 419 1692 aetatem
439 1644 512 1690 esse
529 1616 716 1692 haeredem
732 1621 824 1692 vitae
840 1635 1012 1704 aeternae,
1339 1626 1509 1681 Secunda
1536 1630 1779 1686 continuatio.

44 1739 70 1796 et
90 1726 195 1793 sciunt
220 1722 318 1792 illam
335 1723 510 1792 infirmam
528 1736 675 1792 aetatem
693 1723 773 1794 Deo
790 1721 926 1814 plaeere
942 1734 975 1792 et
991 1749 1011 1792 a
1165 1724 1263 1798 Deus
1277 1729 1360 1802 lecit
1378 1727 1470 1805 banc
1485 1736 1788 1823 admonitionem,
1813 1751 1853 1810 ut
1871 1739 1958 1811 velit
1974 1753 2053 1812 tan-

43 1829 107 1898 Deo
127 1825 317 1909 custodiri,
344 1839 378 1896 et
400 1847 436 1893 se
460 1823 497 1892 in
523 1825 623 1894 cunis
649 1819 779 1895 habere
801 1823 895 1893 cives
911 1825 1011 1914 regni
1064 1840 1140 1900 tum
1162 1831 1298 1900 salvare
1316 1838 1513 1907 vocatosad
1529 1835 1743 1924 Ecclesiam,
1771 1863 1876 1934 snper
1890 1865 1979 1935 quos
1996 1843 2054 1910 in.

43 1927 188 1998 coelestis.
250 1926 373 1998 Sciant
397 1925 505 2012 igitur
530 1927 736 1997 mandatum
758 1923 825 1996 Dei
849 1948 938 2010 esse,
972 1940 1013 1996 ut
1063 1943 1225 2000 vocatum
1245 1947 1299 2003 est
1316 1957 1446 2006 nornen
1463 1939 1540 2011 filii.
1594 1939 1676 2010 ldeo
1693 1942 1796 2013 dicit:
1824 1939 1923 2032 Quos
1939 1945 2053 2035 elegit,

44 2032 97 2118 ipsi
125 2043 283 2121 parentes
311 2041 435 2100 curent
465 2050 547 2098 snos
579 2038 680 2098 natos
711 2027 844 2098 adferri
878 2029 921 2098 ad
947 2029 1010 2098 ba·
1062 2025 1128 2101 hos
1146 2046 1179 2102 et
1203 2035 1360 2120 vocavit,
1387 2036 1491 2110 Rom.
1509 2041 1544 2114 8.
1564 2039 1610 2112 Et
1636 2067 1810 2138 nusquam
1837 2046 1913 2114 vult
1929 2047 2051 2138 quaeri
2101 2031 2105 2040 ’

10 2219 11 2228 ¹
43 2133 200 2224 ptismnm.
1062 2133 1209 2216 eleetos,
1242 2136 1312 2204 nisi
1339 2137 1377 2206 in
1401 2156 1502 2212 coetu
1526 2157 1749 2228 vocatorum,
1782 2146 1880 2238 quod
1904 2171 2051 2232 magnae

127 2248 265 2320 Deinde
290 2260 471 2342 postquam
493 2247 1009 2338 aetasestcapaxdisciplinae,
1061 2237 1297 2306 consolationi
1328 2254 1396 2310 est:
1429 2241 1610 2338 Nusquam
1640 2259 1724 2316 sunt
1756 2247 1877 2330 electi,
1911 2248 1979 2318 nisi
2010 2251 2050 2318 in

44 2355 184 2424 enrdiant
207 2351 313 2421 etiarn
332 2373 411 2434 eos,
437 2351 526 2419 sicut
541 2347 673 2419 Paulus
689 2349 860 2440 praecipit
876 2345 1007 2440 Ephes.
1061 2351 1162 2407 coetu
1179 2355 1393 2414 vocatorum.
1444 2341 1493 2416 Ει
1510 2371 1648 2440 semper
1664 2349 1702 2418 in
1721 2363 1823 2420 coetu
1841 2365 2048 2420 vocatorum

43 2455 82 2526 h:
103 2454 254 2526 Educate
278 2465 379 2522 natos
400 2451 662 2542 indisciplina,
688 2465 722 2522 et
737 2452 898 2521 doctrine
915 2453 1008 2521 divi·
1060 2453 1143 2510 sunl
1157 2440 1268 2533 aliqui
1284 2443 1396 2519 electi.
1831 2477 1836 2489 ²

43 2582 86 2626 na.
131 2555 296 2626 Parentes
324 2553 428 2623 etiarn
461 2552 612 2622 assiduis
642 2553 1009 2644 precihuscommen-
1162 2559 1288 2652 Aliqui
1309 2562 1462 2635 infantes
1486 2567 1702 2654 suntelccti,
1728 2571 1812 2664 quia
1828 2586 1940 2643 textus
1957 2574 2048 2643 claro

43 2655 202 2729 dentlleo
227 2671 339 2725 natos.
391 2651 487 2725 Haec
510 2648 1008 2744 omnia=comprehenduntor
1059 2659 1162 2730 dicit:
1190 2659 1269 2731 Non
1293 2667 1680 2753 estvoluntasPatris,
1707 2679 2048 2766 otpereatunusde

43 2760 71 2828 in
86 2762 199 2832 verbo:
226 2757 375 2830 Adlerte
392 2770 494 2829 notos
511 2759 556 2827 ad
572 2751 769 2829 Christum.
1058 2763 1217 2853 parvulis
1233 2763 1320 2839 istis.
1553 2767 1556 2774 '

1160 2877 1255 2968 Ergo
1274 2904 1412 2952 necesse
1430 2898 1481 2957 est
1497 2910 1557 2958 eos
1572 2911 1634 2980 per
1651 2890 1905 2978 ministerium,
1929 2891 1965 2960 id
1986 2904 2047 2976 est,

325 2975 376 3028 θ’
399 2975 559 3027 ⁸⁰⁰⁰¹¹¹¹⁸
581 2976 693 3039 ΡΜ·
1058 3001 1122 3070 per
1137 2980 1349 3072 baptismum
1364 2984 1614 3062 lieri‘membra
1630 3007 1749 3066 coetus
1765 3009 1980 3066 vocatorum.

121 3085 221 3158 Scitis
246 3083 495 3173 Anabaptistas
518 3077 738 3158 horribiliter
760 3083 920 3153 turbasse
937 3079 1007 3154 Ec-

41 3185 177 3271 clesiam,
213 3187 376 3275 negando
399 3185 571 3275 baptisma
595 3185 784 3254 inlautum.
842 3182 891 3256 Et
914 3187 1007 3254 sece—
1355 3186 1486 3240 nertin
1508 3189 1751 3249 confirmatio.

41 3303 107 3358 runt
128 3290 296 3361 iniuriam
322 3287 421 3374 Deo,
447 3284 663 3372 insentibus,
687 3281 865 3357 Ecclesiae
885 3299 921 3358 et
943 3311 1005 3379 pa·
1159 3283 1353 3360 Promissio
1370 3292 1587 3365 remissionis
1603 3314 1823 3386 peccatorum
1841 3316 1874 3371 et
1890 3299 2046 3393 Spiritus

40 3392 190 3464 rentibus.
301 3449 305 3464 „
1057 3389 1191 3473 uncti,
1217 3405 1251 3460 et
1268 3387 1537 3466 vitae'aeternae
1552 3401 1702 3488 pertinet
1719 3406 1763 3472 ad
1782 3404 1944 3474 infantes.

123 3511 153 3584 1.
203 3504 282 3580 Deo
297 3507 457 3575 lecerunt
473 3503 661 3590 iniuriam,
687 3505 769 3598 quia
786 3497 1006 3595 negaverunt
1158 3504 1231 3576 Nec
1254 3511 1337 3581 volo
1359 3515 1487 3584 addere
1508 3518 1610 3608 pluro
1632 3537 1856 3609 argumenta,
1888 3525 1971 3594 satis
1993 3538 2046 3594 est

40 3629 103 3676 enm
129 3611 282 3700 recipere
316 3609 487 3685 infantes,
520 3611 615 3698 qnod
646 3621 735 3676 esset
763 3608 1006 3690 durissimum,
1057 3632 1121 3680 vos
1137 3609 1201 3679 ista
1219 3600 1525 3702 corsoiderareset
1540 3615 1713 3692 adhortor
1731 3649 1810 3709 vos,
1835 3641 1876 3696 nt
1891 3615 2044 3716 diligen.

39 3723 66 3777 et
81 3725 125 3782 est
140 3712 324 3782 manifeste
340 3709 486 3792 falsum,
510 3708 592 3800 quia
606 3703 773 3779 Christus
791 3709 895 3781 dicit:
921 3709 1003 3779 Nou
1056 3725 1109 3782 ter
1125 3735 1164 3780 ea
1180 3714 1427 3799 consideretis,
1455 3733 1488 3790 et
1504 3723 1614 3808 agetis
1629 3722 1705 3796 Deo
1723 3729 1851 3817 gratias
1865 3753 1929 3818 pro
1944 3742 2042 3798 tanto

38 3825 79 3880 est
102 3815 262 3887 volontas
293 3811 421 3903 patris,
454 3823 493 3881 ut
519 3822 636 3900 pereat
663 3835 756 3882 unus
779 3812 824 3881 de
847 3812 1003 3903 parvulis
1055 3814 1245 3897 beneficio,
1280 3821 1374 3910 qnod
1407 3821 1553 3913 recipiat
1584 3825 1754 3911 infantes,
1788 3842 1821 3899 et
1844 3855 1886 3898 eo
1909 3829 2043 3900 maiore

37 3909 107 3982 istis.
132 3915 216 3987 ltem
234 3928 469 4003 corruperunt
485 3911 737 4011 promissiones
751 3913 903 4012 divinas,
921 3914 1004 4008 quia
1055 3917 1251 3986 reverentia
1271 3920 1420 3993 veniatis
1433 3925 1477 3992 ad
1497 3925 1729 4015 baptismum,
1756 3946 1789 4001 et
1804 3931 1852 3999 ibi
1870 3955 1949 4000 cosm
1968 3947 2042 4001 tota

36 4015 515 4090 excluseruntindeiulantes.
588 4026 591 4033 ’
796 4079 799 4086 .
1054 4013 1212 4088 Ecclesia
1235 4022 1331 4091 orbis
1355 4035 1529 4094 terrarum
1555 4026 1707 4100 infantes
1723 4025 1798 4102 Deo
1816 4035 2041 4102 commende-

120 4137 155 4208 2.
213 4133 389 4204 Fecerunt
417 4130 584 4200 iniuriam
618 4145 651 4202 et
680 4129 765 4222 ipsis
796 4131 1004 4220 infantibus,
1055 4119 1112 4194 tis.
1165 4117 1252 4224 Non·
1264 4124 1457 4195 existimate
1474 4125 1616 4196 inanem
1634 4131 1758 4202 ludum
1776 4157 1868 4213 esse,
1896 4137 2043 4206 sedsci·

36 4231 274 4307 damnavefflnt
290 4259 364 4306 „011
379 4235 617 4316 damnandos,
643 4228 896 4310 cumChristug
911 4237 1004 4306 clm
1027 4229 1030 4338 ἱ
1056 4235 1126 4292 tote
1149 4239 1283 4292 vestros
1305 4245 1405 4296 natos
1432 4226 1481 4297 ibi
1506 4254 1586 4299 vere
1609 4232 1683 4303 lieri
1699 4235 1791 4306 cives
1807 4237 1907 4324 regni
1923 4241 2041 4308 coelo-

37 4334 128 4406 dicat:
154 4337 298 4409 Talium
315 4351 365 4406 est
382 4359 529 4424 regumn
546 4333 737 4404 coelorum.
1026 4343 1029 4410 l
1054 4348 1152 4406 ¹⁰⁰¹,
1192 4338 1226 4395 ‘l
1254 4325 1346 4396 55⁰⁵
1371 4327 1451 4404 Del·
1516 4329 1632 4403 Νἷῑΰῑὸ
1661 4337 1877 4427 ὓθιιῐῖὅθῐὶῐθδ
1908 4364 2042 4426 Sumus,

119 4457 151 4529 3·
203 4455 376 4527 fecerum
395 4451 560 4521 pnpurpqm
576 4450 880 4540 “Ecclesiaffleq’
906 4459 1001 4548 quod
1026 4415 1029 4508 l
1053 4429 1149 4517 qnod
1166 4440 1261 4546 laerta
1276 4429 1441 4500 beneficia
1460 4458 1532 4503 non
1548 4435 1810 4509 corssideramns
1825 4441 2042 4534 diligentins,
2161 4449 2167 4456 “

36 4573 177 4646 magnam
207 4571 342 4649 partem
367 4551 543 4626 Ecclesiae
565 4555 846 4641 dasnnavernrrt,
877 4571 912 4628 et
935 4559 1002 4627 ina·
1053 4541 1086 4599 θ(
1110 4550 1181 4596 ¹¹⁰⁰
1204 4534 1496 4622 all'¹”¹¹³ll‘³¹ll·'⁴³·
1551 4537 1635 4608 ¹⁶0⁰
1655 4566 1717 4609 vos
1734 4537 1924 4629 adhortor,
1952 4560 1989 4615 nt
2006 4562 2040 4617 et

35 4659 245 4746 lediverunt,
272 4683 317 4728 ne
332 4657 483 4727 infantes
498 4655 623 4725 tierent
640 4657 796 4725 membra
813 4655 1001 4730 Ecclesiae.
1052 4629 1259 4748 ‘silicernius
1279 4627 1375 4751 ‘llaec
1394 4661 1502 4729 opera
1527 4638 1593 4710 Dei
1618 4643 1868 4732 winidorum,
1905 4665 1936 4718 et
1959 4649 2038 4719 Deo

121 4795 153 4868 4.
204 4795 380 4867 Fecerunt
402 4791 570 4860 iniuriam
594 4793 815 4882 parcentibus,
847 4820 999 4888 quorum
1051 4747 1319 4823 gratiasegatn.

36 4887 192 4969 invocatio
225 4922 288 4988 pro
318 4894 514 4964 halantibus
543 4891 711 4986 impedita
738 4909 809 4980 est,
850 4909 884 4966 et
911 4913 1000 4970 esset

37 5011 164 5086 magnus
177 5001 297 5084 dolor,
321 4998 349 5068 si
366 4987 518 5066 infantes
535 5013 649 5067 essent
665 4995 784 5090 reiecti
801 5023 820 5069 a
836 4995 923 5074 Deo.
1424 4939 1553 4995 Μὴ
1577 4956 1671 5010 ⁹⁸²⁸*

1153 5035 1213 5109 Sic
1235 5053 1336 5112 antea
1353 5043 1446 5131 disi,
1471 5068 1632 5140 parentes
1646 5056 1774 5127 debere
1788 5057 1929 5126 erudire
1944 5074 2037 5130 aeta-
2136 5121 2139 5128 .
2200 5080 2206 5092 “

123 5131 230 5224 lgitue
250 5145 371 5205 corrtra
388 5126 703 5219 Anabaptistarum
721 5155 877 5203 errorem
893 5133 1001 5203 debe·
1050 5151 1142 5222 tem,
1168 5165 1258 5234 quae
1273 5143 1342 5212 iam
1360 5169 1468 5239 capax
1484 5168 1534 5223 est
1550 5154 1744 5233 doctrinae.
1777 5157 1828 5229 lta
1845 5185 1940 5231 rrnnc
1958 5189 2036 5233 rur·
2088 5203 2092 5213 ·

39 5223 76 5294 tis
97 5255 163 5305 esse
192 5235 340 5316 ιῃιιιιίιὶ,
373 5245 407 5352 et
428 5246 524 5352 certa
541 5233 616 5314 fide
640 5245 812 5315 statuere,
846 5236 1000 5306 inientes
1049 5241 1220 5312 sinodico:
1246 5243 1327 5314 Non
1346 5249 1462 5320 solnm
1480 5275 1603 5326 curare
1618 5260 1773 5341 debetis,
1798 5277 1837 5332 ut
1855 5263 2037 5354 baptizen-

40 5347 91 5416 per
108 5335 315 5432 baptinnnm
329 5359 440 5430 recrps
453 5359 473 5406 a
488 5331 576 5408 Deo.
626 5329 675 5407 Et
689 5358 752 5408 vos
767 5338 902 5412 debetis
917 5363 1000 5433 pre·
1049 5354 1109 5414 tur
1137 5343 1309 5434 infantes,
1339 5351 1401 5422 sed
1428 5345 1498 5427 hoc
1525 5373 1650 5453 postea
1670 5358 1778 5435 etiarn
1800 5349 2037 5440 necessarium

1634 5722 1648 5760 b
