<?xml version="1.0" encoding="UTF-8"?>
<!DOCTYPE html PUBLIC "-//W3C//DTD XHTML 1.0 Transitional//EN"
    "http://www.w3.org/TR/xhtml1/DTD/xhtml1-transitional.dtd">
<html xmlns="http://www.w3.org/1999/xhtml" xml:lang="en" lang="en">
 <head>
  <title>
</title>
<meta http-equiv="Content-Type" content="text/html;charset=utf-8" />
  <meta name='ocr-system' content='tesseract 3.04.00' />
  <meta name='ocr-capabilities' content='ocr_page ocr_carea ocr_par ocr_line ocrx_word'/>
</head>
<body>
  <div class='ocr_page' id='page_1' title='image "./corpusreformato24melagoog/corpusreformato24melagoog_0377.png"; bbox 0 0 4590 5808; ppageno 0'>
   <div class='ocr_carea' id='block_1_1' title="bbox 235 165 310 242">
    <p class='ocr_par' dir='ltr' id='par_1_1' title="bbox 235 165 310 242">
     <span class='ocr_line' id='line_1_1' title="bbox 235 165 310 242; baseline -0.027 0"><span class='ocrx_word' id='word_1_1' title='bbox 235 165 310 242; x_wconf 81' lang='grc'><strong>766</strong></span> 
     </span>
    </p>
   </div>
   <div class='ocr_carea' id='block_1_2' title="bbox 832 123 1666 244">
    <p class='ocr_par' dir='ltr' id='par_1_2' title="bbox 832 123 1666 244">
     <span class='ocr_line' id='line_1_2' title="bbox 832 123 1666 244; baseline 0.007 -8"><span class='ocrx_word' id='word_1_2' title='bbox 832 123 959 244; x_wconf 74' lang='lat' dir='ltr'><strong>rulo</strong></span> <span class='ocrx_word' id='word_1_3' title='bbox 985 161 1102 240; x_wconf 80' lang='lat' dir='ltr'><strong>unu</strong></span> <span class='ocrx_word' id='word_1_4' title='bbox 1126 163 1337 242; x_wconf 82' lang='lat' dir='ltr'><strong>sentem</strong></span> <span class='ocrx_word' id='word_1_5' title='bbox 1364 161 1666 244; x_wconf 76' lang='lat' dir='ltr'><strong>umerum.</strong></span> 
     </span>
    </p>
   </div>
   <div class='ocr_carea' id='block_1_3' title="bbox 2187 171 2256 248">
    <p class='ocr_par' dir='ltr' id='par_1_3' title="bbox 2187 171 2256 248">
     <span class='ocr_line' id='line_1_3' title="bbox 2187 171 2256 248; baseline 0.058 -3"><span class='ocrx_word' id='word_1_6' title='bbox 2187 171 2256 248; x_wconf 76' lang='lat' dir='ltr'><strong>ldtl</strong></span> 
     </span>
    </p>
   </div>
   <div class='ocr_carea' id='block_1_4' title="bbox 210 327 2254 439">
    <p class='ocr_par' dir='ltr' id='par_1_4' title="bbox 210 327 2254 439">
     <span class='ocr_line' id='line_1_4' title="bbox 210 327 2254 439; baseline 0.002 -27"><span class='ocrx_word' id='word_1_7' title='bbox 210 375 214 380; x_wconf 50' lang='lat'>¹</span> <span class='ocrx_word' id='word_1_8' title='bbox 241 343 341 412; x_wconf 86' lang='lat' dir='ltr'><strong>culae</strong></span> <span class='ocrx_word' id='word_1_9' title='bbox 369 335 523 419; x_wconf 86' lang='lat' dir='ltr'><strong>Christi,</strong></span> <span class='ocrx_word' id='word_1_10' title='bbox 564 359 646 408; x_wconf 83' lang='lat' dir='ltr'><strong>vasa</strong></span> <span class='ocrx_word' id='word_1_11' title='bbox 674 327 957 424; x_wconf 83' lang='lat' dir='ltr'><strong>misericordiae,</strong></span> <span class='ocrx_word' id='word_1_12' title='bbox 999 351 1033 412; x_wconf 89' lang='lat' dir='ltr'><strong>et</strong></span> <span class='ocrx_word' id='word_1_13' title='bbox 1063 336 1232 411; x_wconf 89' lang='lat' dir='ltr'><strong>haeredes</strong></span> <span class='ocrx_word' id='word_1_14' title='bbox 1252 340 1258 390; x_wconf 83' lang='lat'>¹</span> <span class='ocrx_word' id='word_1_15' title='bbox 1279 340 1474 412; x_wconf 88' lang='lat' dir='ltr'><strong>multorum</strong></span> <span class='ocrx_word' id='word_1_16' title='bbox 1499 341 1674 414; x_wconf 88' lang='lat' dir='ltr'><strong>tumultus</strong></span> <span class='ocrx_word' id='word_1_17' title='bbox 1694 341 1809 428; x_wconf 87' lang='lat' dir='ltr'><strong>cient,</strong></span> <span class='ocrx_word' id='word_1_18' title='bbox 1841 355 1883 416; x_wconf 88' lang='lat' dir='ltr'><strong>ut</strong></span> <span class='ocrx_word' id='word_1_19' title='bbox 1903 344 2072 439; x_wconf 86' lang='lat' dir='ltr'><strong>dilapsis</strong></span> <span class='ocrx_word' id='word_1_20' title='bbox 2098 367 2175 416; x_wconf 83' lang='lat' dir='ltr'><strong>vera</strong></span> <span class='ocrx_word' id='word_1_21' title='bbox 2193 345 2254 416; x_wconf 85' lang='lat' dir='ltr'><strong>do·</strong></span> 
     </span>
    </p>
   </div>
   <div class='ocr_carea' id='block_1_5' title="bbox 241 439 719 528">
    <p class='ocr_par' dir='ltr' id='par_1_5' title="bbox 241 439 719 528">
     <span class='ocr_line' id='line_1_5' title="bbox 241 439 719 528; baseline 0 -16"><span class='ocrx_word' id='word_1_22' title='bbox 241 455 403 514; x_wconf 74' lang='lat' dir='ltr'><strong>aeternae</strong></span> <span class='ocrx_word' id='word_1_23' title='bbox 420 442 563 528; x_wconf 90' lang='lat' dir='ltr'><strong>salutis,</strong></span> <span class='ocrx_word' id='word_1_24' title='bbox 590 439 719 512; x_wconf 87' lang='lat' dir='ltr'><strong>Amen.</strong></span> 
     </span>
    </p>
   </div>
   <div class='ocr_carea' id='block_1_6' title="bbox 243 573 1234 881">
    <p class='ocr_par' dir='ltr' id='par_1_6' title="bbox 243 573 1234 881">
     <span class='ocr_line' id='line_1_6' title="bbox 343 573 1231 675; baseline 0 -29"><span class='ocrx_word' id='word_1_25' title='bbox 343 573 491 647; x_wconf 85' lang='lat' dir='ltr'><strong>Intrate</strong></span> <span class='ocrx_word' id='word_1_26' title='bbox 509 599 576 673; x_wconf 85' lang='lat' dir='ltr'><strong>per</strong></span> <span class='ocrx_word' id='word_1_27' title='bbox 593 581 742 672; x_wconf 84' lang='lat' dir='ltr'><strong>portam</strong></span> <span class='ocrx_word' id='word_1_28' title='bbox 766 583 987 670; x_wconf 87' lang='lat' dir='ltr'><strong>angustam,</strong></span> <span class='ocrx_word' id='word_1_29' title='bbox 1026 575 1117 675; x_wconf 81' lang='lat' dir='ltr'><strong>quio</strong></span> <span class='ocrx_word' id='word_1_30' title='bbox 1149 573 1231 646; x_wconf 86' lang='lat' dir='ltr'><strong>Iota</strong></span> 
     </span>
     <span class='ocr_line' id='line_1_7' title="bbox 243 671 1234 778; baseline -0.003 -28"><span class='ocrx_word' id='word_1_31' title='bbox 243 689 294 750; x_wconf 87' lang='lat' dir='ltr'><strong>est</strong></span> <span class='ocrx_word' id='word_1_32' title='bbox 310 689 441 777; x_wconf 86' lang='lat' dir='ltr'><strong>porta,</strong></span> <span class='ocrx_word' id='word_1_33' title='bbox 463 702 558 778; x_wconf 81' lang='lat' dir='ltr'><strong>quoe</strong></span> <span class='ocrx_word' id='word_1_34' title='bbox 580 671 680 746; x_wconf 83' lang='lat' dir='ltr'><strong>ducit</strong></span> <span class='ocrx_word' id='word_1_35' title='bbox 702 671 758 746; x_wconf 85' lang='lat' dir='ltr'><strong>od</strong></span> <span class='ocrx_word' id='word_1_36' title='bbox 771 673 1033 774; x_wconf 75' lang='lat' dir='ltr'><em>perditionem,</em></span> <span class='ocrx_word' id='word_1_37' title='bbox 1066 689 1097 750; x_wconf 87' lang='lat' dir='ltr'><strong>et</strong></span> <span class='ocrx_word' id='word_1_38' title='bbox 1123 676 1234 749; x_wconf 80' lang='lat' dir='ltr'><strong>motti</strong></span> 
     </span>
     <span class='ocr_line' id='line_1_8' title="bbox 243 775 958 881; baseline 0.003 -29"><span class='ocrx_word' id='word_1_39' title='bbox 243 790 330 852; x_wconf 84' lang='lat' dir='ltr'><strong>sunl</strong></span> <span class='ocrx_word' id='word_1_40' title='bbox 341 781 409 881; x_wconf 76' lang='lat' dir='ltr'><strong>ptri</strong></span> <span class='ocrx_word' id='word_1_41' title='bbox 422 775 682 875; x_wconf 82' lang='lat' dir='ltr'><strong>ingrediuntur</strong></span> <span class='ocrx_word' id='word_1_42' title='bbox 691 803 759 876; x_wconf 85' lang='lat' dir='ltr'><strong>per</strong></span> <span class='ocrx_word' id='word_1_43' title='bbox 773 803 870 867; x_wconf 88' lang='lat' dir='ltr'><strong>eam,</strong></span> <span class='ocrx_word' id='word_1_44' title='bbox 896 790 958 856; x_wconf 77' lang='lat' dir='ltr'><strong>etc.</strong></span> 
     </span>
    </p>
   </div>
   <div class='ocr_carea' id='block_1_7' title="bbox 245 917 1233 1317">
    <p class='ocr_par' dir='ltr' id='par_1_7' title="bbox 245 917 1233 1317">
     <span class='ocr_line' id='line_1_9' title="bbox 345 917 1233 1010; baseline -0.002 -20"><span class='ocrx_word' id='word_1_45' title='bbox 345 917 399 990; x_wconf 92' lang='lat' dir='ltr'><strong>De</strong></span> <span class='ocrx_word' id='word_1_46' title='bbox 416 917 583 988; x_wconf 89' lang='lat' dir='ltr'><strong>scandalo</strong></span> <span class='ocrx_word' id='word_1_47' title='bbox 599 920 694 1010; x_wconf 94' lang='lat' dir='ltr'><strong>quod</strong></span> <span class='ocrx_word' id='word_1_48' title='bbox 711 917 827 987; x_wconf 92' lang='lat' dir='ltr'><strong>oritur</strong></span> <span class='ocrx_word' id='word_1_49' title='bbox 842 918 881 986; x_wconf 93' lang='lat' dir='ltr'><strong>in</strong></span> <span class='ocrx_word' id='word_1_50' title='bbox 901 919 1079 990; x_wconf 88' lang='lat' dir='ltr'><strong>mentibus</strong></span> <span class='ocrx_word' id='word_1_51' title='bbox 1101 919 1233 988; x_wconf 89' lang='lat' dir='ltr'><strong>multo·</strong></span> 
     </span>
     <span class='ocr_line' id='line_1_10' title="bbox 245 1015 1233 1120; baseline -0.003 -28"><span class='ocrx_word' id='word_1_52' title='bbox 245 1047 324 1094; x_wconf 91' lang='lat' dir='ltr'><strong>rum</strong></span> <span class='ocrx_word' id='word_1_53' title='bbox 349 1015 556 1101; x_wconf 88' lang='lat' dir='ltr'><strong>hominurn,</strong></span> <span class='ocrx_word' id='word_1_54' title='bbox 598 1032 784 1120; x_wconf 84' lang='lat' dir='ltr'><strong>propterea</strong></span> <span class='ocrx_word' id='word_1_55' title='bbox 810 1022 904 1112; x_wconf 93' lang='lat' dir='ltr'><strong>quod</strong></span> <span class='ocrx_word' id='word_1_56' title='bbox 932 1021 1083 1090; x_wconf 88' lang='lat' dir='ltr'><strong>maxima</strong></span> <span class='ocrx_word' id='word_1_57' title='bbox 1109 1021 1233 1092; x_wconf 89' lang='lat' dir='ltr'><strong>multi-</strong></span> 
     </span>
     <span class='ocr_line' id='line_1_11' title="bbox 246 1118 1233 1214; baseline -0.002 -18"><span class='ocrx_word' id='word_1_58' title='bbox 246 1127 332 1196; x_wconf 92' lang='lat' dir='ltr'><strong>tudo</strong></span> <span class='ocrx_word' id='word_1_59' title='bbox 347 1137 399 1194; x_wconf 92' lang='lat' dir='ltr'><strong>est</strong></span> <span class='ocrx_word' id='word_1_60' title='bbox 411 1123 626 1214; x_wconf 89' lang='lat' dir='ltr'><strong>impiorum,</strong></span> <span class='ocrx_word' id='word_1_61' title='bbox 660 1135 695 1192; x_wconf 92' lang='lat' dir='ltr'><strong>et</strong></span> <span class='ocrx_word' id='word_1_62' title='bbox 715 1124 811 1214; x_wconf 92' lang='lat' dir='ltr'><strong>quod</strong></span> <span class='ocrx_word' id='word_1_63' title='bbox 835 1121 875 1190; x_wconf 92' lang='lat' dir='ltr'><strong>in</strong></span> <span class='ocrx_word' id='word_1_64' title='bbox 899 1125 1033 1193; x_wconf 90' lang='lat' dir='ltr'><strong>mundo</strong></span> <span class='ocrx_word' id='word_1_65' title='bbox 1056 1136 1089 1195; x_wconf 88' lang='lat' dir='ltr'><strong>et</strong></span> <span class='ocrx_word' id='word_1_66' title='bbox 1110 1124 1149 1192; x_wconf 90' lang='lat' dir='ltr'><strong>iu</strong></span> <span class='ocrx_word' id='word_1_67' title='bbox 1164 1118 1233 1194; x_wconf 82' lang='lat' dir='ltr'><strong>Ec-</strong></span> 
     </span>
     <span class='ocr_line' id='line_1_12' title="bbox 246 1223 1053 1317; baseline 0.005 -21"><span class='ocrx_word' id='word_1_68' title='bbox 246 1225 348 1298; x_wconf 89' lang='lat' dir='ltr'><strong>clesia</strong></span> <span class='ocrx_word' id='word_1_69' title='bbox 365 1248 512 1317; x_wconf 87' lang='lat' dir='ltr'><strong>magnae</strong></span> <span class='ocrx_word' id='word_1_70' title='bbox 529 1237 612 1296; x_wconf 91' lang='lat' dir='ltr'><strong>sunt</strong></span> <span class='ocrx_word' id='word_1_71' title='bbox 627 1224 840 1316; x_wconf 86' lang='lat' dir='ltr'>opinionum</span> <span class='ocrx_word' id='word_1_72' title='bbox 857 1223 1053 1300; x_wconf 87' lang='lat' dir='ltr'><strong>varietates.</strong></span> 
     </span>
    </p>
   </div>
   <div class='ocr_carea' id='block_1_8' title="bbox 246 1343 1241 1865">
    <p class='ocr_par' dir='ltr' id='par_1_8' title="bbox 246 1343 1241 1865">
     <span class='ocr_line' id='line_1_13' title="bbox 347 1343 1233 1435; baseline 0.002 -19"><span class='ocrx_word' id='word_1_73' title='bbox 347 1343 444 1416; x_wconf 90' lang='lat' dir='ltr'><strong>llaec</strong></span> <span class='ocrx_word' id='word_1_74' title='bbox 457 1347 529 1416; x_wconf 90' lang='lat' dir='ltr'><strong>duo</strong></span> <span class='ocrx_word' id='word_1_75' title='bbox 545 1367 682 1416; x_wconf 91' lang='lat' dir='ltr'><strong>summa</strong></span> <span class='ocrx_word' id='word_1_76' title='bbox 698 1346 860 1415; x_wconf 89' lang='lat' dir='ltr'><strong>scandala</strong></span> <span class='ocrx_word' id='word_1_77' title='bbox 878 1345 915 1414; x_wconf 91' lang='lat' dir='ltr'><strong>in</strong></span> <span class='ocrx_word' id='word_1_78' title='bbox 932 1369 1059 1435; x_wconf 82' lang='lat' dir='ltr'>genere</span> <span class='ocrx_word' id='word_1_79' title='bbox 1074 1343 1233 1418; x_wconf 87' lang='lat' dir='ltr'><strong>humano</strong></span> 
     </span>
     <span class='ocr_line' id='line_1_14' title="bbox 246 1441 1235 1541; baseline 0.003 -23"><span class='ocrx_word' id='word_1_80' title='bbox 246 1450 425 1541; x_wconf 81' lang='lat' dir='ltr'><strong>ingentem</strong></span> <span class='ocrx_word' id='word_1_81' title='bbox 443 1447 583 1518; x_wconf 92' lang='lat' dir='ltr'><strong>ruinam</strong></span> <span class='ocrx_word' id='word_1_82' title='bbox 601 1441 769 1532; x_wconf 76' lang='lat' dir='ltr'><strong>trabernt,</strong></span> <span class='ocrx_word' id='word_1_83' title='bbox 794 1460 827 1518; x_wconf 90' lang='lat' dir='ltr'><strong>et</strong></span> <span class='ocrx_word' id='word_1_84' title='bbox 840 1449 1051 1520; x_wconf 86' lang='lat' dir='ltr'><strong>confirmant</strong></span> <span class='ocrx_word' id='word_1_85' title='bbox 1071 1450 1235 1540; x_wconf 87' lang='lat' dir='ltr'><strong>impieta-</strong></span> 
     </span>
     <span class='ocr_line' id='line_1_15' title="bbox 246 1549 1234 1642; baseline -0.001 -19"><span class='ocrx_word' id='word_1_86' title='bbox 246 1565 317 1623; x_wconf 91' lang='lat' dir='ltr'><strong>tem</strong></span> <span class='ocrx_word' id='word_1_87' title='bbox 331 1576 393 1622; x_wconf 88' lang='lat' dir='ltr'><strong>seu</strong></span> <span class='ocrx_word' id='word_1_88' title='bbox 408 1550 691 1621; x_wconf 77' lang='lat' dir='ltr'>incredulitatem</span> <span class='ocrx_word' id='word_1_89' title='bbox 710 1562 816 1642; x_wconf 89' lang='lat' dir='ltr'><strong>atque</strong></span> <span class='ocrx_word' id='word_1_90' title='bbox 830 1549 1044 1642; x_wconf 89' lang='lat' dir='ltr'><strong>Epicureum</strong></span> <span class='ocrx_word' id='word_1_91' title='bbox 1060 1550 1126 1622; x_wconf 89' lang='lat' dir='ltr'><strong>Dei</strong></span> <span class='ocrx_word' id='word_1_92' title='bbox 1148 1577 1234 1622; x_wconf 91' lang='lat' dir='ltr'><strong>con-</strong></span> 
     </span>
     <span class='ocr_line' id='line_1_16' title="bbox 247 1647 1235 1744; baseline -0.001 -18"><span class='ocrx_word' id='word_1_93' title='bbox 247 1667 397 1726; x_wconf 88' lang='lat' dir='ltr'><strong>temtum</strong></span> <span class='ocrx_word' id='word_1_94' title='bbox 410 1655 448 1722; x_wconf 91' lang='lat' dir='ltr'><strong>in</strong></span> <span class='ocrx_word' id='word_1_95' title='bbox 465 1652 631 1744; x_wconf 78' lang='lat' dir='ltr'>plurimis</span> <span class='ocrx_word' id='word_1_96' title='bbox 644 1647 860 1721; x_wconf 89' lang='lat' dir='ltr'><strong>huminibus.</strong></span> <span class='ocrx_word' id='word_1_97' title='bbox 913 1653 1075 1722; x_wconf 83' lang='lat' dir='ltr'><strong>Alterum</strong></span> <span class='ocrx_word' id='word_1_98' title='bbox 1093 1656 1235 1740; x_wconf 91' lang='lat' dir='ltr'><strong>scilicet,</strong></span> 
     </span>
     <span class='ocr_line' id='line_1_17' title="bbox 247 1754 1241 1865; baseline -0.003 -38"><span class='ocrx_word' id='word_1_99' title='bbox 247 1757 345 1850; x_wconf 90' lang='lat' dir='ltr'><strong>quod</strong></span> <span class='ocrx_word' id='word_1_100' title='bbox 363 1767 459 1826; x_wconf 87' lang='lat' dir='ltr'><strong>tanta</strong></span> <span class='ocrx_word' id='word_1_101' title='bbox 476 1754 691 1838; x_wconf 90' lang='lat' dir='ltr'><strong>multitudo,</strong></span> <span class='ocrx_word' id='word_1_102' title='bbox 722 1766 775 1824; x_wconf 90' lang='lat' dir='ltr'><strong>tot</strong></span> <span class='ocrx_word' id='word_1_103' title='bbox 795 1754 894 1825; x_wconf 88' lang='lat' dir='ltr'><strong>mille</strong></span> <span class='ocrx_word' id='word_1_104' title='bbox 915 1756 1093 1849; x_wconf 77' lang='lat' dir='ltr'>myriades</span> <span class='ocrx_word' id='word_1_105' title='bbox 1115 1757 1241 1865; x_wconf 75' lang='lat' dir='ltr'><strong>prola-¹</strong></span> 
     </span>
    </p>
   </div>
   <div class='ocr_carea' id='block_1_9' title="bbox 249 1851 1255 1948">
    <p class='ocr_par' dir='ltr' id='par_1_9' title="bbox 249 1851 1255 1948">
     <span class='ocr_line' id='line_1_18' title="bbox 249 1851 1255 1948; baseline 0.001 -21"><span class='ocrx_word' id='word_1_106' title='bbox 249 1881 378 1927; x_wconf 89' lang='lat' dir='ltr'><strong>norum</strong></span> <span class='ocrx_word' id='word_1_107' title='bbox 398 1851 584 1926; x_wconf 89' lang='lat' dir='ltr'><strong>hominum</strong></span> <span class='ocrx_word' id='word_1_108' title='bbox 606 1855 722 1947; x_wconf 89' lang='lat' dir='ltr'><strong>palam</strong></span> <span class='ocrx_word' id='word_1_109' title='bbox 744 1856 869 1926; x_wconf 89' lang='lat' dir='ltr'><strong>vivunt</strong></span> <span class='ocrx_word' id='word_1_110' title='bbox 891 1871 927 1928; x_wconf 89' lang='lat' dir='ltr'><strong>et</strong></span> <span class='ocrx_word' id='word_1_111' title='bbox 950 1874 1173 1948; x_wconf 90' lang='lat' dir='ltr'><strong>perseverant</strong></span> <span class='ocrx_word' id='word_1_112' title='bbox 1196 1860 1255 1928; x_wconf 63' lang='lat' dir='ltr'><strong>in„</strong></span> 
     </span>
    </p>
   </div>
   <div class='ocr_carea' id='block_1_10' title="bbox 141 1955 1237 2765">
    <p class='ocr_par' dir='ltr' id='par_1_10' title="bbox 247 1955 1237 2558">
     <span class='ocr_line' id='line_1_19' title="bbox 247 1955 1233 2052; baseline 0.001 -22"><span class='ocrx_word' id='word_1_113' title='bbox 247 1958 434 2048; x_wconf 76' lang='lat' dir='ltr'><strong>manifesto</strong></span> <span class='ocrx_word' id='word_1_114' title='bbox 450 1956 680 2052; x_wconf 90' lang='lat' dir='ltr'><strong>etCyclopico</strong></span> <span class='ocrx_word' id='word_1_115' title='bbox 690 1955 758 2027; x_wconf 92' lang='lat' dir='ltr'><strong>Dei</strong></span> <span class='ocrx_word' id='word_1_116' title='bbox 772 1973 967 2044; x_wconf 88' lang='lat' dir='ltr'><strong>contemtu,</strong></span> <span class='ocrx_word' id='word_1_117' title='bbox 994 1983 1145 2052; x_wconf 89' lang='lat' dir='ltr'><strong>quorum</strong></span> <span class='ocrx_word' id='word_1_118' title='bbox 1160 1984 1233 2031; x_wconf 90' lang='lat' dir='ltr'><strong>non</strong></span> 
     </span>
     <span class='ocr_line' id='line_1_20' title="bbox 247 2059 1235 2152; baseline 0.001 -20"><span class='ocrx_word' id='word_1_119' title='bbox 247 2061 351 2152; x_wconf 90' lang='lat' dir='ltr'><strong>pauci</strong></span> <span class='ocrx_word' id='word_1_120' title='bbox 369 2061 511 2131; x_wconf 80' lang='lat' dir='ltr'>interim</span> <span class='ocrx_word' id='word_1_121' title='bbox 530 2059 648 2130; x_wconf 89' lang='lat' dir='ltr'><strong>omnis</strong></span> <span class='ocrx_word' id='word_1_122' title='bbox 661 2059 799 2150; x_wconf 88' lang='lat' dir='ltr'><strong>generis</strong></span> <span class='ocrx_word' id='word_1_123' title='bbox 813 2061 1056 2152; x_wconf 90' lang='lat' dir='ltr'><strong>voluptatibus</strong></span> <span class='ocrx_word' id='word_1_124' title='bbox 1070 2064 1235 2148; x_wconf 78' lang='lat' dir='ltr'><strong>affluunt,</strong></span> 
     </span>
     <span class='ocr_line' id='line_1_21' title="bbox 248 2160 1236 2253; baseline 0.001 -19"><span class='ocrx_word' id='word_1_125' title='bbox 248 2165 378 2234; x_wconf 87' lang='lat' dir='ltr'><strong>florent</strong></span> <span class='ocrx_word' id='word_1_126' title='bbox 391 2162 626 2248; x_wconf 88' lang='lat' dir='ltr'><strong>successibus,</strong></span> <span class='ocrx_word' id='word_1_127' title='bbox 652 2163 828 2253; x_wconf 90' lang='lat' dir='ltr'><strong>potentia,</strong></span> <span class='ocrx_word' id='word_1_128' title='bbox 854 2162 1010 2246; x_wconf 88' lang='lat' dir='ltr'><strong>divitiis,</strong></span> <span class='ocrx_word' id='word_1_129' title='bbox 1037 2160 1236 2236; x_wconf 81' lang='lat' dir='ltr'><strong>bo‘noribus</strong></span> 
     </span>
     <span class='ocr_line' id='line_1_22' title="bbox 248 2261 1236 2357; baseline 0.001 -22"><span class='ocrx_word' id='word_1_130' title='bbox 248 2265 410 2339; x_wconf 87' lang='lat' dir='ltr'><strong>interra.</strong></span> <span class='ocrx_word' id='word_1_131' title='bbox 460 2261 623 2336; x_wconf 85' lang='lat' dir='ltr'><strong>Alterum</strong></span> <span class='ocrx_word' id='word_1_132' title='bbox 640 2287 726 2334; x_wconf 85' lang='lat' dir='ltr'><strong>vero</strong></span> <span class='ocrx_word' id='word_1_133' title='bbox 747 2288 822 2334; x_wconf 91' lang='lat' dir='ltr'><strong>non</strong></span> <span class='ocrx_word' id='word_1_134' title='bbox 841 2266 962 2336; x_wconf 88' lang='lat' dir='ltr'><strong>minus</strong></span> <span class='ocrx_word' id='word_1_135' title='bbox 984 2268 1236 2357; x_wconf 86' lang='lat' dir='ltr'><strong>perniciosum,</strong></span> 
     </span>
     <span class='ocr_line' id='line_1_23' title="bbox 249 2365 1236 2462; baseline 0.002 -25"><span class='ocrx_word' id='word_1_136' title='bbox 249 2369 345 2462; x_wconf 91' lang='lat' dir='ltr'><strong>quod</strong></span> <span class='ocrx_word' id='word_1_137' title='bbox 365 2378 417 2437; x_wconf 94' lang='lat' dir='ltr'><strong>tot</strong></span> <span class='ocrx_word' id='word_1_138' title='bbox 440 2380 474 2436; x_wconf 92' lang='lat' dir='ltr'><strong>et</strong></span> <span class='ocrx_word' id='word_1_139' title='bbox 494 2379 613 2436; x_wconf 90' lang='lat' dir='ltr'><strong>tantae</strong></span> <span class='ocrx_word' id='word_1_140' title='bbox 628 2365 951 2451; x_wconf 79' lang='lat' dir='ltr'><strong>dissimilitudines,</strong></span> <span class='ocrx_word' id='word_1_141' title='bbox 972 2368 1175 2455; x_wconf 85' lang='lat' dir='ltr'><strong>varietates,</strong></span> <span class='ocrx_word' id='word_1_142' title='bbox 1202 2383 1236 2440; x_wconf 90' lang='lat' dir='ltr'><strong>et</strong></span> 
     </span>
     <span class='ocr_line' id='line_1_24' title="bbox 249 2467 1237 2558; baseline 0.002 -20"><span class='ocrx_word' id='word_1_143' title='bbox 249 2469 493 2539; x_wconf 72' lang='lat' dir='ltr'><strong>distractiones</strong></span> <span class='ocrx_word' id='word_1_144' title='bbox 514 2467 725 2558; x_wconf 83' lang='lat' dir='ltr'><strong>opinionum</strong></span> <span class='ocrx_word' id='word_1_145' title='bbox 757 2491 797 2536; x_wconf 91' lang='lat' dir='ltr'><strong>ac</strong></span> <span class='ocrx_word' id='word_1_146' title='bbox 829 2469 1043 2539; x_wconf 88' lang='lat' dir='ltr'><strong>iudicinmm</strong></span> <span class='ocrx_word' id='word_1_147' title='bbox 1071 2472 1237 2556; x_wconf 89' lang='lat' dir='ltr'><strong>existunt,</strong></span> 
     </span>
    </p>

    <p class='ocr_par' dir='ltr' id='par_1_11' title="bbox 141 2563 1237 2765">
     <span class='ocr_line' id='line_1_25' title="bbox 250 2563 1237 2665; baseline 0.001 -23"><span class='ocrx_word' id='word_1_148' title='bbox 250 2584 356 2664; x_wconf 82' lang='lat' dir='ltr'><strong>atque</strong></span> <span class='ocrx_word' id='word_1_149' title='bbox 374 2569 644 2660; x_wconf 90' lang='lat' dir='ltr'><strong>conspiciuntur</strong></span> <span class='ocrx_word' id='word_1_150' title='bbox 666 2569 705 2637; x_wconf 91' lang='lat' dir='ltr'><strong>in</strong></span> <span class='ocrx_word' id='word_1_151' title='bbox 725 2563 793 2639; x_wconf 90' lang='lat' dir='ltr'><strong>boc</strong></span> <span class='ocrx_word' id='word_1_152' title='bbox 809 2569 884 2659; x_wconf 87' lang='lat' dir='ltr'><strong>ipso</strong></span> <span class='ocrx_word' id='word_1_153' title='bbox 902 2585 1023 2657; x_wconf 91' lang='lat' dir='ltr'><strong>coetu,</strong></span> <span class='ocrx_word' id='word_1_154' title='bbox 1049 2572 1111 2665; x_wconf 91' lang='lat' dir='ltr'><strong>qui</strong></span> <span class='ocrx_word' id='word_1_155' title='bbox 1131 2597 1237 2644; x_wconf 87' lang='lat' dir='ltr'><strong>usur-</strong></span> 
     </span>
     <span class='ocr_line' id='line_1_26' title="bbox 141 2661 974 2765; baseline -0.001 -21"><span class='ocrx_word' id='word_1_156' title='bbox 141 2661 149 2672; x_wconf 41' lang='lat'><em>*</em></span> <span class='ocrx_word' id='word_1_157' title='bbox 249 2687 311 2765; x_wconf 89' lang='lat' dir='ltr'><strong>pat</strong></span> <span class='ocrx_word' id='word_1_158' title='bbox 324 2672 468 2744; x_wconf 91' lang='lat' dir='ltr'><strong>titulum</strong></span> <span class='ocrx_word' id='word_1_159' title='bbox 486 2672 608 2764; x_wconf 91' lang='lat' dir='ltr'><strong>populi</strong></span> <span class='ocrx_word' id='word_1_160' title='bbox 625 2669 692 2742; x_wconf 89' lang='lat' dir='ltr'><strong>Dei</strong></span> <span class='ocrx_word' id='word_1_161' title='bbox 708 2695 769 2741; x_wconf 89' lang='lat' dir='ltr'><strong>seu</strong></span> <span class='ocrx_word' id='word_1_162' title='bbox 786 2665 974 2743; x_wconf 82' lang='lat' dir='ltr'><strong>Ecclesiae.</strong></span> 
     </span>
    </p>
   </div>
   <div class='ocr_carea' id='block_1_11' title="bbox 215 2790 1244 4312">
    <p class='ocr_par' dir='ltr' id='par_1_12' title="bbox 215 2790 1244 4312">
     <span class='ocr_line' id='line_1_27' title="bbox 350 2790 1237 2885; baseline 0 -22"><span class='ocrx_word' id='word_1_163' title='bbox 350 2790 457 2863; x_wconf 89' lang='lat' dir='ltr'><strong>Scitis</strong></span> <span class='ocrx_word' id='word_1_164' title='bbox 470 2790 510 2860; x_wconf 88' lang='lat' dir='ltr'><strong>in</strong></span> <span class='ocrx_word' id='word_1_165' title='bbox 525 2803 601 2862; x_wconf 89' lang='lat' dir='ltr'><strong>toto</strong></span> <span class='ocrx_word' id='word_1_166' title='bbox 616 2791 703 2870; x_wconf 79' lang='lat' dir='ltr'><strong>orbe</strong></span> <span class='ocrx_word' id='word_1_167' title='bbox 718 2805 902 2874; x_wconf 88' lang='lat' dir='ltr'><strong>terrarum,</strong></span> <span class='ocrx_word' id='word_1_168' title='bbox 924 2805 957 2861; x_wconf 91' lang='lat' dir='ltr'><strong>et</strong></span> <span class='ocrx_word' id='word_1_169' title='bbox 975 2791 1123 2860; x_wconf 90' lang='lat' dir='ltr'><strong>maxima</strong></span> <span class='ocrx_word' id='word_1_170' title='bbox 1138 2807 1237 2885; x_wconf 89' lang='lat' dir='ltr'><strong>parte</strong></span> 
     </span>
     <span class='ocr_line' id='line_1_28' title="bbox 251 2888 1236 2985; baseline -0.001 -21"><span class='ocrx_word' id='word_1_171' title='bbox 251 2896 388 2985; x_wconf 89' lang='lat' dir='ltr'><strong>generis</strong></span> <span class='ocrx_word' id='word_1_172' title='bbox 404 2890 571 2978; x_wconf 86' lang='lat' dir='ltr'><strong>humani,</strong></span> <span class='ocrx_word' id='word_1_173' title='bbox 599 2892 772 2982; x_wconf 90' lang='lat' dir='ltr'><strong>plurimos</strong></span> <span class='ocrx_word' id='word_1_174' title='bbox 790 2888 954 2962; x_wconf 90' lang='lat' dir='ltr'><strong>homines</strong></span> <span class='ocrx_word' id='word_1_175' title='bbox 973 2894 1137 2985; x_wconf 81' lang='lat' dir='ltr'><strong>amplecti</strong></span> <span class='ocrx_word' id='word_1_176' title='bbox 1154 2894 1236 2964; x_wconf 90' lang='lat' dir='ltr'><strong>Ma·</strong></span> 
     </span>
     <span class='ocr_line' id='line_1_29' title="bbox 249 2993 1236 3085; baseline 0 -19"><span class='ocrx_word' id='word_1_177' title='bbox 249 2993 516 3067; x_wconf 88' lang='lat' dir='ltr'><strong>hometistarum</strong></span> <span class='ocrx_word' id='word_1_178' title='bbox 533 2995 657 3066; x_wconf 86' lang='lat' dir='ltr'><strong>deliria</strong></span> <span class='ocrx_word' id='word_1_179' title='bbox 673 2995 753 3084; x_wconf 89' lang='lat' dir='ltr'><strong>plus</strong></span> <span class='ocrx_word' id='word_1_180' title='bbox 773 3019 879 3085; x_wconf 89' lang='lat' dir='ltr'><strong>quam</strong></span> <span class='ocrx_word' id='word_1_181' title='bbox 903 2995 1066 3070; x_wconf 86' lang='lat' dir='ltr'><strong>fanatica.</strong></span> <span class='ocrx_word' id='word_1_182' title='bbox 1103 2997 1146 3066; x_wconf 92' lang='lat' dir='ltr'><strong>ln</strong></span> <span class='ocrx_word' id='word_1_183' title='bbox 1163 3010 1236 3067; x_wconf 85' lang='lat' dir='ltr'><strong>tota</strong></span> 
     </span>
     <span class='ocr_line' id='line_1_30' title="bbox 251 3093 1244 3188; baseline 0.001 -20"><span class='ocrx_word' id='word_1_184' title='bbox 251 3093 372 3168; x_wconf 78' lang='lat' dir='ltr'><strong>Africa</strong></span> <span class='ocrx_word' id='word_1_185' title='bbox 401 3119 546 3187; x_wconf 89' lang='lat' dir='ltr'><strong>prorsus</strong></span> <span class='ocrx_word' id='word_1_186' title='bbox 576 3097 719 3188; x_wconf 81' lang='lat' dir='ltr'><strong>deletae</strong></span> <span class='ocrx_word' id='word_1_187' title='bbox 741 3111 824 3168; x_wconf 90' lang='lat' dir='ltr'><strong>sunt</strong></span> <span class='ocrx_word' id='word_1_188' title='bbox 852 3094 1045 3168; x_wconf 79' lang='lat' dir='ltr'><strong>Ecclesiae:</strong></span> <span class='ocrx_word' id='word_1_189' title='bbox 1086 3097 1124 3167; x_wconf 94' lang='lat' dir='ltr'><strong>in</strong></span> <span class='ocrx_word' id='word_1_190' title='bbox 1151 3095 1244 3169; x_wconf 86' lang='lat' dir='ltr'><strong>Asia·</strong></span> 
     </span>
     <span class='ocr_line' id='line_1_31' title="bbox 250 3199 1237 3293; baseline 0.001 -24"><span class='ocrx_word' id='word_1_191' title='bbox 250 3200 460 3292; x_wconf 82' lang='lat' dir='ltr'><strong>perexiguae</strong></span> <span class='ocrx_word' id='word_1_192' title='bbox 473 3214 555 3271; x_wconf 91' lang='lat' dir='ltr'><strong>suut</strong></span> <span class='ocrx_word' id='word_1_193' title='bbox 571 3199 758 3293; x_wconf 74' lang='lat' dir='ltr'><strong>reliquiae:</strong></span> <span class='ocrx_word' id='word_1_194' title='bbox 782 3213 915 3270; x_wconf 88' lang='lat' dir='ltr'><strong>caetera</strong></span> <span class='ocrx_word' id='word_1_195' title='bbox 931 3200 1133 3284; x_wconf 92' lang='lat' dir='ltr'><strong>multitudo,</strong></span> <span class='ocrx_word' id='word_1_196' title='bbox 1157 3202 1237 3270; x_wconf 93' lang='lat' dir='ltr'><strong>lon-</strong></span> 
     </span>
     <span class='ocr_line' id='line_1_32' title="bbox 250 3302 1237 3393; baseline 0.001 -22"><span class='ocrx_word' id='word_1_197' title='bbox 250 3326 292 3393; x_wconf 87' lang='lat' dir='ltr'><strong>ge</strong></span> <span class='ocrx_word' id='word_1_198' title='bbox 315 3303 555 3386; x_wconf 85' lang='lat' dir='ltr'><strong>numerosior,</strong></span> <span class='ocrx_word' id='word_1_199' title='bbox 587 3317 619 3371; x_wconf 90' lang='lat' dir='ltr'><strong>et</strong></span> <span class='ocrx_word' id='word_1_200' title='bbox 642 3302 786 3391; x_wconf 89' lang='lat' dir='ltr'><strong>opibus,</strong></span> <span class='ocrx_word' id='word_1_201' title='bbox 813 3302 990 3393; x_wconf 89' lang='lat' dir='ltr'><strong>imperiis,</strong></span> <span class='ocrx_word' id='word_1_202' title='bbox 1016 3303 1237 3388; x_wconf 83' lang='lat' dir='ltr'><strong>exercitibus,</strong></span> 
     </span>
     <span class='ocr_line' id='line_1_33' title="bbox 250 3403 1234 3501; baseline 0 -27"><span class='ocrx_word' id='word_1_203' title='bbox 250 3405 359 3475; x_wconf 89' lang='lat' dir='ltr'><strong>armis</strong></span> <span class='ocrx_word' id='word_1_204' title='bbox 372 3406 568 3476; x_wconf 85' lang='lat' dir='ltr'><strong>terribilior</strong></span> <span class='ocrx_word' id='word_1_205' title='bbox 583 3419 634 3476; x_wconf 90' lang='lat' dir='ltr'><strong>est</strong></span> <span class='ocrx_word' id='word_1_206' title='bbox 643 3403 843 3474; x_wconf 82' lang='lat' dir='ltr'><strong>Turturum</strong></span> <span class='ocrx_word' id='word_1_207' title='bbox 859 3404 1151 3486; x_wconf 86' lang='lat' dir='ltr'><strong>etTartarorum,</strong></span> <span class='ocrx_word' id='word_1_208' title='bbox 1174 3407 1234 3501; x_wconf 91' lang='lat' dir='ltr'><strong>qui</strong></span> 
     </span>
     <span class='ocr_line' id='line_1_34' title="bbox 250 3507 1235 3596; baseline 0.004 -22"><span class='ocrx_word' id='word_1_209' title='bbox 250 3507 366 3596; x_wconf 87' lang='lat' dir='ltr'><strong>palam</strong></span> <span class='ocrx_word' id='word_1_210' title='bbox 389 3508 553 3577; x_wconf 89' lang='lat' dir='ltr'><strong>derident</strong></span> <span class='ocrx_word' id='word_1_211' title='bbox 575 3521 607 3576; x_wconf 94' lang='lat' dir='ltr'><strong>ct</strong></span> <span class='ocrx_word' id='word_1_212' title='bbox 631 3507 855 3577; x_wconf 88' lang='lat' dir='ltr'><strong>contumeliis</strong></span> <span class='ocrx_word' id='word_1_213' title='bbox 876 3507 1094 3579; x_wconf 88' lang='lat' dir='ltr'><strong>insectantur</strong></span> <span class='ocrx_word' id='word_1_214' title='bbox 1121 3509 1235 3578; x_wconf 86' lang='lat' dir='ltr'><strong>lilium</strong></span> 
     </span>
     <span class='ocr_line' id='line_1_35' title="bbox 238 3604 1235 3698; baseline 0.002 -19"><span class='ocrx_word' id='word_1_215' title='bbox 238 3607 318 3698; x_wconf 68' lang='lat' dir='ltr'><strong>‚Dei</strong></span> <span class='ocrx_word' id='word_1_216' title='bbox 331 3605 526 3679; x_wconf 91' lang='lat' dir='ltr'><strong>Dominum</strong></span> <span class='ocrx_word' id='word_1_217' title='bbox 552 3621 712 3678; x_wconf 90' lang='lat' dir='ltr'><strong>nostrum</strong></span> <span class='ocrx_word' id='word_1_218' title='bbox 736 3608 847 3677; x_wconf 88' lang='lat' dir='ltr'><strong>lesum</strong></span> <span class='ocrx_word' id='word_1_219' title='bbox 866 3604 1060 3682; x_wconf 85' lang='lat' dir='ltr'><strong>Christum.</strong></span> <span class='ocrx_word' id='word_1_220' title='bbox 1110 3609 1235 3680; x_wconf 88' lang='lat' dir='ltr'><strong>Postea</strong></span> 
     </span>
     <span class='ocr_line' id='line_1_36' title="bbox 249 3705 1237 3804; baseline 0.001 -24"><span class='ocrx_word' id='word_1_221' title='bbox 249 3712 288 3780; x_wconf 91' lang='lat' dir='ltr'><strong>in</strong></span> <span class='ocrx_word' id='word_1_222' title='bbox 319 3707 387 3781; x_wconf 86' lang='lat' dir='ltr'><strong>lroc</strong></span> <span class='ocrx_word' id='word_1_223' title='bbox 416 3713 492 3801; x_wconf 91' lang='lat' dir='ltr'><strong>ipso</strong></span> <span class='ocrx_word' id='word_1_224' title='bbox 523 3725 641 3795; x_wconf 91' lang='lat' dir='ltr'><strong>coetu,</strong></span> <span class='ocrx_word' id='word_1_225' title='bbox 680 3711 742 3804; x_wconf 90' lang='lat' dir='ltr'><strong>qui</strong></span> <span class='ocrx_word' id='word_1_226' title='bbox 771 3705 981 3781; x_wconf 84' lang='lat' dir='ltr'><strong>nominatur</strong></span> <span class='ocrx_word' id='word_1_227' title='bbox 1000 3706 1237 3798; x_wconf 86' lang='lat' dir='ltr'><strong>Christianus,</strong></span> 
     </span>
     <span class='ocr_line' id='line_1_37' title="bbox 250 3812 1236 3904; baseline 0.001 -21"><span class='ocrx_word' id='word_1_228' title='bbox 250 3837 370 3884; x_wconf 92' lang='lat' dir='ltr'><strong>nonne</strong></span> <span class='ocrx_word' id='word_1_229' title='bbox 386 3814 508 3884; x_wconf 90' lang='lat' dir='ltr'><strong>multis</strong></span> <span class='ocrx_word' id='word_1_230' title='bbox 524 3814 683 3904; x_wconf 88' lang='lat' dir='ltr'><strong>partibus</strong></span> <span class='ocrx_word' id='word_1_231' title='bbox 703 3812 819 3902; x_wconf 89' lang='lat' dir='ltr'><strong>plures</strong></span> <span class='ocrx_word' id='word_1_232' title='bbox 841 3814 967 3884; x_wconf 86' lang='lat' dir='ltr'><strong>vivunt</strong></span> <span class='ocrx_word' id='word_1_233' title='bbox 988 3813 1026 3881; x_wconf 92' lang='lat' dir='ltr'><strong>in</strong></span> <span class='ocrx_word' id='word_1_234' title='bbox 1048 3814 1236 3886; x_wconf 78' lang='lat' dir='ltr'><strong>manifesto</strong></span> 
     </span>
     <span class='ocr_line' id='line_1_38' title="bbox 250 3912 1236 4011; baseline 0.002 -27"><span class='ocrx_word' id='word_1_235' title='bbox 250 3930 286 3987; x_wconf 87' lang='lat' dir='ltr'><strong>et</strong></span> <span class='ocrx_word' id='word_1_236' title='bbox 298 3914 501 4011; x_wconf 91' lang='lat' dir='ltr'><strong>Cycloplico</strong></span> <span class='ocrx_word' id='word_1_237' title='bbox 515 3916 581 3986; x_wconf 92' lang='lat' dir='ltr'><strong>Dei</strong></span> <span class='ocrx_word' id='word_1_238' title='bbox 599 3915 803 3986; x_wconf 87' lang='lat' dir='ltr'><strong>contemtu?</strong></span> <span class='ocrx_word' id='word_1_239' title='bbox 853 3912 982 3985; x_wconf 89' lang='lat' dir='ltr'><strong>Nonne</strong></span> <span class='ocrx_word' id='word_1_240' title='bbox 996 3915 1100 3984; x_wconf 91' lang='lat' dir='ltr'><strong>multi</strong></span> <span class='ocrx_word' id='word_1_241' title='bbox 1122 3939 1236 4008; x_wconf 90' lang='lat' dir='ltr'><strong>oppu-</strong></span> 
     </span>
     <span class='ocr_line' id='line_1_39' title="bbox 242 4012 1237 4112; baseline -0.001 -25"><span class='ocrx_word' id='word_1_242' title='bbox 242 4033 361 4110; x_wconf 84' lang='lat' dir='ltr'><strong>-gnant</strong></span> <span class='ocrx_word' id='word_1_243' title='bbox 381 4034 415 4090; x_wconf 89' lang='lat' dir='ltr'><strong>et</strong></span> <span class='ocrx_word' id='word_1_244' title='bbox 437 4032 698 4112; x_wconf 87' lang='lat' dir='ltr'><strong>persequuntur</strong></span> <span class='ocrx_word' id='word_1_245' title='bbox 718 4016 927 4088; x_wconf 83' lang='lat' dir='ltr'><strong>veritatem?</strong></span> <span class='ocrx_word' id='word_1_246' title='bbox 976 4012 1037 4088; x_wconf 89' lang='lat' dir='ltr'><strong>An</strong></span> <span class='ocrx_word' id='word_1_247' title='bbox 1059 4041 1133 4088; x_wconf 91' lang='lat' dir='ltr'><strong>non</strong></span> <span class='ocrx_word' id='word_1_248' title='bbox 1154 4019 1237 4088; x_wconf 87' lang='lat' dir='ltr'><strong>ubi-</strong></span> 
     </span>
     <span class='ocr_line' id='line_1_40' title="bbox 215 4113 1236 4213; baseline 0 -23"><span class='ocrx_word' id='word_1_249' title='bbox 215 4113 219 4119; x_wconf 72' lang='grc'><strong>’</strong></span> <span class='ocrx_word' id='word_1_250' title='bbox 249 4145 318 4213; x_wconf 90' lang='lat' dir='ltr'><strong>que</strong></span> <span class='ocrx_word' id='word_1_251' title='bbox 334 4121 528 4213; x_wconf 89' lang='lat' dir='ltr'><strong>plurimum</strong></span> <span class='ocrx_word' id='word_1_252' title='bbox 546 4135 598 4192; x_wconf 90' lang='lat' dir='ltr'><strong>est</strong></span> <span class='ocrx_word' id='word_1_253' title='bbox 615 4120 854 4205; x_wconf 89' lang='lat' dir='ltr'><strong>temulentiae,</strong></span> <span class='ocrx_word' id='word_1_254' title='bbox 878 4119 1156 4209; x_wconf 87' lang='lat' dir='ltr'><strong>superstitionis,</strong></span> <span class='ocrx_word' id='word_1_255' title='bbox 1179 4143 1236 4190; x_wconf 90' lang='lat' dir='ltr'><strong>so-</strong></span> 
     </span>
     <span class='ocr_line' id='line_1_41' title="bbox 250 4217 1236 4312; baseline 0.001 -21"><span class='ocrx_word' id='word_1_256' title='bbox 250 4217 435 4312; x_wconf 88' lang='lat' dir='ltr'><strong>phistices,</strong></span> <span class='ocrx_word' id='word_1_257' title='bbox 478 4223 702 4308; x_wconf 87' lang='lat' dir='ltr'><strong>ambitionis,</strong></span> <span class='ocrx_word' id='word_1_258' title='bbox 742 4217 1028 4292; x_wconf 87' lang='lat' dir='ltr'><strong>Pharisaicorum</strong></span> <span class='ocrx_word' id='word_1_259' title='bbox 1056 4222 1236 4309; x_wconf 90' lang='lat' dir='ltr'><strong>odiorum,</strong></span> 
     </span>
    </p>
   </div>
   <div class='ocr_carea' id='block_1_12' title="bbox 1280 443 2257 1846">
    <p class='ocr_par' dir='ltr' id='par_1_13' title="bbox 1280 443 2257 1846">
     <span class='ocr_line' id='line_1_42' title="bbox 1281 443 2256 534; baseline 0.004 -22"><span class='ocrx_word' id='word_1_260' title='bbox 1281 444 1393 512; x_wconf 87' lang='lat' dir='ltr'><strong>ctrina</strong></span> <span class='ocrx_word' id='word_1_261' title='bbox 1410 445 1454 514; x_wconf 87' lang='lat' dir='ltr'><strong>ad</strong></span> <span class='ocrx_word' id='word_1_262' title='bbox 1470 444 1628 534; x_wconf 87' lang='lat' dir='ltr'><strong>exempla</strong></span> <span class='ocrx_word' id='word_1_263' title='bbox 1644 443 1904 532; x_wconf 88' lang='lat' dir='ltr'><strong>multitudinis,</strong></span> <span class='ocrx_word' id='word_1_264' title='bbox 1930 448 1979 520; x_wconf 88' lang='lat' dir='ltr'><strong>ita</strong></span> <span class='ocrx_word' id='word_1_265' title='bbox 1995 449 2256 520; x_wconf 82' lang='lat' dir='ltr'><strong>ratiocinenturt</strong></span> 
     </span>
     <span class='ocr_line' id='line_1_43' title="bbox 1280 541 2256 638; baseline 0.004 -24"><span class='ocrx_word' id='word_1_266' title='bbox 1280 541 1372 615; x_wconf 87' lang='lat' dir='ltr'><strong>Ecce</strong></span> <span class='ocrx_word' id='word_1_267' title='bbox 1395 545 1481 638; x_wconf 91' lang='lat' dir='ltr'><strong>quid</strong></span> <span class='ocrx_word' id='word_1_268' title='bbox 1503 545 1627 618; x_wconf 85' lang='lat' dir='ltr'><strong>attinet</strong></span> <span class='ocrx_word' id='word_1_269' title='bbox 1644 559 1827 638; x_wconf 87' lang='lat' dir='ltr'><strong>tantopere</strong></span> <span class='ocrx_word' id='word_1_270' title='bbox 1844 550 2049 620; x_wconf 87' lang='lat' dir='ltr'><strong>discruciari</strong></span> <span class='ocrx_word' id='word_1_271' title='bbox 2064 553 2108 620; x_wconf 93' lang='lat' dir='ltr'><strong>de</strong></span> <span class='ocrx_word' id='word_1_272' title='bbox 2123 550 2191 620; x_wconf 84' lang='lat' dir='ltr'><strong>vita</strong></span> <span class='ocrx_word' id='word_1_273' title='bbox 2208 573 2256 618; x_wconf 87' lang='lat' dir='ltr'><strong>se·</strong></span> 
     </span>
     <span class='ocr_line' id='line_1_44' title="bbox 1281 647 2254 740; baseline 0.004 -24"><span class='ocrx_word' id='word_1_274' title='bbox 1281 659 1406 717; x_wconf 87' lang='lat' dir='ltr'><strong>cuture</strong></span> <span class='ocrx_word' id='word_1_275' title='bbox 1434 663 1514 740; x_wconf 88' lang='lat' dir='ltr'><strong>post</strong></span> <span class='ocrx_word' id='word_1_276' title='bbox 1542 661 1691 718; x_wconf 91' lang='lat' dir='ltr'><strong>mortem</strong></span> <span class='ocrx_word' id='word_1_277' title='bbox 1720 651 1935 740; x_wconf 82' lang='lat' dir='ltr'><strong>corporum?</strong></span> <span class='ocrx_word' id='word_1_278' title='bbox 1985 647 2045 724; x_wconf 71' lang='lat' dir='ltr'><strong>Au</strong></span> <span class='ocrx_word' id='word_1_279' title='bbox 2073 674 2254 722; x_wconf 87' lang='lat' dir='ltr'><strong>recusarem</strong></span> 
     </span>
     <span class='ocr_line' id='line_1_45' title="bbox 1281 748 2255 824; baseline 0.002 -5"><span class='ocrx_word' id='word_1_280' title='bbox 1281 773 1507 819; x_wconf 87' lang='lat' dir='ltr'><strong>communem</strong></span> <span class='ocrx_word' id='word_1_281' title='bbox 1530 761 1582 820; x_wconf 90' lang='lat' dir='ltr'><strong>tot</strong></span> <span class='ocrx_word' id='word_1_282' title='bbox 1600 751 1729 821; x_wconf 90' lang='lat' dir='ltr'><strong>millies</strong></span> <span class='ocrx_word' id='word_1_283' title='bbox 1746 751 1844 822; x_wconf 88' lang='lat' dir='ltr'><strong>mille</strong></span> <span class='ocrx_word' id='word_1_284' title='bbox 1859 748 2047 824; x_wconf 89' lang='lat' dir='ltr'><strong>hominum</strong></span> <span class='ocrx_word' id='word_1_285' title='bbox 2062 753 2255 824; x_wconf 81' lang='lat' dir='ltr'><strong>iouumm?</strong></span> 
     </span>
     <span class='ocr_line' id='line_1_46' title="bbox 1282 851 2255 949; baseline 0.001 -29"><span class='ocrx_word' id='word_1_286' title='bbox 1282 875 1322 920; x_wconf 91' lang='lat' dir='ltr'><strong>ac</strong></span> <span class='ocrx_word' id='word_1_287' title='bbox 1343 853 1566 944; x_wconf 88' lang='lat' dir='ltr'><strong>praecipuam</strong></span> <span class='ocrx_word' id='word_1_288' title='bbox 1589 851 1745 948; x_wconf 89' lang='lat' dir='ltr'><strong>aliquam</strong></span> <span class='ocrx_word' id='word_1_289' title='bbox 1763 855 2014 949; x_wconf 88' lang='lat' dir='ltr'><strong>propriamque</strong></span> <span class='ocrx_word' id='word_1_290' title='bbox 2031 855 2255 948; x_wconf 81' lang='lat' dir='ltr'><strong>postularem?</strong></span> 
     </span>
     <span class='ocr_line' id='line_1_47' title="bbox 1283 951 2255 1052; baseline 0.004 -30"><span class='ocrx_word' id='word_1_291' title='bbox 1283 951 1359 1023; x_wconf 90' lang='lat' dir='ltr'><strong>lrno</strong></span> <span class='ocrx_word' id='word_1_292' title='bbox 1390 953 1560 1048; x_wconf 83' lang='lat' dir='ltr'><strong>quicquid</strong></span> <span class='ocrx_word' id='word_1_293' title='bbox 1587 956 1633 1024; x_wconf 92' lang='lat' dir='ltr'><strong>de</strong></span> <span class='ocrx_word' id='word_1_294' title='bbox 1657 968 1708 1025; x_wconf 95' lang='lat' dir='ltr'><strong>tot</strong></span> <span class='ocrx_word' id='word_1_295' title='bbox 1732 955 1831 1025; x_wconf 91' lang='lat' dir='ltr'><strong>mille</strong></span> <span class='ocrx_word' id='word_1_296' title='bbox 1854 957 2074 1052; x_wconf 81' lang='lat' dir='ltr'><strong>myriadibus</strong></span> <span class='ocrx_word' id='word_1_297' title='bbox 2099 971 2151 1028; x_wconf 89' lang='lat' dir='ltr'><strong>est</strong></span> <span class='ocrx_word' id='word_1_298' title='bbox 2169 958 2255 1029; x_wconf 90' lang='lat' dir='ltr'><strong>lutu-</strong></span> 
     </span>
     <span class='ocr_line' id='line_1_48' title="bbox 1282 1051 2256 1153; baseline 0.005 -29"><span class='ocrx_word' id='word_1_299' title='bbox 1282 1079 1381 1142; x_wconf 91' lang='lat' dir='ltr'><strong>rum,</strong></span> <span class='ocrx_word' id='word_1_300' title='bbox 1407 1058 1502 1126; x_wconf 90' lang='lat' dir='ltr'><strong>idem</strong></span> <span class='ocrx_word' id='word_1_301' title='bbox 1524 1081 1569 1126; x_wconf 92' lang='lat' dir='ltr'><strong>ne</strong></span> <span class='ocrx_word' id='word_1_302' title='bbox 1589 1051 1679 1126; x_wconf 92' lang='lat' dir='ltr'><strong>mibi</strong></span> <span class='ocrx_word' id='word_1_303' title='bbox 1695 1059 1848 1144; x_wconf 91' lang='lat' dir='ltr'><strong>accidat,</strong></span> <span class='ocrx_word' id='word_1_304' title='bbox 1873 1083 1942 1153; x_wconf 88' lang='lat' dir='ltr'><strong>qua</strong></span> <span class='ocrx_word' id='word_1_305' title='bbox 1956 1061 2074 1132; x_wconf 84' lang='lat' dir='ltr'><strong>fronte</strong></span> <span class='ocrx_word' id='word_1_306' title='bbox 2090 1059 2256 1153; x_wconf 88' lang='lat' dir='ltr'><strong>deprecari</strong></span> 
     </span>
     <span class='ocr_line' id='line_1_49' title="bbox 1283 1157 2257 1244; baseline 0.003 -17"><span class='ocrx_word' id='word_1_307' title='bbox 1283 1159 1422 1228; x_wconf 83' lang='lat' dir='ltr'><strong>ausim?</strong></span> <span class='ocrx_word' id='word_1_308' title='bbox 1472 1157 1617 1230; x_wconf 89' lang='lat' dir='ltr'><strong>Namsi</strong></span> <span class='ocrx_word' id='word_1_309' title='bbox 1638 1160 1718 1230; x_wconf 92' lang='lat' dir='ltr'><strong>Deo</strong></span> <span class='ocrx_word' id='word_1_310' title='bbox 1740 1183 1845 1232; x_wconf 89' lang='lat' dir='ltr'><strong>curae</strong></span> <span class='ocrx_word' id='word_1_311' title='bbox 1866 1162 1985 1236; x_wconf 84' lang='lat' dir='ltr'><strong>forent</strong></span> <span class='ocrx_word' id='word_1_312' title='bbox 2007 1186 2062 1235; x_wconf 89' lang='lat' dir='ltr'><strong>res</strong></span> <span class='ocrx_word' id='word_1_313' title='bbox 2087 1159 2257 1244; x_wconf 88' lang='lat' dir='ltr'><strong>humanae,</strong></span> 
     </span>
     <span class='ocr_line' id='line_1_50' title="bbox 1283 1257 2255 1356; baseline 0.002 -26"><span class='ocrx_word' id='word_1_314' title='bbox 1283 1284 1506 1356; x_wconf 90' lang='lat' dir='ltr'><strong>nequaquam</strong></span> <span class='ocrx_word' id='word_1_315' title='bbox 1537 1262 1668 1332; x_wconf 89' lang='lat' dir='ltr'><strong>sineret</strong></span> <span class='ocrx_word' id='word_1_316' title='bbox 1695 1275 1829 1334; x_wconf 87' lang='lat' dir='ltr'><strong>tantam</strong></span> <span class='ocrx_word' id='word_1_317' title='bbox 1857 1257 2046 1336; x_wconf 88' lang='lat' dir='ltr'><strong>bominum</strong></span> <span class='ocrx_word' id='word_1_318' title='bbox 2068 1264 2255 1336; x_wconf 87' lang='lat' dir='ltr'><strong>multitudi-</strong></span> 
     </span>
     <span class='ocr_line' id='line_1_51' title="bbox 1283 1357 2255 1451; baseline 0.001 -19"><span class='ocrx_word' id='word_1_319' title='bbox 1283 1387 1363 1432; x_wconf 89' lang='lat' dir='ltr'><strong>nem</strong></span> <span class='ocrx_word' id='word_1_320' title='bbox 1387 1378 1457 1434; x_wconf 90' lang='lat' dir='ltr'><strong>tam</strong></span> <span class='ocrx_word' id='word_1_321' title='bbox 1482 1357 1705 1434; x_wconf 90' lang='lat' dir='ltr'><strong>horribiliter</strong></span> <span class='ocrx_word' id='word_1_322' title='bbox 1727 1363 1820 1451; x_wconf 88' lang='lat' dir='ltr'><strong>labi,</strong></span> <span class='ocrx_word' id='word_1_323' title='bbox 1847 1380 1883 1437; x_wconf 88' lang='lat' dir='ltr'><strong>et</strong></span> <span class='ocrx_word' id='word_1_324' title='bbox 1904 1369 2186 1440; x_wconf 70' lang='lat' dir='ltr'><strong>erroribusadeo</strong></span> <span class='ocrx_word' id='word_1_325' title='bbox 2200 1367 2255 1436; x_wconf 91' lang='lat' dir='ltr'><strong>tri·</strong></span> 
     </span>
     <span class='ocr_line' id='line_1_52' title="bbox 1284 1464 2256 1562; baseline 0.005 -30"><span class='ocrx_word' id='word_1_326' title='bbox 1284 1464 1397 1538; x_wconf 88' lang='lat' dir='ltr'><strong>stibus</strong></span> <span class='ocrx_word' id='word_1_327' title='bbox 1418 1465 1620 1558; x_wconf 84' lang='lat' dir='ltr'><strong>implicari?</strong></span> <span class='ocrx_word' id='word_1_328' title='bbox 1672 1465 1789 1560; x_wconf 87' lang='lat' dir='ltr'><strong>Quid,</strong></span> <span class='ocrx_word' id='word_1_329' title='bbox 1813 1469 1908 1562; x_wconf 87' lang='lat' dir='ltr'><strong>quod</strong></span> <span class='ocrx_word' id='word_1_330' title='bbox 1933 1470 2101 1541; x_wconf 82' lang='lat' dir='ltr'><strong>citissime</strong></span> <span class='ocrx_word' id='word_1_331' title='bbox 2124 1481 2256 1538; x_wconf 92' lang='lat' dir='ltr'><strong>manant</strong></span> 
     </span>
     <span class='ocr_line' id='line_1_53' title="bbox 1284 1567 2255 1660; baseline -0.001 -23"><span class='ocrx_word' id='word_1_332' title='bbox 1284 1567 1442 1658; x_wconf 90' lang='lat' dir='ltr'><strong>contagia</strong></span> <span class='ocrx_word' id='word_1_333' title='bbox 1475 1590 1580 1659; x_wconf 87' lang='lat' dir='ltr'><strong>prava</strong></span> <span class='ocrx_word' id='word_1_334' title='bbox 1604 1569 1836 1660; x_wconf 90' lang='lat' dir='ltr'><strong>opinionum,</strong></span> <span class='ocrx_word' id='word_1_335' title='bbox 1870 1595 2012 1643; x_wconf 89' lang='lat' dir='ltr'><strong>morum</strong></span> <span class='ocrx_word' id='word_1_336' title='bbox 2037 1585 2072 1644; x_wconf 92' lang='lat' dir='ltr'><strong>et</strong></span> <span class='ocrx_word' id='word_1_337' title='bbox 2092 1569 2255 1659; x_wconf 87' lang='lat' dir='ltr'><strong>exemplo·</strong></span> 
     </span>
     <span class='ocr_line' id='line_1_54' title="bbox 1284 1669 2255 1767; baseline 0 -29"><span class='ocrx_word' id='word_1_338' title='bbox 1284 1670 1387 1738; x_wconf 84' lang='lat' dir='ltr'><strong>rum?</strong></span> <span class='ocrx_word' id='word_1_339' title='bbox 1419 1669 1624 1762; x_wconf 89' lang='lat' dir='ltr'><strong>praesertim</strong></span> <span class='ocrx_word' id='word_1_340' title='bbox 1649 1671 1743 1742; x_wconf 91' lang='lat' dir='ltr'><strong>inter</strong></span> <span class='ocrx_word' id='word_1_341' title='bbox 1766 1695 1845 1754; x_wconf 82' lang='lat' dir='ltr'><strong>eos,</strong></span> <span class='ocrx_word' id='word_1_342' title='bbox 1871 1697 2029 1767; x_wconf 87' lang='lat' dir='ltr'><strong>quorum</strong></span> <span class='ocrx_word' id='word_1_343' title='bbox 2047 1687 2098 1744; x_wconf 90' lang='lat' dir='ltr'><strong>est</strong></span> <span class='ocrx_word' id='word_1_344' title='bbox 2121 1671 2255 1741; x_wconf 91' lang='lat' dir='ltr'><strong>interior</strong></span> 
     </span>
     <span class='ocr_line' id='line_1_55' title="bbox 1284 1771 1959 1846; baseline 0.006 -7"><span class='ocrx_word' id='word_1_345' title='bbox 1284 1771 1504 1842; x_wconf 78' lang='lat' dir='ltr'><strong>familiaritas</strong></span> <span class='ocrx_word' id='word_1_346' title='bbox 1520 1787 1554 1842; x_wconf 91' lang='lat' dir='ltr'><strong>et</strong></span> <span class='ocrx_word' id='word_1_347' title='bbox 1571 1772 1710 1844; x_wconf 89' lang='lat' dir='ltr'><strong>assidua</strong></span> <span class='ocrx_word' id='word_1_348' title='bbox 1727 1775 1959 1846; x_wconf 88' lang='lat' dir='ltr'><strong>conversatio.</strong></span> 
     </span>
    </p>
   </div>
   <div class='ocr_carea' id='block_1_13' title="bbox 1284 1906 2255 2798">
    <p class='ocr_par' dir='ltr' id='par_1_14' title="bbox 1284 1906 2255 2798">
     <span class='ocr_line' id='line_1_56' title="bbox 1387 1906 2253 2006; baseline -0.005 -28"><span class='ocrx_word' id='word_1_349' title='bbox 1387 1906 1698 1996; x_wconf 87' lang='lat' dir='ltr'><strong>Quemadmodum</strong></span> <span class='ocrx_word' id='word_1_350' title='bbox 1724 1924 1860 1981; x_wconf 89' lang='lat' dir='ltr'><strong>constat</strong></span> <span class='ocrx_word' id='word_1_351' title='bbox 1882 1934 2169 2006; x_wconf 89' lang='lat' dir='ltr'><strong>unumquemque</strong></span> <span class='ocrx_word' id='word_1_352' title='bbox 2189 1906 2253 1996; x_wconf 90' lang='lat' dir='ltr'><strong>opi·</strong></span> 
     </span>
     <span class='ocr_line' id='line_1_57' title="bbox 1284 2011 2254 2100; baseline -0.004 -20"><span class='ocrx_word' id='word_1_353' title='bbox 1284 2011 1455 2082; x_wconf 90' lang='lat' dir='ltr'><strong>niunibus</strong></span> <span class='ocrx_word' id='word_1_354' title='bbox 1483 2027 1518 2081; x_wconf 92' lang='lat' dir='ltr'><strong>et</strong></span> <span class='ocrx_word' id='word_1_355' title='bbox 1548 2013 1707 2082; x_wconf 89' lang='lat' dir='ltr'><strong>moribus</strong></span> <span class='ocrx_word' id='word_1_356' title='bbox 1737 2012 1931 2100; x_wconf 87' lang='lat' dir='ltr'><strong>eiusmodi,</strong></span> <span class='ocrx_word' id='word_1_357' title='bbox 1965 2015 2042 2084; x_wconf 90' lang='lat' dir='ltr'><strong>sive</strong></span> <span class='ocrx_word' id='word_1_358' title='bbox 2071 2013 2171 2084; x_wconf 90' lang='lat' dir='ltr'><strong>bonis</strong></span> <span class='ocrx_word' id='word_1_359' title='bbox 2193 2011 2254 2078; x_wconf 85' lang='lat' dir='ltr'><strong>sive</strong></span> 
     </span>
     <span class='ocr_line' id='line_1_58' title="bbox 1284 2111 2253 2210; baseline -0.005 -28"><span class='ocrx_word' id='word_1_360' title='bbox 1284 2113 1408 2198; x_wconf 90' lang='lat' dir='ltr'><strong>malis,</strong></span> <span class='ocrx_word' id='word_1_361' title='bbox 1430 2113 1528 2183; x_wconf 86' lang='lat' dir='ltr'><strong>velut</strong></span> <span class='ocrx_word' id='word_1_362' title='bbox 1550 2113 1664 2184; x_wconf 90' lang='lat' dir='ltr'><strong>imbui</strong></span> <span class='ocrx_word' id='word_1_363' title='bbox 1681 2137 1721 2184; x_wconf 91' lang='lat' dir='ltr'><strong>ac</strong></span> <span class='ocrx_word' id='word_1_364' title='bbox 1738 2115 1972 2201; x_wconf 80' lang='lat' dir='ltr'><strong>conformari,</strong></span> <span class='ocrx_word' id='word_1_365' title='bbox 1995 2116 2118 2210; x_wconf 87' lang='lat' dir='ltr'><strong>quales</strong></span> <span class='ocrx_word' id='word_1_366' title='bbox 2131 2111 2253 2201; x_wconf 85' lang='lat' dir='ltr'><strong>conspi-</strong></span> 
     </span>
     <span class='ocr_line' id='line_1_59' title="bbox 1284 2213 2253 2316; baseline -0.006 -31"><span class='ocrx_word' id='word_1_367' title='bbox 1284 2213 1429 2316; x_wconf 84' lang='lat' dir='ltr'><strong>ciuntur</strong></span> <span class='ocrx_word' id='word_1_368' title='bbox 1450 2228 1484 2285; x_wconf 91' lang='lat' dir='ltr'><strong>et</strong></span> <span class='ocrx_word' id='word_1_369' title='bbox 1503 2215 1663 2285; x_wconf 88' lang='lat' dir='ltr'><strong>eminent</strong></span> <span class='ocrx_word' id='word_1_370' title='bbox 1685 2215 1724 2284; x_wconf 93' lang='lat' dir='ltr'><strong>in</strong></span> <span class='ocrx_word' id='word_1_371' title='bbox 1748 2215 1814 2300; x_wconf 88' lang='lat' dir='ltr'><strong>iis,</strong></span> <span class='ocrx_word' id='word_1_372' title='bbox 1841 2241 1995 2310; x_wconf 91' lang='lat' dir='ltr'><strong>quorum</strong></span> <span class='ocrx_word' id='word_1_373' title='bbox 2017 2213 2253 2288; x_wconf 89' lang='lat' dir='ltr'><strong>cousuetudine</strong></span> 
     </span>
     <span class='ocr_line' id='line_1_60' title="bbox 1285 2313 2252 2404; baseline -0.006 -18"><span class='ocrx_word' id='word_1_374' title='bbox 1285 2317 1496 2387; x_wconf 88' lang='lat' dir='ltr'><strong>delectatur:</strong></span> <span class='ocrx_word' id='word_1_375' title='bbox 1523 2315 1574 2386; x_wconf 90' lang='lat' dir='ltr'><strong>sic</strong></span> <span class='ocrx_word' id='word_1_376' title='bbox 1593 2317 1731 2388; x_wconf 85' lang='lat' dir='ltr'><strong>facilius</strong></span> <span class='ocrx_word' id='word_1_377' title='bbox 1755 2330 1791 2389; x_wconf 90' lang='lat' dir='ltr'><strong>et</strong></span> <span class='ocrx_word' id='word_1_378' title='bbox 1813 2316 1901 2390; x_wconf 84' lang='lat' dir='ltr'><strong>vitia</strong></span> <span class='ocrx_word' id='word_1_379' title='bbox 1926 2319 2128 2404; x_wconf 90' lang='lat' dir='ltr'><strong>imitamur,</strong></span> <span class='ocrx_word' id='word_1_380' title='bbox 2152 2313 2252 2388; x_wconf 89' lang='lat' dir='ltr'><strong>etlal-</strong></span> 
     </span>
     <span class='ocr_line' id='line_1_61' title="bbox 1285 2419 2253 2514; baseline -0.005 -25"><span class='ocrx_word' id='word_1_381' title='bbox 1285 2443 1340 2489; x_wconf 90' lang='lat' dir='ltr'><strong>sas</strong></span> <span class='ocrx_word' id='word_1_382' title='bbox 1364 2419 1552 2509; x_wconf 86' lang='lat' dir='ltr'><strong>opiniones</strong></span> <span class='ocrx_word' id='word_1_383' title='bbox 1573 2419 1840 2510; x_wconf 88' lang='lat' dir='ltr'><strong>amplectimur,</strong></span> <span class='ocrx_word' id='word_1_384' title='bbox 1866 2445 1948 2491; x_wconf 90' lang='lat' dir='ltr'><strong>cum</strong></span> <span class='ocrx_word' id='word_1_385' title='bbox 1967 2436 2113 2514; x_wconf 88' lang='lat' dir='ltr'><strong>propter</strong></span> <span class='ocrx_word' id='word_1_386' title='bbox 2127 2434 2253 2490; x_wconf 88' lang='lat' dir='ltr'><strong>naturae</strong></span> 
     </span>
     <span class='ocr_line' id='line_1_62' title="bbox 1286 2516 2253 2618; baseline -0.005 -28"><span class='ocrx_word' id='word_1_387' title='bbox 1286 2521 1592 2618; x_wconf 85' lang='lat' dir='ltr'><strong>depravationem,</strong></span> <span class='ocrx_word' id='word_1_388' title='bbox 1616 2535 1690 2592; x_wconf 87' lang='lat' dir='ltr'><strong>turn</strong></span> <span class='ocrx_word' id='word_1_389' title='bbox 1709 2522 1791 2614; x_wconf 90' lang='lat' dir='ltr'><strong>quia</strong></span> <span class='ocrx_word' id='word_1_390' title='bbox 1805 2523 1919 2592; x_wconf 89' lang='lat' dir='ltr'><strong>teneri</strong></span> <span class='ocrx_word' id='word_1_391' title='bbox 1935 2537 1968 2593; x_wconf 91' lang='lat' dir='ltr'><strong>et</strong></span> <span class='ocrx_word' id='word_1_392' title='bbox 1984 2523 2174 2592; x_wconf 88' lang='lat' dir='ltr'><strong>imbecilles</strong></span> <span class='ocrx_word' id='word_1_393' title='bbox 2188 2516 2253 2586; x_wconf 88' lang='lat' dir='ltr'><strong>ani·</strong></span> 
     </span>
     <span class='ocr_line' id='line_1_63' title="bbox 1287 2620 2255 2712; baseline -0.005 -23"><span class='ocrx_word' id='word_1_394' title='bbox 1287 2621 1338 2692; x_wconf 91' lang='lat' dir='ltr'><strong>mi</strong></span> <span class='ocrx_word' id='word_1_395' title='bbox 1358 2645 1531 2692; x_wconf 89' lang='lat' dir='ltr'><strong>consensu</strong></span> <span class='ocrx_word' id='word_1_396' title='bbox 1555 2646 1596 2691; x_wconf 88' lang='lat' dir='ltr'><strong>ac</strong></span> <span class='ocrx_word' id='word_1_397' title='bbox 1617 2624 1874 2694; x_wconf 90' lang='lat' dir='ltr'><strong>consuetudine</strong></span> <span class='ocrx_word' id='word_1_398' title='bbox 1889 2625 2130 2696; x_wconf 91' lang='lat' dir='ltr'><strong>multitudinis</strong></span> <span class='ocrx_word' id='word_1_399' title='bbox 2145 2620 2255 2712; x_wconf 91' lang='lat' dir='ltr'><strong>impiae</strong></span> 
     </span>
     <span class='ocr_line' id='line_1_64' title="bbox 1286 2720 1902 2798; baseline 0.008 -6"><span class='ocrx_word' id='word_1_400' title='bbox 1286 2723 1390 2794; x_wconf 89' lang='lat' dir='ltr'><strong>citius</strong></span> <span class='ocrx_word' id='word_1_401' title='bbox 1404 2737 1593 2793; x_wconf 86' lang='lat' dir='ltr'><strong>moventur</strong></span> <span class='ocrx_word' id='word_1_402' title='bbox 1607 2748 1647 2793; x_wconf 89' lang='lat' dir='ltr'><strong>ac</strong></span> <span class='ocrx_word' id='word_1_403' title='bbox 1662 2720 1902 2798; x_wconf 86' lang='lat' dir='ltr'><strong>attrabuntur.</strong></span> 
     </span>
    </p>
   </div>
   <div class='ocr_carea' id='block_1_14' title="bbox 1286 2825 2253 3446">
    <p class='ocr_par' dir='ltr' id='par_1_15' title="bbox 1286 2825 2253 3446">
     <span class='ocr_line' id='line_1_65' title="bbox 1388 2825 2253 2931; baseline -0.002 -20"><span class='ocrx_word' id='word_1_404' title='bbox 1388 2837 1442 2911; x_wconf 89' lang='lat' dir='ltr'><strong>De</strong></span> <span class='ocrx_word' id='word_1_405' title='bbox 1472 2853 1543 2911; x_wconf 90' lang='lat' dir='ltr'><strong>tam</strong></span> <span class='ocrx_word' id='word_1_406' title='bbox 1573 2842 1682 2911; x_wconf 82' lang='lat' dir='ltr'><strong>variis</strong></span> <span class='ocrx_word' id='word_1_407' title='bbox 1701 2842 1978 2931; x_wconf 87' lang='lat' dir='ltr'><strong>offensionibus,</strong></span> <span class='ocrx_word' id='word_1_408' title='bbox 2012 2841 2197 2919; x_wconf 85' lang='lat' dir='ltr'><strong>scandalis,</strong></span> <span class='ocrx_word' id='word_1_409' title='bbox 2226 2825 2253 2904; x_wconf 80' lang='lat' dir='ltr'><strong>el</strong></span> 
     </span>
     <span class='ocr_line' id='line_1_66' title="bbox 1287 2939 2251 3039; baseline 0.001 -26"><span class='ocrx_word' id='word_1_410' title='bbox 1287 2943 1458 3032; x_wconf 82' lang='lat' dir='ltr'><strong>contagiis</strong></span> <span class='ocrx_word' id='word_1_411' title='bbox 1476 2942 1684 3035; x_wconf 90' lang='lat' dir='ltr'><strong>perniciosis</strong></span> <span class='ocrx_word' id='word_1_412' title='bbox 1706 2945 1824 3039; x_wconf 91' lang='lat' dir='ltr'><strong>inquit</strong></span> <span class='ocrx_word' id='word_1_413' title='bbox 1845 2943 2019 3018; x_wconf 89' lang='lat' dir='ltr'><strong>Salomon</strong></span> <span class='ocrx_word' id='word_1_414' title='bbox 2036 2944 2197 3016; x_wconf 89' lang='lat' dir='ltr'><strong>Proverb.</strong></span> <span class='ocrx_word' id='word_1_415' title='bbox 2209 2939 2251 3014; x_wconf 77' lang='lat' dir='ltr'><strong>t:</strong></span> 
     </span>
     <span class='ocr_line' id='line_1_67' title="bbox 1287 3041 2252 3137; baseline -0.004 -23"><span class='ocrx_word' id='word_1_416' title='bbox 1287 3043 1404 3114; x_wconf 86' lang='lat' dir='ltr'><strong>Paene</strong></span> <span class='ocrx_word' id='word_1_417' title='bbox 1426 3045 1477 3115; x_wconf 89' lang='lat' dir='ltr'><strong>sui</strong></span> <span class='ocrx_word' id='word_1_418' title='bbox 1508 3045 1546 3114; x_wconf 90' lang='lat' dir='ltr'><strong>in</strong></span> <span class='ocrx_word' id='word_1_419' title='bbox 1569 3047 1667 3115; x_wconf 89' lang='lat' dir='ltr'><strong>omni</strong></span> <span class='ocrx_word' id='word_1_420' title='bbox 1691 3045 1841 3118; x_wconf 91' lang='lat' dir='ltr'><strong>maloin</strong></span> <span class='ocrx_word' id='word_1_421' title='bbox 1856 3050 1973 3120; x_wconf 91' lang='lat' dir='ltr'><strong>medio</strong></span> <span class='ocrx_word' id='word_1_422' title='bbox 1991 3041 2252 3137; x_wconf 80' lang='lat' dir='ltr'><strong>congregationis</strong></span> 
     </span>
     <span class='ocr_line' id='line_1_68' title="bbox 1287 3145 2250 3242; baseline -0.005 -28"><span class='ocrx_word' id='word_1_423' title='bbox 1287 3169 1349 3218; x_wconf 90' lang='lat' dir='ltr'><strong>seu</strong></span> <span class='ocrx_word' id='word_1_424' title='bbox 1379 3147 1641 3234; x_wconf 89' lang='lat' dir='ltr'><strong>multitudinis,</strong></span> <span class='ocrx_word' id='word_1_425' title='bbox 1679 3149 1741 3219; x_wconf 91' lang='lat' dir='ltr'><strong>ubi</strong></span> <span class='ocrx_word' id='word_1_426' title='bbox 1771 3149 1869 3220; x_wconf 88' lang='lat' dir='ltr'><strong>varia</strong></span> <span class='ocrx_word' id='word_1_427' title='bbox 1897 3174 2027 3242; x_wconf 87' lang='lat' dir='ltr'><strong>genera</strong></span> <span class='ocrx_word' id='word_1_428' title='bbox 2056 3145 2250 3238; x_wconf 90' lang='lat' dir='ltr'><strong>corruptela·</strong></span> 
     </span>
     <span class='ocr_line' id='line_1_69' title="bbox 1286 3249 2251 3341; baseline -0.002 -23"><span class='ocrx_word' id='word_1_429' title='bbox 1286 3273 1385 3334; x_wconf 90' lang='lat' dir='ltr'><strong>rum,</strong></span> <span class='ocrx_word' id='word_1_430' title='bbox 1412 3251 1448 3318; x_wconf 93' lang='lat' dir='ltr'><strong>in</strong></span> <span class='ocrx_word' id='word_1_431' title='bbox 1464 3249 1610 3340; x_wconf 88' lang='lat' dir='ltr'><strong>ritibus,</strong></span> <span class='ocrx_word' id='word_1_432' title='bbox 1639 3261 1674 3320; x_wconf 88' lang='lat' dir='ltr'><strong>et</strong></span> <span class='ocrx_word' id='word_1_433' title='bbox 1689 3250 1866 3337; x_wconf 87' lang='lat' dir='ltr'><strong>moribus,</strong></span> <span class='ocrx_word' id='word_1_434' title='bbox 1891 3275 1952 3322; x_wconf 89' lang='lat' dir='ltr'><strong>seu</strong></span> <span class='ocrx_word' id='word_1_435' title='bbox 1968 3252 2126 3341; x_wconf 90' lang='lat' dir='ltr'><strong>exempla</strong></span> <span class='ocrx_word' id='word_1_436' title='bbox 2139 3267 2251 3318; x_wconf 86' lang='lat' dir='ltr'><strong>nocen-</strong></span> 
     </span>
     <span class='ocr_line' id='line_1_70' title="bbox 1287 3351 2112 3446; baseline 0.004 -25"><span class='ocrx_word' id='word_1_437' title='bbox 1287 3352 1355 3436; x_wconf 88' lang='lat' dir='ltr'><strong>tia,</strong></span> <span class='ocrx_word' id='word_1_438' title='bbox 1381 3366 1414 3423; x_wconf 92' lang='lat' dir='ltr'><strong>et</strong></span> <span class='ocrx_word' id='word_1_439' title='bbox 1429 3352 1534 3421; x_wconf 78' lang='lat' dir='ltr'><strong>falsas</strong></span> <span class='ocrx_word' id='word_1_440' title='bbox 1549 3351 1737 3446; x_wconf 89' lang='lat' dir='ltr'><strong>opiniones</strong></span> <span class='ocrx_word' id='word_1_441' title='bbox 1753 3356 1918 3445; x_wconf 84' lang='lat' dir='ltr'><strong>conspexi</strong></span> <span class='ocrx_word' id='word_1_442' title='bbox 1935 3379 1975 3426; x_wconf 89' lang='lat' dir='ltr'><strong>ae</strong></span> <span class='ocrx_word' id='word_1_443' title='bbox 1989 3353 2112 3424; x_wconf 90' lang='lat' dir='ltr'><strong>didici.</strong></span> 
     </span>
    </p>
   </div>
   <div class='ocr_carea' id='block_1_15' title="bbox 1286 3483 2251 3967">
    <p class='ocr_par' dir='ltr' id='par_1_16' title="bbox 1286 3483 2251 3967">
     <span class='ocr_line' id='line_1_71' title="bbox 1388 3483 2251 3574; baseline -0.013 -14"><span class='ocrx_word' id='word_1_444' title='bbox 1388 3487 1495 3560; x_wconf 88' lang='lat' dir='ltr'><strong>Scitis</strong></span> <span class='ocrx_word' id='word_1_445' title='bbox 1516 3489 1792 3558; x_wconf 87' lang='lat' dir='ltr'><strong>innumerabiles</strong></span> <span class='ocrx_word' id='word_1_446' title='bbox 1814 3513 1855 3558; x_wconf 85' lang='lat' dir='ltr'><strong>ex</strong></span> <span class='ocrx_word' id='word_1_447' title='bbox 1871 3490 2075 3574; x_wconf 87' lang='lat' dir='ltr'><strong>iuventute,</strong></span> <span class='ocrx_word' id='word_1_448' title='bbox 2100 3483 2251 3558; x_wconf 86' lang='lat' dir='ltr'><strong>bonisia-</strong></span> 
     </span>
     <span class='ocr_line' id='line_1_72' title="bbox 1287 3589 2250 3683; baseline -0.002 -25"><span class='ocrx_word' id='word_1_449' title='bbox 1287 3589 1400 3680; x_wconf 87' lang='lat' dir='ltr'><strong>geniis</strong></span> <span class='ocrx_word' id='word_1_450' title='bbox 1419 3590 1614 3683; x_wconf 86' lang='lat' dir='ltr'><strong>praeditos,</strong></span> <span class='ocrx_word' id='word_1_451' title='bbox 1642 3594 1742 3660; x_wconf 89' lang='lat' dir='ltr'><strong>etad</strong></span> <span class='ocrx_word' id='word_1_452' title='bbox 1766 3592 1933 3662; x_wconf 87' lang='lat' dir='ltr'><strong>virtutem</strong></span> <span class='ocrx_word' id='word_1_453' title='bbox 1954 3593 2120 3674; x_wconf 87' lang='lat' dir='ltr'><strong>idoneos,</strong></span> <span class='ocrx_word' id='word_1_454' title='bbox 2143 3591 2250 3676; x_wconf 79' lang='lat' dir='ltr'><strong>depta-</strong></span> 
     </span>
     <span class='ocr_line' id='line_1_73' title="bbox 1286 3687 2250 3789; baseline -0.008 -29"><span class='ocrx_word' id='word_1_455' title='bbox 1286 3694 1362 3761; x_wconf 87' lang='lat' dir='ltr'><strong>vari</strong></span> <span class='ocrx_word' id='word_1_456' title='bbox 1384 3709 1418 3764; x_wconf 90' lang='lat' dir='ltr'><strong>et</strong></span> <span class='ocrx_word' id='word_1_457' title='bbox 1439 3693 1557 3762; x_wconf 91' lang='lat' dir='ltr'><strong>seduci</strong></span> <span class='ocrx_word' id='word_1_458' title='bbox 1584 3692 1686 3762; x_wconf 91' lang='lat' dir='ltr'><strong>malis</strong></span> <span class='ocrx_word' id='word_1_459' title='bbox 1704 3694 1896 3779; x_wconf 87' lang='lat' dir='ltr'><strong>sodalitiis,</strong></span> <span class='ocrx_word' id='word_1_460' title='bbox 1920 3719 2011 3789; x_wconf 88' lang='lat' dir='ltr'><strong>quae</strong></span> <span class='ocrx_word' id='word_1_461' title='bbox 2033 3690 2191 3780; x_wconf 86' lang='lat' dir='ltr'><strong>exemplis</strong></span> <span class='ocrx_word' id='word_1_462' title='bbox 2203 3687 2250 3752; x_wconf 91' lang='lat' dir='ltr'><strong>in·</strong></span> 
     </span>
     <span class='ocr_line' id='line_1_74' title="bbox 1288 3787 2249 3887; baseline -0.006 -28"><span class='ocrx_word' id='word_1_463' title='bbox 1288 3794 1400 3865; x_wconf 91' lang='lat' dir='ltr'><strong>vitant</strong></span> <span class='ocrx_word' id='word_1_464' title='bbox 1424 3795 1560 3887; x_wconf 89' lang='lat' dir='ltr'><strong>alioqui</strong></span> <span class='ocrx_word' id='word_1_465' title='bbox 1582 3796 1696 3865; x_wconf 89' lang='lat' dir='ltr'><strong>bonos</strong></span> <span class='ocrx_word' id='word_1_466' title='bbox 1718 3797 1761 3864; x_wconf 93' lang='lat' dir='ltr'><strong>ad</strong></span> <span class='ocrx_word' id='word_1_467' title='bbox 1780 3797 2004 3884; x_wconf 90' lang='lat' dir='ltr'><strong>societatem,</strong></span> <span class='ocrx_word' id='word_1_468' title='bbox 2030 3795 2086 3867; x_wconf 84' lang='lat' dir='ltr'><strong>vel</strong></span> <span class='ocrx_word' id='word_1_469' title='bbox 2101 3787 2249 3862; x_wconf 88' lang='lat' dir='ltr'><strong>imitatio-</strong></span> 
     </span>
     <span class='ocr_line' id='line_1_75' title="bbox 1286 3897 1565 3967; baseline 0.007 -2"><span class='ocrx_word' id='word_1_470' title='bbox 1286 3920 1369 3966; x_wconf 89' lang='lat' dir='ltr'><strong>nem</strong></span> <span class='ocrx_word' id='word_1_471' title='bbox 1383 3897 1565 3967; x_wconf 85' lang='lat' dir='ltr'><strong>scelerum.</strong></span> 
     </span>
    </p>
   </div>
   <div class='ocr_carea' id='block_1_16' title="bbox 1286 4006 2248 4307">
    <p class='ocr_par' dir='ltr' id='par_1_17' title="bbox 1286 4006 2248 4307">
     <span class='ocr_line' id='line_1_76' title="bbox 1377 4006 2248 4108; baseline -0.009 -26"><span class='ocrx_word' id='word_1_472' title='bbox 1377 4013 1570 4108; x_wconf 38' lang='lat' dir='ltr'><strong>‚Adversus</strong></span> <span class='ocrx_word' id='word_1_473' title='bbox 1585 4027 1635 4084; x_wconf 92' lang='lat' dir='ltr'><strong>tot</strong></span> <span class='ocrx_word' id='word_1_474' title='bbox 1651 4013 1812 4083; x_wconf 88' lang='lat' dir='ltr'><strong>scandala</strong></span> <span class='ocrx_word' id='word_1_475' title='bbox 1828 4026 1862 4084; x_wconf 92' lang='lat' dir='ltr'><strong>et</strong></span> <span class='ocrx_word' id='word_1_476' title='bbox 1876 4011 2038 4101; x_wconf 86' lang='lat' dir='ltr'><strong>contagia</strong></span> <span class='ocrx_word' id='word_1_477' title='bbox 2052 4015 2137 4084; x_wconf 89' lang='lat' dir='ltr'><strong>adeo</strong></span> <span class='ocrx_word' id='word_1_478' title='bbox 2147 4006 2248 4082; x_wconf 83' lang='lat' dir='ltr'><strong>multi·</strong></span> 
     </span>
     <span class='ocr_line' id='line_1_77' title="bbox 1286 4115 2248 4209; baseline -0.006 -25"><span class='ocrx_word' id='word_1_479' title='bbox 1286 4115 1409 4209; x_wconf 92' lang='lat' dir='ltr'><strong>plicia,</strong></span> <span class='ocrx_word' id='word_1_480' title='bbox 1435 4117 1560 4185; x_wconf 89' lang='lat' dir='ltr'><strong>crebro</strong></span> <span class='ocrx_word' id='word_1_481' title='bbox 1582 4138 1855 4207; x_wconf 89' lang='lat' dir='ltr'><strong>praemonemur</strong></span> <span class='ocrx_word' id='word_1_482' title='bbox 1876 4127 1910 4184; x_wconf 90' lang='lat' dir='ltr'><strong>et</strong></span> <span class='ocrx_word' id='word_1_483' title='bbox 1934 4117 2193 4205; x_wconf 88' lang='lat' dir='ltr'><strong>praemunimur</strong></span> <span class='ocrx_word' id='word_1_484' title='bbox 2205 4133 2248 4178; x_wconf 89' lang='lat' dir='ltr'><strong>se·</strong></span> 
     </span>
     <span class='ocr_line' id='line_1_78' title="bbox 1286 4216 2247 4307; baseline -0.009 -22"><span class='ocrx_word' id='word_1_485' title='bbox 1286 4217 1377 4287; x_wconf 84' lang='lat' dir='ltr'><strong>veris</strong></span> <span class='ocrx_word' id='word_1_486' title='bbox 1395 4217 1568 4286; x_wconf 88' lang='lat' dir='ltr'><strong>mandatis</strong></span> <span class='ocrx_word' id='word_1_487' title='bbox 1584 4231 1689 4307; x_wconf 87' lang='lat' dir='ltr'><strong>atque</strong></span> <span class='ocrx_word' id='word_1_488' title='bbox 1707 4216 2043 4287; x_wconf 89' lang='lat' dir='ltr'><strong>comminationibus</strong></span> <span class='ocrx_word' id='word_1_489' title='bbox 2058 4217 2195 4287; x_wconf 90' lang='lat' dir='ltr'><strong>divinis:</strong></span> <span class='ocrx_word' id='word_1_490' title='bbox 2217 4221 2247 4278; x_wconf 91' lang='lat' dir='ltr'><strong>ut</strong></span> 
     </span>
    </p>
   </div>
   <div class='ocr_carea' id='block_1_17' title="bbox 251 4315 2246 4412">
    <p class='ocr_par' dir='ltr' id='par_1_18' title="bbox 251 4315 2246 4412">
     <span class='ocr_line' id='line_1_79' title="bbox 251 4315 2246 4412; baseline -0.004 -22"><span class='ocrx_word' id='word_1_491' title='bbox 251 4325 601 4396; x_wconf 87' lang='lat' dir='ltr'><strong>venenatissimarum</strong></span> <span class='ocrx_word' id='word_1_492' title='bbox 622 4324 902 4408; x_wconf 77' lang='lat' dir='ltr'><strong>calumniarum,</strong></span> <span class='ocrx_word' id='word_1_493' title='bbox 944 4337 979 4394; x_wconf 90' lang='lat' dir='ltr'><strong>et</strong></span> <span class='ocrx_word' id='word_1_494' title='bbox 1002 4324 1156 4394; x_wconf 89' lang='lat' dir='ltr'><strong>aliorum</strong></span> <span class='ocrx_word' id='word_1_495' title='bbox 1179 4325 1238 4394; x_wconf 86' lang='lat' dir='ltr'><strong>in·</strong></span> <span class='ocrx_word' id='word_1_496' title='bbox 1285 4315 1400 4389; x_wconf 83' lang='lat' dir='ltr'><strong>Exodi</strong></span> <span class='ocrx_word' id='word_1_497' title='bbox 1416 4319 1479 4393; x_wconf 76' lang='lat'><strong>23.</strong></span> <span class='ocrx_word' id='word_1_498' title='bbox 1512 4318 1597 4390; x_wconf 91' lang='lat' dir='ltr'><strong>dicit</strong></span> <span class='ocrx_word' id='word_1_499' title='bbox 1619 4317 1717 4390; x_wconf 87' lang='lat' dir='ltr'><strong>Deus</strong></span> <span class='ocrx_word' id='word_1_500' title='bbox 1743 4319 1928 4408; x_wconf 74' lang='lat' dir='ltr'><strong>expresse:!</strong></span> <span class='ocrx_word' id='word_1_501' title='bbox 1957 4317 2180 4412; x_wconf 84' lang='lat' dir='ltr'><strong>Nequaquam</strong></span> <span class='ocrx_word' id='word_1_502' title='bbox 2202 4335 2246 4380; x_wconf 84' lang='lat' dir='ltr'><strong>se·</strong></span> 
     </span>
    </p>
   </div>
   <div class='ocr_carea' id='block_1_18' title="bbox 249 4423 1235 4622">
    <p class='ocr_par' dir='ltr' id='par_1_19' title="bbox 249 4423 1235 4622">
     <span class='ocr_line' id='line_1_80' title="bbox 250 4423 1234 4518; baseline 0.004 -22"><span class='ocrx_word' id='word_1_503' title='bbox 250 4425 406 4516; x_wconf 87' lang='lat' dir='ltr'><strong>signium</strong></span> <span class='ocrx_word' id='word_1_504' title='bbox 424 4428 618 4498; x_wconf 84' lang='lat' dir='ltr'><strong>vitiorum?</strong></span> <span class='ocrx_word' id='word_1_505' title='bbox 667 4423 770 4496; x_wconf 86' lang='lat' dir='ltr'><strong>llanc</strong></span> <span class='ocrx_word' id='word_1_506' title='bbox 786 4427 1021 4518; x_wconf 91' lang='lat' dir='ltr'><strong>promiscuam</strong></span> <span class='ocrx_word' id='word_1_507' title='bbox 1046 4427 1234 4500; x_wconf 88' lang='lat' dir='ltr'><strong>colluviem</strong></span> 
     </span>
     <span class='ocr_line' id='line_1_81' title="bbox 249 4525 1235 4622; baseline 0 -24"><span class='ocrx_word' id='word_1_508' title='bbox 249 4528 424 4598; x_wconf 88' lang='lat' dir='ltr'><strong>maximae</strong></span> <span class='ocrx_word' id='word_1_509' title='bbox 437 4530 677 4601; x_wconf 89' lang='lat' dir='ltr'><strong>multitudinis</strong></span> <span class='ocrx_word' id='word_1_510' title='bbox 692 4530 729 4597; x_wconf 92' lang='lat' dir='ltr'><strong>in</strong></span> <span class='ocrx_word' id='word_1_511' title='bbox 746 4551 872 4619; x_wconf 80' lang='lat' dir='ltr'><strong>genere</strong></span> <span class='ocrx_word' id='word_1_512' title='bbox 889 4525 1066 4610; x_wconf 90' lang='lat' dir='ltr'><strong>humano,</strong></span> <span class='ocrx_word' id='word_1_513' title='bbox 1092 4532 1235 4622; x_wconf 89' lang='lat' dir='ltr'><strong>quando</strong></span> 
     </span>
    </p>
   </div>
   <div class='ocr_carea' id='block_1_19' title="bbox 1286 4418 2243 4614">
    <p class='ocr_par' dir='ltr' id='par_1_20' title="bbox 1286 4418 2243 4614">
     <span class='ocr_line' id='line_1_82' title="bbox 1286 4418 2243 4515; baseline -0.013 -24"><span class='ocrx_word' id='word_1_514' title='bbox 1286 4421 1575 4515; x_wconf 82' lang='lat' dir='ltr'><strong>queris·turbam</strong></span> <span class='ocrx_word' id='word_1_515' title='bbox 1605 4444 1668 4490; x_wconf 89' lang='lat' dir='ltr'><strong>seu</strong></span> <span class='ocrx_word' id='word_1_516' title='bbox 1697 4422 1963 4492; x_wconf 87' lang='lat' dir='ltr'><strong>multitudinem</strong></span> <span class='ocrx_word' id='word_1_517' title='bbox 1993 4423 2037 4490; x_wconf 89' lang='lat' dir='ltr'><strong>ad</strong></span> <span class='ocrx_word' id='word_1_518' title='bbox 2070 4418 2243 4491; x_wconf 85' lang='lat' dir='ltr'><strong>laciendum</strong></span> 
     </span>
     <span class='ocr_line' id='line_1_83' title="bbox 1286 4513 2243 4614; baseline -0.005 -23"><span class='ocrx_word' id='word_1_519' title='bbox 1286 4524 1435 4605; x_wconf 86' lang='lat' dir='ltr'><strong>malum,</strong></span> <span class='ocrx_word' id='word_1_520' title='bbox 1467 4547 1531 4592; x_wconf 91' lang='lat' dir='ltr'><strong>nec</strong></span> <span class='ocrx_word' id='word_1_521' title='bbox 1559 4525 1771 4614; x_wconf 89' lang='lat' dir='ltr'><strong>respondeas</strong></span> <span class='ocrx_word' id='word_1_522' title='bbox 1799 4523 1837 4593; x_wconf 91' lang='lat' dir='ltr'><strong>in</strong></span> <span class='ocrx_word' id='word_1_523' title='bbox 1867 4522 2000 4591; x_wconf 89' lang='lat' dir='ltr'><strong>iudicio</strong></span> <span class='ocrx_word' id='word_1_524' title='bbox 2021 4521 2191 4592; x_wconf 86' lang='lat' dir='ltr'><strong>declinans</strong></span> <span class='ocrx_word' id='word_1_525' title='bbox 2209 4513 2243 4580; x_wconf 86' lang='lat' dir='ltr'><strong>ad</strong></span> 
     </span>
    </p>
   </div>
   <div class='ocr_carea' id='block_1_20' title="bbox 250 4623 2275 4830">
    <p class='ocr_par' dir='ltr' id='par_1_21' title="bbox 250 4623 2275 4830">
     <span class='ocr_line' id='line_1_84' title="bbox 251 4623 2245 4723; baseline -0.007 -21"><span class='ocrx_word' id='word_1_526' title='bbox 251 4633 437 4703; x_wconf 90' lang='lat' dir='ltr'><strong>intuentur</strong></span> <span class='ocrx_word' id='word_1_527' title='bbox 467 4633 590 4703; x_wconf 90' lang='lat' dir='ltr'><strong>anxiae</strong></span> <span class='ocrx_word' id='word_1_528' title='bbox 621 4645 773 4711; x_wconf 89' lang='lat' dir='ltr'><strong>mentes,</strong></span> <span class='ocrx_word' id='word_1_529' title='bbox 815 4631 900 4723; x_wconf 93' lang='lat' dir='ltr'><strong>quid</strong></span> <span class='ocrx_word' id='word_1_530' title='bbox 932 4631 1028 4701; x_wconf 91' lang='lat' dir='ltr'><strong>aliud</strong></span> <span class='ocrx_word' id='word_1_531' title='bbox 1059 4631 1236 4720; x_wconf 85' lang='lat' dir='ltr'><strong>cogitent?</strong></span> <span class='ocrx_word' id='word_1_532' title='bbox 1284 4625 1549 4697; x_wconf 88' lang='lat' dir='ltr'><strong>multitudinem</strong></span> <span class='ocrx_word' id='word_1_533' title='bbox 1573 4625 1820 4696; x_wconf 87' lang='lat' dir='ltr'><strong>declinantem.</strong></span> <span class='ocrx_word' id='word_1_534' title='bbox 1871 4623 1927 4696; x_wconf 88' lang='lat' dir='ltr'><strong>Sit</strong></span> <span class='ocrx_word' id='word_1_535' title='bbox 1942 4625 2063 4714; x_wconf 87' lang='lat' dir='ltr'><strong>regula</strong></span> <span class='ocrx_word' id='word_1_536' title='bbox 2080 4625 2165 4693; x_wconf 86' lang='lat' dir='ltr'><strong>vitae</strong></span> <span class='ocrx_word' id='word_1_537' title='bbox 2180 4638 2245 4684; x_wconf 77' lang='lat' dir='ltr'><strong>vtr-</strong></span> 
     </span>
     <span class='ocr_line' id='line_1_85' title="bbox 250 4717 2275 4830; baseline -0.011 -24"><span class='ocrx_word' id='word_1_538' title='bbox 250 4759 357 4830; x_wconf 88' lang='lat' dir='ltr'><strong>quam</strong></span> <span class='ocrx_word' id='word_1_539' title='bbox 381 4759 453 4803; x_wconf 91' lang='lat' dir='ltr'><strong>non</strong></span> <span class='ocrx_word' id='word_1_540' title='bbox 478 4757 551 4803; x_wconf 90' lang='lat' dir='ltr'><strong>esse</strong></span> <span class='ocrx_word' id='word_1_541' title='bbox 574 4749 868 4816; x_wconf 87' lang='lat' dir='ltr'><strong>consentaneum,</strong></span> <span class='ocrx_word' id='word_1_542' title='bbox 907 4745 948 4802; x_wconf 92' lang='lat' dir='ltr'><strong>ut</strong></span> <span class='ocrx_word' id='word_1_543' title='bbox 972 4746 1023 4803; x_wconf 94' lang='lat' dir='ltr'><strong>tot</strong></span> <span class='ocrx_word' id='word_1_544' title='bbox 1046 4728 1233 4804; x_wconf 89' lang='lat' dir='ltr'><strong>bominum</strong></span> <span class='ocrx_word' id='word_1_545' title='bbox 1284 4730 1369 4799; x_wconf 86' lang='lat' dir='ltr'><strong>burn</strong></span> <span class='ocrx_word' id='word_1_546' title='bbox 1393 4725 1476 4814; x_wconf 91' lang='lat' dir='ltr'><strong>Dei,</strong></span> <span class='ocrx_word' id='word_1_547' title='bbox 1509 4752 1580 4820; x_wconf 91' lang='lat' dir='ltr'><strong>quo</strong></span> <span class='ocrx_word' id='word_1_548' title='bbox 1607 4741 1774 4824; x_wconf 88' lang='lat' dir='ltr'><strong>tanquam</strong></span> <span class='ocrx_word' id='word_1_549' title='bbox 1799 4751 1923 4798; x_wconf 86' lang='lat' dir='ltr'><strong>norma</strong></span> <span class='ocrx_word' id='word_1_550' title='bbox 1947 4727 2119 4796; x_wconf 84' lang='lat' dir='ltr'><strong>divinitus</strong></span> <span class='ocrx_word' id='word_1_551' title='bbox 2137 4717 2243 4792; x_wconf 89' lang='lat' dir='ltr'><strong>tradita</strong></span> <span class='ocrx_word' id='word_1_552' title='bbox 2274 4725 2275 4729; x_wconf 75' lang='grc'>’</span> 
     </span>
    </p>
   </div>
   <div class='ocr_carea' id='block_1_21' title="bbox 122 4817 2242 4932">
    <p class='ocr_par' dir='ltr' id='par_1_22' title="bbox 122 4817 2242 4932">
     <span class='ocr_line' id='line_1_86' title="bbox 122 4817 2242 4932; baseline -0.012 -23"><span class='ocrx_word' id='word_1_553' title='bbox 122 4857 128 4874; x_wconf 84' lang='grc'><em>·</em></span> <span class='ocrx_word' id='word_1_554' title='bbox 248 4839 375 4922; x_wconf 90' lang='lat' dir='ltr'><strong>millia,</strong></span> <span class='ocrx_word' id='word_1_555' title='bbox 401 4849 486 4932; x_wconf 92' lang='lat' dir='ltr'><strong>quot</strong></span> <span class='ocrx_word' id='word_1_556' title='bbox 503 4838 553 4906; x_wconf 84' lang='lat' dir='ltr'><strong>ab·</strong></span> <span class='ocrx_word' id='word_1_557' title='bbox 565 4837 667 4906; x_wconf 90' lang='lat' dir='ltr'><strong>initio</strong></span> <span class='ocrx_word' id='word_1_558' title='bbox 684 4835 810 4904; x_wconf 91' lang='lat' dir='ltr'><strong>mundi</strong></span> <span class='ocrx_word' id='word_1_559' title='bbox 824 4858 935 4930; x_wconf 87' lang='lat' dir='ltr'><strong>usquc</strong></span> <span class='ocrx_word' id='word_1_560' title='bbox 950 4836 993 4903; x_wconf 90' lang='lat' dir='ltr'><strong>ad</strong></span> <span class='ocrx_word' id='word_1_561' title='bbox 1011 4849 1232 4906; x_wconf 89' lang='lat' dir='ltr'><strong>mortuorum</strong></span> <span class='ocrx_word' id='word_1_562' title='bbox 1285 4844 1452 4920; x_wconf 88' lang='lat' dir='ltr'><strong>regantur</strong></span> <span class='ocrx_word' id='word_1_563' title='bbox 1475 4830 1662 4917; x_wconf 87' lang='lat' dir='ltr'><strong>opiniones</strong></span> <span class='ocrx_word' id='word_1_564' title='bbox 1683 4844 1717 4900; x_wconf 92' lang='lat' dir='ltr'><strong>et</strong></span> <span class='ocrx_word' id='word_1_565' title='bbox 1734 4853 1870 4914; x_wconf 87' lang='lat' dir='ltr'><strong>mores,</strong></span> <span class='ocrx_word' id='word_1_566' title='bbox 1896 4851 1971 4898; x_wconf 92' lang='lat' dir='ltr'><strong>non</strong></span> <span class='ocrx_word' id='word_1_567' title='bbox 1988 4824 2148 4918; x_wconf 87' lang='lat' dir='ltr'><strong>exemplis</strong></span> <span class='ocrx_word' id='word_1_568' title='bbox 2162 4835 2190 4890; x_wconf 90' lang='lat' dir='ltr'><strong>et</strong></span> <span class='ocrx_word' id='word_1_569' title='bbox 2204 4817 2242 4886; x_wconf 92' lang='lat' dir='ltr'><strong>ri-</strong></span> 
     </span>
    </p>
   </div>
   <div class='ocr_carea' id='block_1_22' title="bbox 246 4919 2273 5439">
    <p class='ocr_par' dir='ltr' id='par_1_23' title="bbox 246 4919 2273 5439">
     <span class='ocr_line' id='line_1_87' title="bbox 249 4919 2273 5028; baseline -0.008 -18"><span class='ocrx_word' id='word_1_570' title='bbox 249 4941 550 5014; x_wconf 87' lang='lat' dir='ltr'><strong>resuscitationem</strong></span> <span class='ocrx_word' id='word_1_571' title='bbox 579 4939 740 5019; x_wconf 85' lang='lat' dir='ltr'><strong>suerunt,</strong></span> <span class='ocrx_word' id='word_1_572' title='bbox 775 4950 880 5026; x_wconf 90' lang='lat' dir='ltr'><strong>sunt,</strong></span> <span class='ocrx_word' id='word_1_573' title='bbox 915 4952 949 5007; x_wconf 87' lang='lat' dir='ltr'><strong>et</strong></span> <span class='ocrx_word' id='word_1_574' title='bbox 981 4951 1086 5008; x_wconf 90' lang='lat' dir='ltr'><strong>erunt</strong></span> <span class='ocrx_word' id='word_1_575' title='bbox 1115 4939 1235 5028; x_wconf 89' lang='lat' dir='ltr'><strong>impia,</strong></span> <span class='ocrx_word' id='word_1_576' title='bbox 1283 4933 1379 5002; x_wconf 90' lang='lat' dir='ltr'><strong>tibus</strong></span> <span class='ocrx_word' id='word_1_577' title='bbox 1394 4931 1881 5021; x_wconf 87' lang='lat' dir='ltr'><strong>discedentibusascriptura</strong></span> <span class='ocrx_word' id='word_1_578' title='bbox 1895 4925 2103 5020; x_wconf 88' lang='lat' dir='ltr'><strong>Prophetica</strong></span> <span class='ocrx_word' id='word_1_579' title='bbox 2119 4940 2149 4996; x_wconf 93' lang='lat' dir='ltr'><strong>et</strong></span> <span class='ocrx_word' id='word_1_580' title='bbox 2162 4919 2242 5011; x_wconf 79' lang='lat' dir='ltr'><strong>elpo-</strong></span> <span class='ocrx_word' id='word_1_581' title='bbox 2272 5021 2273 5028; x_wconf 6' lang='grc' dir='ltr'>ἵ</span> 
     </span>
     <span class='ocr_line' id='line_1_88' title="bbox 248 5021 2241 5134; baseline -0.012 -23"><span class='ocrx_word' id='word_1_582' title='bbox 248 5055 354 5134; x_wconf 90' lang='lat' dir='ltr'><strong>atque</strong></span> <span class='ocrx_word' id='word_1_583' title='bbox 377 5043 535 5134; x_wconf 87' lang='lat' dir='ltr'><strong>neglecto</strong></span> <span class='ocrx_word' id='word_1_584' title='bbox 557 5037 625 5111; x_wconf 90' lang='lat' dir='ltr'><strong>Dei</strong></span> <span class='ocrx_word' id='word_1_585' title='bbox 647 5041 755 5110; x_wconf 89' lang='lat' dir='ltr'><strong>verbo</strong></span> <span class='ocrx_word' id='word_1_586' title='bbox 781 5040 1007 5124; x_wconf 83' lang='lat' dir='ltr'><strong>laxaverunt,</strong></span> <span class='ocrx_word' id='word_1_587' title='bbox 1039 5040 1174 5124; x_wconf 88' lang='lat' dir='ltr'><strong>laxant,</strong></span> <span class='ocrx_word' id='word_1_588' title='bbox 1201 5054 1234 5111; x_wconf 88' lang='lat' dir='ltr'><strong>et</strong></span> <span class='ocrx_word' id='word_1_589' title='bbox 1285 5035 1418 5106; x_wconf 87' lang='lat' dir='ltr'><strong>stolica.</strong></span> <span class='ocrx_word' id='word_1_590' title='bbox 1478 5031 1695 5104; x_wconf 90' lang='lat' dir='ltr'><strong>Meministis</strong></span> <span class='ocrx_word' id='word_1_591' title='bbox 1724 5034 1819 5103; x_wconf 91' lang='lat' dir='ltr'><strong>enim</strong></span> <span class='ocrx_word' id='word_1_592' title='bbox 1845 5029 1913 5104; x_wconf 91' lang='lat' dir='ltr'><strong>hoc</strong></span> <span class='ocrx_word' id='word_1_593' title='bbox 1936 5043 2151 5123; x_wconf 90' lang='lat' dir='ltr'><strong>praeceptum</strong></span> <span class='ocrx_word' id='word_1_594' title='bbox 2171 5021 2241 5092; x_wconf 90' lang='lat' dir='ltr'><strong>sub·</strong></span> 
     </span>
     <span class='ocr_line' id='line_1_89' title="bbox 248 5115 2272 5241; baseline -0.012 -29"><span class='ocrx_word' id='word_1_595' title='bbox 248 5143 417 5216; x_wconf 90' lang='lat' dir='ltr'><strong>laxabunt</strong></span> <span class='ocrx_word' id='word_1_596' title='bbox 448 5147 568 5215; x_wconf 84' lang='lat' dir='ltr'><strong>frenos</strong></span> <span class='ocrx_word' id='word_1_597' title='bbox 597 5141 850 5234; x_wconf 90' lang='lat' dir='ltr'><strong>cupiditatibus</strong></span> <span class='ocrx_word' id='word_1_598' title='bbox 876 5142 1148 5241; x_wconf 75' lang='lat' dir='ltr'><strong>quibuscunque</strong></span> <span class='ocrx_word' id='word_1_599' title='bbox 1177 5143 1233 5211; x_wconf 84' lang='lat' dir='ltr'><strong>lu·</strong></span> <span class='ocrx_word' id='word_1_600' title='bbox 1285 5138 1368 5206; x_wconf 91' lang='lat' dir='ltr'><strong>inde</strong></span> <span class='ocrx_word' id='word_1_601' title='bbox 1390 5137 1427 5204; x_wconf 91' lang='lat' dir='ltr'><strong>in</strong></span> <span class='ocrx_word' id='word_1_602' title='bbox 1445 5137 1551 5206; x_wconf 88' lang='lat' dir='ltr'><strong>sacris</strong></span> <span class='ocrx_word' id='word_1_603' title='bbox 1568 5136 1679 5206; x_wconf 86' lang='lat' dir='ltr'><strong>literis</strong></span> <span class='ocrx_word' id='word_1_604' title='bbox 1694 5137 1866 5206; x_wconf 87' lang='lat' dir='ltr'><strong>inculcari</strong></span> <span class='ocrx_word' id='word_1_605' title='bbox 1882 5150 1916 5207; x_wconf 91' lang='lat' dir='ltr'><strong>et</strong></span> <span class='ocrx_word' id='word_1_606' title='bbox 1930 5133 2058 5226; x_wconf 87' lang='lat' dir='ltr'><strong>repeti,</strong></span> <span class='ocrx_word' id='word_1_607' title='bbox 2080 5115 2241 5202; x_wconf 88' lang='lat' dir='ltr'><strong>utMatth.</strong></span> <span class='ocrx_word' id='word_1_608' title='bbox 2271 5195 2272 5229; x_wconf 65' lang='lat'><strong>,</strong></span> 
     </span>
     <span class='ocr_line' id='line_1_90' title="bbox 248 5231 2240 5336; baseline -0.009 -19"><span class='ocrx_word' id='word_1_609' title='bbox 248 5261 326 5317; x_wconf 94' lang='lat' dir='ltr'><strong>tura</strong></span> <span class='ocrx_word' id='word_1_610' title='bbox 344 5246 414 5315; x_wconf 85' lang='lat' dir='ltr'><strong>sint</strong></span> <span class='ocrx_word' id='word_1_611' title='bbox 431 5244 616 5336; x_wconf 87' lang='lat' dir='ltr'><strong>posthanc</strong></span> <span class='ocrx_word' id='word_1_612' title='bbox 633 5246 740 5314; x_wconf 79' lang='lat' dir='ltr'><strong>vitans</strong></span> <span class='ocrx_word' id='word_1_613' title='bbox 763 5245 800 5313; x_wconf 91' lang='lat' dir='ltr'><strong>in</strong></span> <span class='ocrx_word' id='word_1_614' title='bbox 824 5244 1046 5333; x_wconf 88' lang='lat' dir='ltr'><strong>sempiternis</strong></span> <span class='ocrx_word' id='word_1_615' title='bbox 1069 5245 1233 5313; x_wconf 86' lang='lat' dir='ltr'><strong>curriati·</strong></span> <span class='ocrx_word' id='word_1_616' title='bbox 1286 5238 1361 5312; x_wconf 79' lang='lat'><strong>17.:</strong></span> <span class='ocrx_word' id='word_1_617' title='bbox 1394 5236 1464 5309; x_wconf 86' lang='lat' dir='ltr'><strong>llic</strong></span> <span class='ocrx_word' id='word_1_618' title='bbox 1491 5251 1543 5308; x_wconf 89' lang='lat' dir='ltr'><strong>est</strong></span> <span class='ocrx_word' id='word_1_619' title='bbox 1571 5238 1665 5306; x_wconf 86' lang='lat' dir='ltr'><strong>lilius</strong></span> <span class='ocrx_word' id='word_1_620' title='bbox 1686 5261 1783 5308; x_wconf 90' lang='lat' dir='ltr'><strong>meus</strong></span> <span class='ocrx_word' id='word_1_621' title='bbox 1807 5238 1977 5327; x_wconf 87' lang='lat' dir='ltr'><strong>dilectus,</strong></span> <span class='ocrx_word' id='word_1_622' title='bbox 2010 5257 2078 5328; x_wconf 93' lang='lat' dir='ltr'><strong>qno</strong></span> <span class='ocrx_word' id='word_1_623' title='bbox 2099 5231 2240 5300; x_wconf 68' lang='lat' dir='ltr'><strong>delator,</strong></span> 
     </span>
     <span class='ocr_line' id='line_1_91' title="bbox 246 5329 2271 5439; baseline -0.009 -21"><span class='ocrx_word' id='word_1_624' title='bbox 246 5351 326 5419; x_wconf 77' lang='lat' dir='ltr'><strong>laus.</strong></span> <span class='ocrx_word' id='word_1_625' title='bbox 396 5345 517 5439; x_wconf 88' lang='lat' dir='ltr'><strong>ltaque</strong></span> <span class='ocrx_word' id='word_1_626' title='bbox 539 5363 655 5420; x_wconf 85' lang='lat' dir='ltr'><strong>tantos</strong></span> <span class='ocrx_word' id='word_1_627' title='bbox 686 5343 752 5416; x_wconf 89' lang='lat' dir='ltr'><strong>hac</strong></span> <span class='ocrx_word' id='word_1_628' title='bbox 779 5347 1006 5435; x_wconf 81' lang='lat' dir='ltr'><strong>cogitationes</strong></span> <span class='ocrx_word' id='word_1_629' title='bbox 1039 5347 1077 5414; x_wconf 92' lang='lat' dir='ltr'><strong>in</strong></span> <span class='ocrx_word' id='word_1_630' title='bbox 1105 5339 1233 5416; x_wconf 81' lang='lat' dir='ltr'><strong>animis</strong></span> <span class='ocrx_word' id='word_1_631' title='bbox 1283 5337 1380 5412; x_wconf 88' lang='lat' dir='ltr'><strong>bunc</strong></span> <span class='ocrx_word' id='word_1_632' title='bbox 1409 5339 1549 5427; x_wconf 88' lang='lat' dir='ltr'><strong>audite,</strong></span> <span class='ocrx_word' id='word_1_633' title='bbox 1585 5337 1702 5411; x_wconf 88' lang='lat' dir='ltr'><strong>Galat.</strong></span> <span class='ocrx_word' id='word_1_634' title='bbox 1721 5342 1771 5414; x_wconf 80' lang='lat' dir='ltr'><strong>t:</strong></span> <span class='ocrx_word' id='word_1_635' title='bbox 1813 5340 1854 5413; x_wconf 88' lang='lat' dir='ltr'><strong>Si</strong></span> <span class='ocrx_word' id='word_1_636' title='bbox 1882 5340 1962 5431; x_wconf 89' lang='lat' dir='ltr'><strong>quis</strong></span> <span class='ocrx_word' id='word_1_637' title='bbox 1984 5331 2078 5408; x_wconf 91' lang='lat' dir='ltr'><strong>aliud</strong></span> <span class='ocrx_word' id='word_1_638' title='bbox 2099 5329 2271 5412; x_wconf 62' lang='lat' dir='ltr'><strong>tiarae-t</strong></span> 
     </span>
    </p>
   </div>
   <div class='ocr_carea' id='block_1_23' title="bbox 138 5707 252 5754">
    <p class='ocr_par' dir='ltr' id='par_1_24' title="bbox 138 5707 252 5754">
     <span class='ocr_line' id='line_1_92' title="bbox 138 5707 252 5754; baseline 0 -2"><span class='ocrx_word' id='word_1_639' title='bbox 138 5707 252 5754; x_wconf 56' lang='lat' dir='ltr'>A</span> 
     </span>
    </p>
   </div>
   <div class='ocr_carea' id='block_1_24' title="bbox 0 0 2310 5808">
    <p class='ocr_par' dir='ltr' id='par_1_25' title="bbox 0 0 2310 5808">
     <span class='ocr_line' id='line_1_93' title="bbox 0 0 2310 5808; baseline 0 0"><span class='ocrx_word' id='word_1_640' title='bbox 0 0 2310 5808; x_wconf 95' lang='lat' dir='ltr'><strong> </strong></span> 
     </span>
    </p>
   </div>
  </div>
 </body>
</html>
