4714 5826
239 151 287 226 51
395 229 399 238 ,
836 151 963 224 PHlL.
989 151 1104 228 MEL.
1133 151 1343 228 SCRIPTA
1371 143 1671 229 exhauriet.
2219 147 2274 228 52

241 326 381 398 ostendi
408 323 600 394 discrimen
629 323 723 396 inter
750 341 843 399 reeta
870 343 905 399 et
933 351 1007 398 nou
1037 344 1153 414 recta,
1194 343 1228 400 et
1277 328 1342 398 ubi
1358 328 1461 398 etism
1478 329 1572 411 vult,
1598 326 1812 422 uosiudicia
1828 321 2061 398 honestorum
2078 319 2273 397 homiuum
2349 340 2350 361 ¹

241 429 319 500 vult
342 442 437 498 recte
459 426 626 496 facientes
646 430 838 518 approbari
861 444 895 500 ει
918 431 1070 516 servari,
1095 445 1130 502 ει
1153 455 1226 501 nou
1277 429 1410 501 intueri
1434 443 1469 500 et
1489 429 1614 500 vereri.
1674 425 1771 500 Haec
1792 429 1854 524 qui
1877 451 1953 499 non
1976 429 2162 499 intuentur
2185 441 2275 500 sunt

176 539 180 548 '
243 543 335 600 recte
362 529 530 599 facientes
557 528 751 619 vituperari
778 547 814 603 et
839 532 958 603 deleri.
1011 530 1108 603 Haec
1129 534 1228 604 testi·
1280 545 1482 622 arrogantes
1503 545 1537 601 et
1559 531 1795 621 impudentes.
1848 530 1933 601 ldeo
1955 542 2048 599 recte
2065 530 2200 602 dictum
2216 543 2275 600 est

241 632 362 702 monia
384 632 461 702 vult
482 629 659 722 conspici,
691 644 731 702 ut
753 635 929 705 discamus
951 635 1083 724 legem,
1115 650 1149 706 et
1168 660 1227 706 co·
1278 636 1317 702 in
1342 631 1540 722 Tragoedia
1565 630 1736 704 Senecae:
1762 631 1869 704 Levis
1893 645 1963 717 est,
1988 655 2054 701 nec
2076 632 2179 702 illum
2204 633 2275 704 sti·
2350 713 2351 728 χ

241 735 392 824 gitemus
417 756 491 802 esse
519 729 654 818 Deum,
687 747 723 804 ει
751 737 864 831 qualis
893 738 958 823 sit,
990 751 1024 808 et
1054 741 1149 829 quod
1180 738 1227 811 sit
1277 737 1390 807 mulat
1404 735 1535 824 gloriae
1550 736 1684 832 decus.¹

242 837 369 905 Vindex
388 835 568 953 ⁵⁰²·llffflm·
1145 875 1151 882 ·
1380 853 1614 924 Memineriut
1637 853 1796 924 iuniores
1819 864 1855 925 et
1876 867 2110 944 congruentes
2126 867 2277 923 centen-

343 935 407 1005 Esl
431 950 538 1024 ¹8¹¹¹¹f
561 935 655 1004 h⁰¹³³
679 936 771 1007 lama
793 941 1036 1011 ῐθθῑῐιιῑῠῐιῑῠῑῐι
1054 941 1226 1012 divinitus
1279 957 1345 1027 tias
1362 957 1400 1024 in
1417 955 1497 1025 aliis
1510 955 1669 1047 scriptis,
1695 971 1735 1024 ut
1751 957 1789 1024 iu
1805 979 1909 1026 versu
1921 954 2060 1026 Publii:
2088 952 2275 1026 Honestus

240 1039 463 1122 ordinatum.
488 1037 681 1106 mullffl'llm
707 1054 799 1110 recle
818 1043 1070 1128 iudicantium.
1095 1067 1225 1134 appro-
1278 1082 1402 1128 rumor
1432 1058 1581 1128 alterum
1613 1058 1869 1148 patrimonium
1902 1071 1967 1129 εει.
2024 1054 2073 1126 Ει
2101 1054 2274 1126 Plautus:
2351 1078 2352 1118 t

240 1139 404 1211 bantium
426 1153 540 1221 recta,
566 1152 600 1209 ει
617 1152 711 1209 recte
729 1141 953 1229 facientium,
979 1169 1049 1238 quo
1067 1148 1226 1215 testimo·
1278 1157 1471 1244 Honestam
1494 1159 1623 1226 famam
1649 1159 1678 1228 ,i
1702 1182 1877 1242 sermm,
1903 1173 1957 1230 521
1979 1182 2040 1229 ,ω
2058 1156 2166 1228 dives,
2220 1154 2276 1227 Εῑ

241 1243 302 1312 ῃῖθ
331 1241 463 1311 munifi
493 1242 565 1311 Sint
593 1253 687 1311 ‘²⁶¹⁰
710 1244 896 1331 fallesslffls
931 1260 964 1318 el
985 1247 1034 1316 ²5⁵
1056 1241 1226 1320 h⁰¹1⁰⁸lU⁸
1278 1259 1456 1332 Hesiodus
1474 1259 1648 1352 praecipit
1665 1262 1777 1331 vitare
1795 1262 1924 1330 malam
1940 1263 2087 1344 famam,
2108 1273 2141 1329 et
2156 1259 2275 1340 addit,
2350 1287 2352 1326 2

239 1345 339 1414 locus
363 1344 400 1411 ln
425 1343 606 1412 communi
623 1345 787 1417 socleldie
803 1348 999 1429 tribuatur,
1025 1349 1141 1419 Uldlll
1158 1345 1225 1419 lto-
1277 1385 1500 1433 communem
1517 1362 1645 1430 famam
1664 1362 2164 1455 n0np10psusingngmegge:

239 1446 352 1514 mines
368 1445 562 1565 doceantur
577 1458 612 1514 et
627 1444 825 1519 invitentur
840 1451 883 1520 ad
902 1464 1006 1521 recta.
1330 1475 1415 1561 φήμη
1439 1469 1467 1538 ,p
1491 1470 1578 1550 ,ἕης
1599 1474 1734 1557 πάμπα,
1755 1471 1949 1556 gngggwa„
1971 1473 2080 1553 pm„
2101 1478 2220 1538 πολλῶ

117 1645 120 1652 Ι
342 1543 435 1666 Cum
457 1560 566 1637 rgrtur
587 1549 680 1619 bona
698 1549 790 1620 sama
806 1553 853 1621 sit
868 1554 1075 1644 approbatio
1092 1553 1225 1622 diviui—
1328 1582 1404 1643 λαοὶ
1426 1577 1616 1661 φημίζωω,
1642 1575 1722 1652 θεὸς
1743 1576 1781 1640 ,g
1803 1601 1850 1652 ης
1871 1574 1939 1642 ἐπὶ
1961 1581 2016 1642 „2
2038 1569 2125 1654 αὔης

240 1663 296 1720 tus
318 1651 500 1734 ordinata,
526 1662 560 1718 et
577 1650 821 1741 multipliciter
837 1654 881 1726 εἰι
897 1653 995 1722 utilis
1012 1655 1122 1736 vitae,
1148 1678 1223 1724 ma·
1280 1690 1285 1700 ·

240 1751 407 1823 nilestum
423 1765 491 1836 est,
516 1775 591 1819 eam
606 1775 682 1821 rem
698 1753 828 1823 bonam
845 1744 879 1825 et
893 1758 1124 1846 appetendam
1144 1780 1227 1826 esse.

174 1859 177 1866 '
241 1851 327 1924 Ideo
348 1865 383 1921 ct
398 1850 575 1924 Siracides
594 1875 669 1946 cap.
687 1851 748 1929 tt.
765 1857 900 1949 inquit,
927 1855 1020 1928 Cura
1038 1858 1084 1928 sit
1099 1859 1165 1928 tibi
1182 1862 1226 1929 de

241 1957 337 2025 bono
361 1955 516 2025 nomine.
569 1953 778 2029 Durahilius
799 1972 851 2028 est
873 1960 967 2028 enim
983 1983 1089 2052 quam
1108 1961 1226 2052 magni

242 2052 410 2127 thesauri.
463 2055 597 2129 Causae
610 2073 726 2130 autem
743 2061 1023 2142 considerentur.
1377 2058 1452 2132 Res
1481 2061 1654 2130 secundae
1680 2059 1894 2129 iniustorum
1918 2071 1952 2128 et
1975 2057 2189 2128 calamitates
2210 2058 2274 2126 iu·
2353 2119 2354 2122 ,

344 2155 373 2229 1.
406 2155 568 2228 Primum
593 2161 675 2252 quia
694 2162 794 2232 Deus
815 2163 893 2235 vult
915 2187 980 2232 nos
995 2157 1226 2234 honestorum
1277 2175 1413 2234 storum
1443 2164 1590 2232 turbant
1610 2161 1848 2231 assensionem
1872 2161 1916 2230 de
1938 2158 2163 2252 providentia
2185 2157 2273 2243 Dei,
2353 2151 2355 2226 Ῐ

241 2257 429 2330 hominum
451 2261 582 2330 iudicia
603 2261 754 2347 intueri,
780 2276 821 2333 ut
835 2263 1011 2333 Siracides
1028 2289 1100 2356 cap.
1117 2265 1152 2336 6.
1170 2267 1226 2333 in·
1277 2278 1311 2334 ει
1333 2263 1395 2334 alii
1417 2264 1503 2360 alias
1526 2285 1645 2334 causas
1665 2275 1854 2333 eventuum
1878 2273 2072 2354 quaerunt,
2105 2274 2140 2330 et
2160 2261 2273 2332 multi
2354 2323 2355 2330 ,

241 2362 336 2455 quit:
376 2359 420 2430 In
449 2376 551 2431 coetu
581 2363 763 2434 seniorum
792 2365 993 2450 consistito,
1026 2379 1060 2435 et
1089 2368 1119 2434 si
1147 2368 1227 2459 quis
1277 2368 1320 2434 ad
1343 2361 1507 2458 physicas
1529 2387 1650 2435 causas
1672 2377 1707 2434 et
1724 2364 1793 2432 iata
1813 2364 2018 2436 decurrunt.
2069 2359 2272 2432 Sciendum
2352 2445 2354 2458 .

241 2477 295 2534 εει
320 2463 461 2556 sapiens
489 2461 523 2531 ei
548 2460 749 2535 adhaereto.
812 2457 1025 2556 Arrogantia
1050 2481 1084 2537 et
1109 2468 1226 2558 impu·
1277 2479 1329 2536 est
1356 2465 1485 2554 igitur,
1518 2463 1633 2536 Deum
1663 2464 1888 2556 proposuisse
1916 2462 2118 2534 testimonia
2142 2463 2273 2554 provi·
2346 2529 2350 2536 ,

241 2564 444 2648 demisisse,
470 2565 569 2637 nolle
586 2564 717 2636 intueri
735 2590 902 2637 sanorum
919 2567 1062 2641 iudicia.
1276 2567 1417 2637 dentiae
1438 2567 1477 2634 in
1498 2565 1666 2657 operibus
1688 2565 1882 2636 ordinariis
1904 2579 1940 2636 ει
1961 2563 2273 2651 extraordinariis,
2348 2634 2352 2642 ,

343 2664 391 2739 ll.
423 2663 565 2736 Deinde
586 2668 663 2740 vult
686 2669 788 2739 ctiam
808 2666 954 2741 honesta
973 2669 1130 2762 exempla
1149 2669 1228 2738 aliis
1277 2683 1312 2739 et
1329 2670 1367 2738 in
1384 2692 1547 2760 expresso
1563 2669 1671 2738 verbo
1687 2691 1763 2738 suo.
1998 2669 2005 2682 ‘

133 2836 139 2848 -
242 2767 414 2884 Pfiffbflfl·
479 2765 563 2838 ¹d⁸⁰
596 2767 724 2842 ¹·C⁰¹'·
744 2773 803 2842 1⁰·
837 2767 1154 2840 dlssllssr5'0mssla
1183 2772 1234 2856 td.
1379 2778 1654 2856 ordinaria
1686 2811 1792 2878 opera
1817 2786 2010 2856 ostendunt
2032 2784 2272 2875 praesentiam
2338 2767 2356 2880 ,l

241 2867 389 2957 glumam
412 2867 486 2948 Dei,
511 2869 632 2954 facite,
667 2884 700 2942 et
729 2895 803 2941 non
826 2872 997 2943 offendite
1019 2869 1225 2944 Ecclesiam.
1278 2887 1359 2975 Dei,
1382 2877 2141 2981 ughicipsepulcefrimusordocorporum
2158 2909 2272 2955 mun.
2331 2873 2356 2960 ,⁴

241 2966 552 3064 ΕῑθῑῘΡῘῐίῙῙι)·4·ζ
579 2969 1121 3067 H³⁹⁰fflf³l⁹q¹¹³²⁸¹¹sslveffls
1146 2997 1227 3064 gra·
1276 2992 1351 3072 di'‚‘
1371 2991 1464 3059 vices
1494 2987 1631 3084 hyemis
1653 3006 1687 3060 et
1705 2989 1864 3078 aestatis,
1898 2986 2124 3058 foecundatio
2145 3011 2271 3057 annua
2333 3047 2350 3073 ,

241 3074 317 3157 Via,
355 3072 466 3155 lusia,
505 3073 724 3161 amicabilia,
758 3076 970 3162 laudabilia,
1003 3077 1169 3149 villum
1194 3089 1227 3146 el
1278 3107 1412 3172 terrae,
1448 3093 1666 3163 conservatio
1702 3091 1877 3161 societatis
1904 3085 2098 3173 humanae,
2130 3111 2273 3178 poenae
2333 3083 2354 3186 J

239 3174 391 3252 laudem·
1276 3191 1549 3274 homicidarum,
1575 3194 1630 3263 lex
1645 3206 1681 3263 ει
1695 3192 1866 3262 iudicium
1881 3191 2119 3261 conscientiae
2134 3191 2172 3258 in
2188 3189 2270 3259 sin·
2339 3267 2346 3276 ,

337 3274 501 3348 Primum
518 3275 696 3368 fl³gll³l⁰¹
723 3275 911 3350 Vssfllas
918 3330 928 3360 ν
955 3303 1044 3371 ‘lm‘
1058 3292 1111 3350 ²⁵¹
1125 3301 1227 3348 verae
1276 3285 1387 3386 gulis,
1412 3297 1590 3385 generatio
1605 3309 1639 3366 et
1654 3296 1767 3388 prima
1784 3293 1974 3364 nutricatio
1989 3292 2122 3364 sobolis
2138 3305 2203 3363 etc.

241 3378 423 3450 doctrinae
446 3382 685 3467 conservatio,
711 3384 807 3455 etin
831 3381 911 3450 aliis
936 3376 1094 3452 honestis
1118 3404 1226 3470 nego·

240 3481 305 3551 ciis
324 3502 464 3549 servare
479 3481 572 3553 dicte
590 3495 623 3554 et
639 3497 751 3574 pacta.
804 3481 871 3555 Est
886 3498 1002 3554 eutem
1022 3483 1135 3554 virtus
1150 3482 1225 3576 pri-

240 3606 318 3654 mae
335 3581 494 3666 tabulae,
520 3607 623 3654 verae
636 3587 819 3656 doctrinae
833 3585 1065 3655 conservatio.

179 3669 184 3684 ⁸
341 3676 571 3755 Gravitas
596 3699 649 3757 εει
666 3687 863 3759 constantia
880 3685 918 3755 in
933 3709 1096 3756 sermone
1112 3699 1147 3757 et
1164 3709 1225 3774 ge·

1328 1798 1447 1873 Dives
1477 1813 1509 1875 et
1535 1825 1676 1903 pauper
1705 1799 1822 1874 simul
1847 1810 1953 1888 suut,
1987 1809 2018 1872 et
2040 1794 2147 1870 Deus
2169 1799 2274 1893 facit

1379 1915 1571 2004 utrunque.
2023 1915 2034 1936 ·
2353 1911 2354 1920 ’

1377 3405 2271 3501 DeindeExtraordinariaoperamagisin-
2352 3472 2356 3510 :

1276 3528 1424 3586 currunt
1453 3517 1491 3582 iu
1520 3517 1660 3601 oculos,
1694 3528 1734 3585 ut
1757 3513 1878 3582 omnia
1902 3513 2090 3597 miracula,
2122 3514 2269 3584 eductio
2325 3562 2330 3592 2

1278 3618 1402 3708 populi
1432 3641 1473 3686 ex
1495 3615 1673 3710 Aegypto,
1707 3614 1925 3686 resuscitatio
1951 3627 2192 3702 mortuorum,
2230 3631 2271 3686 et
2335 3653 2354 3712 :J

1275 3720 1356 3794 alia.
2336 3723 2339 3729 ‘

1376 3833 1424 3910 Et
1447 3862 1528 3908 cum
1549 3832 1636 3906 haec
1658 3834 1748 3904 lacta
1766 3846 1956 3918 testentur,
1983 3853 2064 3904 vera
2080 3855 2153 3904 esse
2169 3833 2268 3905 dicta
2338 3851 2355 3928 p,

1275 3940 1416 4025 diviua,
1442 3939 1567 4009 sintin
1583 3949 1771 4027 conspectu
1785 3937 1918 4006 multae
1933 3936 2146 4021 sententiae,
2172 3959 2269 4028 quae

1275 4041 1471 4125 affirmant,
1498 4065 1571 4110 non
1588 4063 1669 4109 casu
1685 4061 1739 4108 res
1755 4040 1925 4113 secundas
1941 4050 1977 4108 ει
1991 4039 2154 4106 adversas
2170 4037 2269 4106 acci·
2327 4047 2350 4129 [g

1276 4144 1376 4228 dere,
1407 4143 1466 4214 sed
1494 4129 1572 4230 regi
1592 4136 1680 4211 haec
1701 4163 1842 4233 quoque
1862 4137 2011 4210 consilio
2032 4135 2112 4207 Dei.
2163 4135 2268 4208 Haec
2323 4175 2353 4238 ι,

1274 4246 1359 4313 fides
1377 4245 1489 4316 luceat
1504 4245 1542 4313 in
1557 4243 1743 4327 cordibus,
1768 4253 1803 4311 et
1817 4254 1913 4341 petat
1928 4253 1963 4312 et
1977 4251 2133 4330 expectet
2147 4241 2268 4311 bonos
2331 4261 2347 4340 j·

1274 4363 1420 4418 eventus
1436 4369 1456 4416 a
1472 4345 1560 4417 Deo.
2335 4399 2348 4439 ,ἱ

1376 4463 1436 4536 Sic
1451 4462 1617 4535 Ieremias
1632 4463 1748 4556 inquit
1764 4463 1803 4530 in
1812 4457 1983 4532 Threuis:
2011 4457 2103 4548 Quis
2116 4473 2169 4530 est
2184 4458 2266 4540 iste,

1488 4564 1544 4636 Ex
1568 4591 1629 4637 ore
1648 4562 1796 4637 Domini
1818 4587 1895 4634 non
1916 4562 2142 4654 egredientur
2166 4562 2264 4632 boua
2336 4615 2355 4652 ¹,

240 3785 352 3857 stibus
380 3780 537 3858 honestis
561 3812 730 3880 personae
753 3788 988 3873 conveniens,
1019 3800 1053 3857 et
1072 3800 1124 3857 est
1144 3809 1226 3880 pars

239 3887 442 3960 modestiae.

341 3983 549 4060 Iustitia
588 3989 914 4086 particularis
946 4003 1011 4075 est,
1045 3990 1223 4059 neminem

240 4091 370 4168 iniuria
385 4093 534 4162 allicere.

340 4183 559 4266 Caecitas
586 4209 639 4265 est
653 4196 765 4266 vitare
780 4191 976 4288 prohibitas
993 4194 1173 4283 libidines.

341 4288 634 4365 Amicabils'a
682 4299 844 4368 nominat
876 4295 1151 4368 Beneficentiam
1191 4308 1225 4364 ct

106 4443 112 4452 ·
232 4391 465 4487 Ἐπιείκειαν,
506 4395 584 4466 sine
614 4422 683 4490 qua
713 4422 788 4470 uon
816 4411 933 4491 potest
960 4397 1106 4470 retineri
1138 4420 1223 4470 cou-

237 4498 366 4572 cordia.
882 4579 886 4594 ¹
1323 4566 1333 4585 ‚
1385 4563 1427 4582 ,‚

339 4591 645 4670 Laudabili..
671 4600 834 4672 nominat
854 4602 1038 4682 virtutem,
1065 4613 1223 4693 quaeest
1272 4590 1332 4661 ‘1¹¹¹
1357 4567 1463 4650 ‘hm’

238 4703 422 4792 diligentia
437 4701 574 4774 vitandi
589 4702 769 4788 scandala,
793 4725 883 4797 quae
897 4703 1105 4772 nominatur
1117 4705 1222 4797 φιλο·
1272 4681 1306 4739 ‘²
1323 4667 1438 4737 mah?
1990 4779 1999 4798 ο

236 4800 352 4898 τιμία,
380 4799 527 4875 honesta
542 4805 711 4896 appetitio
726 4799 874 4874 honoris
888 4829 949 4876 seu
965 4807 1079 4874 honae
1094 4804 1221 4874 lamae.
1373 4779 1419 4854 Et
1435 4778 1643 4875 Zopboniac
1663 4785 1713 4854 1.:
1741 4779 1936 4854 Scrutabor
1950 4777 2174 4850 Hiemsalem
2203 4779 2262 4850 lu-

337 4904 952 4996 posteaexpressenominatpaulu,
981 4899 1220 4980 Virtutem
1270 4885 1403 4970 cernis,
1437 4901 1468 4956 ει
1499 4884 1650 4955 visitabo
1682 4885 1777 4954 viros
1802 4885 1933 4954 defixos
1955 4882 1993 4950 in
2018 4880 2153 4951 fecibus
2177 4882 2263 4968 suis,
2319 4871 2355 4925 '²'

237 5022 272 5081 ει
304 5001 532 5092 Laudem,
571 5021 613 5078 ῃῑ
640 5007 828 5098 ,ῑεῃῑῇςρῃ
867 5021 959 5080 recte
989 5008 1110 5091 factis,
1145 5031 1220 5076 no„
1270 4989 1333 5080 qui
1355 4989 1479 5078 dicunt
1501 4988 1538 5055 in
1561 4988 1729 5056 cordibus
1743 4987 1834 5057 suis:
1859 4983 1941 5056 Non
1956 4983 2061 5053 faciet
2077 4982 2264 5062 Dominus

250 5112 336 5196 naui
354 5111 589 5182 ostentatione
603 5111 732 5180 bonam
749 5112 877 5180 tamam
894 5112 1088 5200 parandam
1108 5131 1194 5178 esse.
1269 5090 1359 5159 bene
1373 5105 1408 5161 et
1424 5113 1497 5158 ⁰⁰¹¹
1513 5088 1618 5160 faciet
1634 5090 1738 5158 mol?-
2319 5121 2354 5187 τ,

335 5209 395 5282 Sic
410 5225 444 5281 et
457 5206 714 5286 Romanosil.
732 5211 865 5306 inquit:
895 5209 968 5300 Qui
983 5211 1020 5281 in
1038 5207 1094 5282 his
1110 5211 1219 5281 seruit
1371 5206 1458 5278 ltem
1476 5206 1616 5278 Psalmo
1630 5209 1707 5298 82:
1733 5204 1786 5279 De
1800 5206 1898 5276 coelo
1914 5205 2054 5296 respicit
2068 5200 2262 5287 Dominus,
2336 5223 2356 5292 γ’,

212 5309 395 5400 Christo,
422 5313 536 5410 placet
552 5315 650 5400 Deo,
676 5326 710 5384 et
734 5303 903 5404 probatus
926 5328 977 5386 est
997 5309 1217 5404 homiuibus,
1268 5311 1365 5382 videt
1379 5332 1501 5379 omues
1519 5309 1610 5381 lilios
1626 5303 1828 5383 hominum.
2316 5319 2326 5335 ““

2331 4709 2351 4762 h
