4622 5818
74 146 137 226 at
307 139 391 221 ιιι.
434 85 846 224 ιιιοιιιιοιιε
868 139 939 222 nr
963 91 1323 220 conmonus'm
1345 73 1526 214 evaso]
1553 139 1839 219 narrasse.
2008 153 2084 232 ooo

65 287 74 306 ⁹
161 312 264 390 Hanc
283 318 560 390 consolationem
585 329 658 388 non
680 313 805 394 sinatis
827 315 929 388 vobis
945 313 1047 413 eripi.

1196 305 1270 382 Lea
1291 321 1344 382 est
1365 303 1527 384 doctrina
1542 331 1563 384 u
1579 309 1659 388 noo
1676 315 1826 404 tradita,
1851 321 2082 416 praecipiens,

68 415 158 490 llaec
192 421 387 492 admonitio
418 416 487 493 hoc
512 433 672 510 ternpore
695 418 887 490 nemruria
909 432 981 505 est,
1010 428 1048 488 et
1099 409 1221 506 quales
1243 434 1309 482 nos
1332 434 1406 484 ease
1428 426 1609 502 oporteat,
1639 429 1673 486 et
1693 417 1780 510 quid
1800 443 1868 492 noa
1886 423 2001 497 facere
2022 444 2085 503 aut

66 542 160 612 saepe
178 523 378 614 repetenda,
400 537 468 595 eta
486 521 586 593 robis
600 542 704 612 saepe
718 521 918 611 cogitanda.

161 637 264 711 Nunc
282 641 387 712 venio
410 642 454 711 ad
478 653 725 732 argumentum
745 634 882 711 Christi
906 641 952 712 de
973 638 1044 709 sita

66 735 242 833 posthanc
258 745 377 814 vitam.

161 855 288 926 Videte
312 883 418 950 quam
441 859 558 930 tristes
578 859 743 928 tenebrae
763 857 896 944 fuerint
918 855 956 924 in
979 853 1042 925 illo

66 958 203 1046 populo,
256 959 454 1030 Sadducaei
472 961 586 1052 palam
606 973 822 1049 negaverunt
842 960 949 1028 vitam
964 970 1044 1048 pust

66 1051 148 1126 hanc
165 1059 295 1144 vitam,
321 1074 355 1131 et
376 1063 627 1156 quaesiverunt
653 1059 803 1130 ridicula
825 1072 1042 1147 argumenta.

66 1156 111 1226 lta
128 1161 312 1233 insaniunt
327 1157 507 1244 homines,
533 1164 676 1256 quando
693 1163 911 1232 discedunta
933 1162 1040 1228 verbo

45 1256 143 1344 -Dei,
166 1279 203 1334 et
224 1277 400 1357 quaerunt
422 1265 489 1357 ipsi
514 1264 754 1333 cavillationes
779 1287 842 1354 pro
865 1264 940 1334 suis
962 1262 1041 1353 opi-

57 1361 238 1436 nionibus.
276 1360 441 1436 Christus
456 1366 561 1435 solvit
577 1389 699 1434 eorum
716 1381 982 1454 argumentum,
1007 1376 1043 1434 et

62 1463 141 1534 dicit
163 1466 202 1536 in
226 1467 297 1536 vita
319 1481 461 1539 aeterua
483 1491 556 1538 non
578 1467 733 1538 futuram
753 1467 1040 1538 commixtionem

62 1566 180 1654 talem,
204 1581 248 1640 ut
261 1568 300 1640 fit
317 1569 356 1639 in
373 1570 538 1660 coniugio
554 1568 592 1639 in
608 1563 676 1640 bac
690 1569 777 1641 vita.

95 1663 230 1740 Postea
253 1669 403 1763 opponit
417 1673 593 1761 egregium
607 1684 872 1760 argumentum:

154 1769 253 1842 Deus
275 1786 325 1843 est
339 1769 435 1842 Deus
452 1773 666 1859 viventium,
691 1797 765 1844 non
781 1788 1017 1845 mortuorum.

149 1869 313 1946 Deusett
329 1872 426 1945 Deus
441 1869 617 1950 Abrabae.

151 1968 251 2064 Ergo
267 1971 448 2048 Abrabam
466 1975 566 2048 vivit.

103 2085 178 2162 Hoc
206 2107 454 2182 argumentum
483 2091 644 2164 continet
672 2091 847 2182 egregiam
879 2091 1041 2162 consola-

63 2188 206 2279 tionem,
235 2197 438 2268 nonsolum
457 2195 640 2265 defutura
661 2194 756 2276 rita,
779 2195 840 2263 sed
864 2193 969 2264 etiam
995 2193 1040 2261 de

63 2284 121 2361 bac
135 2295 228 2382 uita,
254 2297 351 2390 quud
376 2295 613 2366 scilicetDeus
630 2283 711 2369 rer'e
734 2309 832 2368 curet
846 2317 931 2379 nos,
957 2295 1040 2388 quia

66 2393 187 2483 dicere,
212 2399 311 2492 quod
327 2395 423 2470 Deus
438 2397 483 2468 sit
497 2396 595 2468 Deus
609 2396 818 2479 viventium,
845 2409 898 2468 est
912 2397 1041 2481 dicere,

64 2497 148 2586 quod
165 2515 285 2584 curet,
313 2501 408 2592 qnod
424 2499 638 2583 benefaciat,
663 2512 778 2571 servet
792 2521 863 2585 eos,
885 2521 1039 2591 quorum

64 2617 95 2664 sc
109 2603 270 2672 nominat
284 2599 422 2682 Deum,
445 2602 535 2676 sicut
550 2602 589 2670 in
612 2601 728 2690 primo
745 2614 929 2694 praecepto
951 2599 1041 2668 dici-

63 2709 125 2768 tur:
148 2698 226 2793 Ego
242 2724 318 2772 sum
337 2699 514 2772 Dominus
526 2699 621 2772 Deus
643 2715 744 2786 ttius,
770 2703 806 2772 id
830 2715 900 2792 est,
925 2714 960 2773 te
976 2724 1040 2772 cu-

64 2821 154 2884 rans,
179 2804 391 2886 exaudiens,
414 2803 560 2885 iuvans,
587 2827 742 2874 servans.

151 2923 236 2994 Hoc
258 2921 349 2991 bene
373 2921 591 3010 consideret,
618 2936 652 2992 et
672 2924 710 2992 in
732 2936 794 2994 tua
815 2917 1040 2991 invocatione

62 3036 185 3113 semper
202 3025 375 3096 excitetur
389 3023 492 3108 fides,
519 3025 616 3117 quod
632 3024 773 3094 invoces
791 3049 863 3094 nou
881 3021 1038 3092 otiosum

62 3113 183 3207 Deum,
223 3126 285 3196 sed
307 3127 369 3219 qui
394 3125 634 3195 severissime
660 3126 737 3196 vult
759 3149 897 3210 curare,
931 3144 1038 3192 exau-

63 3221 146 3312 dire,
169 3229 312 3312 iuvare,
336 3227 489 3312 salvare,
515 3228 547 3298 si
564 3227 676 3298 credis
693 3227 731 3296 io
745 3228 872 3301 lilium.

152 3345 338 3420 Caeterum
354 3345 444 3417 bene
458 3346 601 3415 refutati
624 3359 706 3415 sunt
720 3343 935 3424 Sadducaei,
962 3366 1036 3435 ipsa

61 3447 315 3520 resuscitatione
331 3442 486 3534 Christi,
508 3447 708 3520 stallorum
734 3445 949 3533 multorum,
974 3471 1035 3540 qut

6 3613 10 3622 .
59 3551 245 3631 resuscitati
258 3563 341 3622 sunt
358 3562 391 3620 et
407 3549 585 3642 conspecti
603 3574 623 3620 a
642 3550 776 3620 multis.

1093 511 1300 606 nonfacere
1320 525 1498 605 oporteat,
1523 527 1560 587 et
1580 516 1765 610 requirens
1787 525 1975 616 perfectam
1996 529 2082 600 obe·

1096 614 1286 701 dientiam,
1317 629 1353 689 et
1373 616 1582 706 promittens
1603 619 1698 690 bona
1725 646 1792 714 pro
1815 627 1968 719 perfecta
1995 631 2083 704 obe.

1096 716 1253 801 dirutis,
1278 728 1313 788 ei
1329 739 1413 789 rere
1430 717 1584 788 irascens
1596 723 1787 810 omnibus,
1809 728 1872 820 qui
1887 752 1961 800 nou
1977 757 2082 824 prae-

1094 832 1191 889 stant
1214 818 1402 908 perfectam
1425 821 1681 910 obedientiam,
1706 839 1742 896 et
1764 829 1918 919 puniens
1938 857 2081 906 omnem

1096 920 1394 1006 inobedientiam,
1431 921 1522 994 sicat
1561 924 1731 1016 scripturn
1762 944 1829 1001 est:
1868 930 2082 1010 Maledictus

1095 1021 1247 1112 quinon
1272 1036 1392 1093 manet
1412 1022 1452 1093 in
1471 1025 1656 1110 omnibus,
1682 1050 1771 1119 quse
1794 1046 1878 1104 sunt
1897 1035 2082 1127 scriptam

1093 1122 1181 1210 lege.
1243 1118 1290 1192 Et
1313 1123 1352 1192 in
1373 1147 1528 1208 summa,
1562 1127 1617 1196 lex
1636 1142 1690 1200 eat
1711 1130 1787 1220 ipsa
1810 1157 1876 1204 vox
1897 1134 2078 1231 Decologi,

1091 1224 1155 1316 qm
1183 1225 1329 1295 damnat
1360 1247 1484 1295 omnes
1511 1221 1674 1300 homines
1705 1231 1743 1299 in
1767 1227 1832 1304 hac
1852 1241 2080 1332 corruptione

1093 1338 1258 1410 naturae,
1284 1327 1366 1428 quia
1383 1351 1488 1397 nemo
1504 1333 1646 1401 estsine
1661 1332 1782 1404 multis
1799 1349 1832 1405 et
1846 1341 1982 1428 magnis
1997 1365 2080 1435 pec-

1092 1427 1195 1510 catis,
1233 1439 1267 1497 et
1294 1424 1391 1500 Deus
1414 1453 1495 1499 vere
1524 1431 1690 1510 irascitur
1716 1437 1883 1526 peccatis,
1914 1441 2005 1515 sicut
2027 1443 2081 1514 ibi

1092 1528 1243 1600 dicitur:
1270 1525 1366 1602 Deua
1383 1543 1435 1602 est
1448 1531 1541 1620 ignis
1563 1557 1787 1612 consumens.

1142 1661 1243 1733 Vel:

1193 1797 1272 1868 Lex
1283 1797 1350 1870 Dei
1375 1811 1425 1869 est
1451 1812 1593 1872 aeterna
1611 1815 1645 1874 ct
1660 1803 1804 1877 immota
1821 1811 1991 1903 sapientia
2000 1811 2080 1903 Dei,

1092 1913 1127 1970 et
1150 1920 1274 1969 norma
1301 1900 1457 1970 iustitiae
1481 1902 1519 1970 in
1552 1905 1734 1975 voluntate
1757 1906 1843 1991 Dei,
1877 1912 2081 1988 discernens

1092 2000 1185 2071 bona
1203 2013 1237 2070 et
1250 2001 1359 2085 mala,
1384 2003 1640 2074 communicata
1656 2007 1821 2080 rationali
1846 2030 2024 2090 creaturae
2041 2020 2081 2091 in

1092 2101 1289 2188 creatione,
1316 2117 1350 2174 et
1364 2104 1535 2194 patefacta
1552 2121 1671 2196 postea
1694 2132 1758 2178 suo
1782 2115 1911 2195 verbo,
1937 2133 1974 2188 ut
1990 2121 2080 2192 scia-

1092 2227 1190 2284 mus,
1218 2205 1334 2298 qtralis
1347 2205 1394 2274 sit
1408 2201 1525 2291 Deus,
1550 2220 1584 2276 et
1606 2207 1767 2298 obligans
1783 2237 1907 2286 omnes
1922 2219 2080 2292 rationa-

1092 2304 1143 2375 les
1160 2318 1358 2390 creaturas,
1384 2319 1417 2378 et
1433 2307 1509 2379 vult
1531 2331 1654 2386 omnes
1678 2311 1747 2382 sibi
1768 2317 1968 2391 conformes
1993 2348 2080 2410 esse,
2113 2347 2118 2355 ·

1092 2419 1127 2477 et
1142 2407 1314 2477 damnans
1331 2431 1454 2478 omnes
1473 2434 1548 2480 non
1566 2429 1798 2501 congruentes
1825 2421 1871 2488 ad
1899 2421 1997 2494 illam
2020 2449 2079 2496 ae·

1091 2521 1227 2579 ternam
1245 2524 1279 2581 et
1295 2509 1476 2581 immotam
1493 2513 1698 2604 sapientiam
1713 2515 1800 2604 Dei,
1825 2503 1887 2595 etc.

1194 2641 1263 2715 Sed
1280 2637 1516 2733 Evangelium
1533 2659 1586 2716 cst
1601 2649 1815 2738 praedicatio
1832 2659 2080 2745 poenitentiae,

1092 2758 1128 2814 et
1146 2745 1335 2836 promissio
1352 2745 1584 2815 remissionis·
1595 2765 1837 2840 peccatorum,
1865 2771 1899 2828 et
1912 2823 1915 2831 ,
1926 2761 2080 2834 iustitiae

1091 2860 1126 2916 et
1142 2846 1234 2919 vitae
1247 2861 1428 2927 aeternae,
1454 2842 1675 2920 exhibendae
1690 2869 1832 2944 propter
1849 2861 2077 2934 mediatorem
2207 2843 2213 2856 ’

1090 2947 1203 3018 filium
1218 2945 1303 3033 Dei,
1328 2947 1451 3037 gratis,
1479 2963 1513 3020 et
1529 2951 1754 3049 accipiendae
1769 2957 1850 3034 fide.

1189 3081 1257 3154 His
1279 3083 1546 3158 discriminibus
1561 3090 1785 3178 constitutis,
1809 3093 1879 3166 iam
1896 3098 2079 3173 sciendum

1090 3197 1160 3272 est,
1187 3188 1281 3278 quod
1298 3181 1405 3257 homo
1428 3212 1502 3259 non
1523 3191 1669 3292 accipiat
1693 3195 1936 3268 remissionem
1960 3227 2078 3293 pecca-

963 3342 973 3361 .
1088 3301 1228 3375 torum,
1253 3313 1318 3358 nec
1340 3290 1385 3359 sit
1401 3291 1514 3361 iustus
1536 3308 1683 3390 propter
1707 3295 1817 3384 legem
1841 3302 1896 3369 vel
1918 3314 1981 3374 su'a
2004 3329 2079 3374 me-

1026 3448 1035 3465 ,
1089 3392 1175 3469 rita,
1202 3404 1236 3460 et
1251 3391 1364 3459 multo
1384 3393 1503 3462 minus
1519 3409 1665 3485 propter
1679 3395 1916 3473 Monachatus
1929 3417 1963 3474 et
1977 3406 2079 3476 simi·

1088 3492 1139 3560 les
1155 3495 1385 3565 ceremonias.

1190 3607 1259 3679 Sed
1278 3608 1334 3679 lex
1350 3611 1431 3680 ideo
1449 3615 1683 3704 praedicanda
1705 3631 1775 3705 est,
1799 3636 1839 3692 ut
1860 3627 2021 3698 ostendat
2041 3644 2077 3701 et

102 3692 306 3770 Pharisaei
327 3707 449 3768 antem
479 3692 689 3781 audientes,
724 3693 828 3797 qaod
845 3695 1033 3770 silenlt'um
1086 3724 1222 3781 accuset
1244 3725 1447 3801 peccatum,
1483 3713 1518 3786 et
1545 3741 1610 3786 nos
1640 3721 1755 3790 territi
1783 3726 1899 3813 agnita
1931 3727 1984 3796 ira
2007 3726 2075 3799 Dei
2191 3755 2192 3758 ’

149 3797 380 3900 imposuisset
401 3794 652 3888 sadducaeis,
678 3809 740 3890 etc.

102 3913 350 4018 Interrogavit
369 3943 447 3991 eum
464 3943 560 3990 anus
572 3941 619 3991 aa·
634 3915 685 3990 eis
701 3913 931 4013 Legislatnr.

1086 3815 1332 3904 confugiamus
1348 3815 1392 3884 ad
1418 3815 1530 3886 filium
1546 3817 1632 3900 Dei,
1657 3836 1696 3890 ut
1713 3823 1758 3893 ab
1776 3825 1851 3916 ipso
1872 3849 2049 3906 sanemur.
2136 3881 2138 3886 ,

1186 3946 1368 4040 Incipiunt
1389 3973 1471 4040 ergo
1495 3952 1769 4041 disputationem
1786 3959 1830 4029 do
1852 3959 1942 4052 lege:
1978 3960 2073 4034 Pha·
2118 3990 2122 3998 ·

141 4071 348 4146 ·Audivistis
372 4092 527 4162 pugnam
551 4093 633 4140 cum
648 4067 873 4140 sadducaeis,
928 4065 1032 4140 Nunc
1083 4051 1217 4121 risaeus
1250 4052 1462 4140 interrogat,
1489 4055 1583 4146 qood
1609 4053 1653 4124 sit
1677 4079 1842 4146 magnum
1867 4066 2072 4164 mandatum
2103 4161 2105 4164 .

61 4173 340 4265 seqniturpogna
358 4197 438 4242 cum
454 4166 670 4251 Pharnacis,
697 4164 763 4240 hos
780 4172 1031 4264 quoquerefu-
1081 4152 1121 4222 5¹¹
1158 4151 1259 4242 ¹⁸8⁰?
1307 4151 1516 4245 Re⁵P⁰¹¹det
1545 4151 1708 4228 Ghrlffllss
1744 4162 2000 4255 Sapientissimc
2027 4171 2073 4240 de

58 4279 102 4339 tat
118 4291 148 4345 et
165 4277 276 4346 vincit
289 4269 472 4352 Christus,
498 4287 531 4342 et
549 4285 641 4343 emt
657 4295 779 4342 eorum
803 4273 1028 4363 praecipuum
1080 4279 1218 4325 summa
1230 4255 1316 4344 legis
1331 4268 1366 4326 et
1377 4256 1576 4347 praecipuis
1591 4260 1786 4366 mandatisa
1808 4263 1942 4356 Diliges
1953 4267 2069 4342 Deum

59 4393 223 4462 errorem,
256 4378 352 4470 quod
381 4377 391 4444 i
422 4375 610 4458 iterabant,
644 4375 725 4468 quia
755 4387 843 4443 esset
869 4372 1049 4460 Massia„
1081 4381 1122 4427 er
1138 4369 1212 4428 totu
1230 4359 1346 4426 corde.
1395 4354 1443 4427 Et
1458 4361 1652 4432 secundum
1668 4361 1783 4434 simile
1803 4357 1907 4441 buic:
1932 4369 2068 4464 Diliges

60 4484 87 4540 ei
103 4501 187 4568 quae
202 4480 272 4550 ,im
289 4479 398 4549 eille
431 4502 464 4546 ’ῃ
487 4476 674 4561 ᾕρῃρῇςὴ,
700 4488 734 4545 et
749 4475 851 4569 quale
868 4473 1026 4551 summm
1082 4459 1278 4550 proximum
1299 4472 1396 4532 [uuili
1420 4461 1686 4554 Sicuiieipsllm·

60 4592 138 4649 esset
153 4605 311 4670 regnum.
352 4573 399 4650 Et
415 4579 505 4648 sicut
519 4577 715 4646 doctrinam
734 4600 854 4648 veram
870 4579 914 4646 de
930 4575 1027 4647 Mes-

1181 4574 1302 4664 Qnare
1334 4579 1463 4652 adiecit
1498 4575 1676 4652 Christus:
1716 4581 1945 4658 Secundum?
1997 4589 2067 4663 Hic

61 4672 104 4743 aia
125 4679 393 4770 ignoraverunt,
425 4682 472 4750 ita
496 4679 695 4748 doctrinam
718 4679 763 4747 de
787 4679 918 4747 iustitia
943 4681 1024 4749 fidei
1078 4694 1171 4749 taxat
1201 4674 1449 4765 Pharisaeum,
1482 4682 1563 4774 qttia
1597 4677 1807 4756 Pharisaeus
1841 4689 2066 4779 imaginatur,

61 4783 283 4858 nesciverunt.
350 4779 425 4851 Has
464 4793 579 4850 tantas
607 4782 770 4849 tenebras
787 4765 857 4848 bic
895 4781 1026 4851 taxabit
1079 4781 1182 4871 longe
1214 4781 1348 4850 maiora
1380 4787 1546 4854 mandata
1575 4807 1649 4853 esse
1682 4791 1950 4876 ceremonialia,
1975 4818 2065 4882 quae

61 4869 220 4961 Christus.
271 4883 411 4956 Eisunt
430 4878 602 4954 hicdttae
623 4883 895 4973 disputationes:
928 4882 1027 4974 prior
1077 4883 1161 4972 ipsis
1183 4897 1282 4950 erant
1306 4900 1534 4975 quaestuosa,
1572 4908 1678 4977 quarn
1708 4893 1915 4960 mandatum
1939 4893 1983 4964 de
2007 4897 2064 4965 di-
2127 4970 2129 4978 ,
2221 4943 2227 4956 s

61 4974 97 5044 de
119 4982 207 5078 lege,
238 4987 346 5058 altera
369 4988 414 5054 de
428 4983 637 5073 Evangelio.
688 4981 758 5054 Hic
780 4985 935 5072 primum
962 5009 1024 5054 ne·
1076 4983 1228 5055 laetioris
1245 4986 1408 5072 proximi.
1460 4984 1507 5058 Et
1523 4984 1721 5079 Prophetae
1734 5006 1768 5061 et
1781 4987 1942 5064 Christus
1959 5020 2062 5089 saepe
2159 5069 2160 5072 ,

63 5099 142 5152 tasse
156 5105 204 5160 est
220 5113 285 5160 nos
299 5089 450 5178 cogitare
466 5087 511 5156 de
527 5086 732 5156 discrimine
746 5083 850 5174 Legis
864 5083 1026 5183 etEvan7
1076 5081 1172 5156 ltttue
1189 5109 1343 5154 errorem
1366 5101 1496 5157 taxant.
1547 5085 1596 5158 Et
1620 5114 1757 5182 semper
1781 5093 1875 5170 inter
1900 5089 2062 5171 homines
2192 5143 2199 5154 -

60 5181 141 5262 gelii.
187 5189 266 5263 Hoc
300 5189 490 5264 discrimen
520 5189 676 5280 conspici
704 5185 742 5262 in
766 5185 923 5260 Ecclesia
961 5212 1023 5257 na-
1076 5187 1315 5262 roanenttalia
1338 5190 1486 5262 sornnia.
1520 5190 1682 5282 Papistae
1700 5194 1784 5260 otim
1800 5195 2059 5290 existimabant,
2185 5223 2189 5231 ’

1075 5289 1383 5384 maiarpeccatum
1399 5313 1492 5380 ease,
1524 5293 1562 5360 in
1584 5293 1643 5364 dle
1664 5309 1758 5365 serta
1781 5299 1963 5383 comedere
1984 5319 2061 5375 oar·

62 5299 142 5355 teste
163 5305 221 5364 eat,
389 5333 396 5349 .

102 5389 269 5465 nectara.
296 5397 399 5463 Orsa.
423 5393 507 5460 Vos..
535 5391 630 5461 xlv.

1524 5393 1571 5467 ot
