4616 5818
573 186 652 262 xor.
706 184 1104 261 anuorartouas
1144 187 1193 259 m
1234 187 1531 269 nvnnuanu.
1627 169 1631 190 '

132 358 228 430 llaec
254 360 297 427 de
318 357 440 425 labore
463 355 570 426 simul
592 357 777 444 cogitanda
799 371 904 440 sunt,
930 383 1020 453 quo-
1070 359 1165 442 vult,
1191 360 1268 432 voslt
1291 379 1323 434 et
1340 367 1542 440 confirmari
1557 373 1660 444 fidem

40 463 99 534 ties
113 461 267 554 petimus
279 455 488 549 corporalia,
505 458 588 550 quia
603 459 743 548 ignavia
756 473 936 551 peccatum
956 473 1019 535 est.
1068 458 1171 532 lium.
1222 457 1311 532 Nam
1336 469 1398 558 qui
1419 493 1491 539 non
1516 478 1622 547 audet
1645 494 1761 567 petere
1778 500 1974 588 corporalia
2021 521 2056 578 et

42 561 85 636 Et
97 563 195 656 quale
218 573 417 630 monstrum
441 571 493 628 est
513 556 638 644 homo,
663 560 725 653 qui
739 573 878 632 tantum
893 562 1019 631 inutile
1068 560 1138 630 ism
1155 563 1292 636 dubitat
1315 568 1358 636 dc
1373 575 1569 659 praesentia
1586 574 1673 660 Dei,
1697 607 1775 656 cum
1799 553 1994 672 deserimui
2010 609 2055 680 ab

42 667 167 757 pondus
183 676 236 732 est
253 675 384 744 terrae,
413 655 505 729 nihil
525 662 663 732 confert
678 685 866 753 operarum
889 666 935 732 ad
950 660 1017 733 Dei
1067 663 1236 734 omnibus
1257 670 1449 740 creaturis?
1499 671 1625 750 Esaiae
1646 679 1726 758 52:
1761 687 1934 769 Habitans
1972 731 2051 780 cum

41 767 192 835 noticiam
211 761 493 854 propagandam,
518 775 579 830 aut
599 775 750 834 caeteras
768 766 879 834 bonas
897 786 953 834 res
978 764 1016 832 in
1066 765 1223 836 contrito
1253 781 1286 838 et
1309 765 1437 842 humili
1463 775 1612 867 spiritu,
1642 797 1682 854 ut
1707 787 1858 865 vivificet
1886 803 2050 889 spiritum

42 868 101 936 vita
121 866 274 938 tuendas
296 877 331 934 et
354 863 544 936 ornandas.
596 860 672 933 lmo
695 865 740 934 ad
757 863 881 935 Titum
897 866 1015 934 nomi·
1065 863 1277 953 humilium,
1326 885 1361 944 et
1392 897 1454 945 cor
1487 881 1729 964 contritorum.
1810 897 2052 983 confirmatur

42 969 137 1036 nolim
159 965 398 1058 praecipitur,
422 977 464 1033 ut
483 965 657 1035 discamus
678 965 778 1036 utilia
800 967 904 1040 vitae.
954 962 1014 1038 ln·
1065 966 1169 1036 etiam
1192 969 1296 1055 fides,
1323 997 1404 1044 cum
1430 980 1641 1069 experientia
1667 997 1818 1067 ostendit
1846 1024 1918 1071 non
1943 1010 2050 1084 luisse

42 1071 129 1140 terim
152 1079 238 1137 vero
263 1067 430 1150 sciamus,
455 1064 569 1135 Deum
593 1066 640 1135 ita
659 1065 867 1137 benedicere
889 1069 1014 1151 labori,
1064 1067 1200 1136 irritam
1227 1075 1481 1160 precationem,
1508 1083 1608 1154 utin
1634 1085 1774 1164 Psalmo
1803 1101 1951 1176 dicitur:
1980 1112 2048 1186 lste
2094 1151 2101 1166 ·

42 1195 106 1238 cum
127 1169 295 1238 addimus
312 1167 595 1245 invocationem,
621 1167 711 1236 sicut
725 1165 842 1238 Lucae
857 1164 894 1239 6.
920 1169 1011 1238 dici-
1063 1191 1195 1258 pauper
1211 1174 1375 1248 clamavit
1397 1179 1440 1248 ad
1457 1177 1672 1268 Dominum,
1698 1206 1730 1262 et
1746 1192 1921 1275 Dominus
1943 1234 2048 1286 exau.

42 1286 100 1340 tur:
124 1267 166 1338 ln
180 1271 294 1338 verbo
309 1281 370 1338 tuo
390 1268 514 1336 laxabo
531 1282 615 1337 rete.
667 1263 715 1337 Et
728 1266 820 1339 Psal.
838 1271 916 1342 fib:
944 1271 1013 1340 lste
1036 1313 1040 1328 ·
1062 1269 1152 1339 divit
1167 1294 1257 1341 eorm.
1310 1275 1494 1350 Postremo
1515 1286 1591 1354 vult
1614 1290 1717 1359 etiam
1736 1292 1831 1370 Deus
1857 1311 2047 1390 gratiarum

46 194 109 268 sot
1986 233 2062 304 838

1670 431 1679 461 ,
1704 385 1871 472 petitione
1891 407 2057 491 corpora.
2152 483 2155 498 ι

42 1395 157 1460 pauper
178 1369 346 1438 clamavit
374 1370 416 1437 ad
447 1361 664 1451 Do'minum,
698 1384 731 1437 et
756 1367 932 1440 Dominus
954 1395 1013 1441 ex-

14 1565 15 1588 *
42 1473 272 1544 osidivitcum.
324 1468 431 1540 ltem:
460 1469 591 1556 Petite,
618 1484 651 1539 et
667 1471 855 1560 accipietis.

419 1653 465 1702 De
494 1652 623 1717 quinto.

14 1827 15 1842 ,
118 1771 309 1861 Quomodo
325 1772 370 1842 sit
386 1774 578 1841 exercenda
594 1773 678 1841 fides
692 1773 729 1841 in
751 1775 919 1864 petitione
934 1797 1015 1844 cor-

14 1873 15 1952 i
45 1874 208 1963 poralium.
252 1869 324 1942 Hic
340 1873 549 1964 praecipuus
564 1873 663 1943 locus
677 1889 729 1944 est
744 1874 781 1944 in
800 1871 864 1944 hac
883 1877 1014 1946 doctri-

46 1977 132 2044 uode
148 1973 457 2067 promissionibus.
509 1972 669 2043 Primum
693 1991 808 2046 autem
833 1974 1030 2068 sciendum¹

46 2090 100 2158 est,
128 2099 264 2165 semper
280 2074 443 2166 petitioni
459 2076 695 2167 corporalium
716 2091 852 2167 oportet
876 2079 1015 2168 praelu-

46 2199 108 2243 cere
125 2176 246 2260 fidem,
283 2199 352 2269 qua
381 2177 558 2246 credimus
580 2201 644 2246 nos
666 2192 810 2269 propter
832 2173 1014 2248 Christum

48 2275 138 2366 recipi
152 2289 185 2345 et
199 2275 375 2346 exaudiri.
428 2273 504 2346 lmo
521 2290 559 2346 ut
579 2273 665 2347 haec
678 2279 764 2347 fides
779 2279 817 2346 in
832 2279 936 2349 nobis
957 2303 1014 2348 ac-

14 2457 15 2465 ¹
49 2379 194 2446 tendatur
216 2391 252 2447 et
276 2389 425 2464 crescat,
451 2377 532 2446 ideo
555 2391 625 2446 tam
645 2379 763 2448 variae
780 2393 941 2449 externae
955 2406 1015 2450 oc-

14 2473 15 2478 ’
48 2478 198 2562 rosiones,
223 2477 400 2563 actiones,
427 2479 602 2569 pericula,
637 2481 856 2551 adflictiones
884 2474 1014 2573 propo-

49 2578 117 2647 sitae
137 2593 223 2652 sunt.
287 2575 447 2650 Sciamus
474 2603 556 2668 ergo
586 2580 737 2671 primam
771 2594 805 2651 et
840 2605 1013 2652 summam

50 2679 297 2766 promissionem
327 2681 372 2749 de
400 2681 614 2765 mediatore,
661 2696 695 2751 et
725 2685 769 2752 de
805 2684 1013 2752 reconcilia-

50 2779 142 2870 tione,
172 2803 313 2872 semper
335 2782 442 2851 simul
465 2783 765 2873 complectendam
788 2807 871 2857 esse.
928 2783 1013 2854 ldeo

14 2941 17 2960 ,
50 2901 111 2947 cnm
128 2882 279 2953 citantur
295 2881 387 2952 dicta
404 2883 447 2950 de
462 2883 541 2964 fide,
567 2884 704 2954 etiamsi
720 2900 861 2955 externa
878 2887 1012 2955 obiecta

51 2981 181 3064 variant,
205 2997 327 3054 tamen
343 2985 463 3053 omnia
488 2985 594 3054 simol
619 2986 903 3083 complectuntur
923 2983 1014 3059 hanc

51 3079 133 3150 fidem
151 3086 191 3154 de
212 3084 513 3155 reconciliatione.
565 3080 764 3172 Abraham,
792 3086 917 3173 lacob,
941 3088 1015 3160 Da-

50 3180 97 3250 vid
116 3184 187 3254 ideo
209 3198 342 3277 petunt
364 3200 399 3257 et
420 3200 603 3278 expectant
626 3211 645 3256 a
667 3186 743 3258 Deo
761 3191 1014 3276 defensionem,

51 3284 116 3372 qnia
134 3287 282 3356 credunt
307 3310 343 3356 se
366 3301 523 3378 receptos
546 3309 635 3372 esse,
662 3301 697 3359 et
722 3292 879 3361 exaudiri
902 3289 1012 3363 aDeo

52 3399 169 3475 propter
179 3389 393 3478 promissum
412 3385 619 3464 Dominum.

141 3484 310 3574 Quotidie
325 3491 434 3580 igitur
452 3513 530 3558 cum
547 3490 590 3557 ad
610 3513 764 3559 mensam
784 3494 907 3563 recitas
926 3490 1012 3564 haec

53 3583 153 3676 verba,
173 3587 307 3660 Panem
323 3603 483 3660 nostrum
500 3590 748 3682 quotidianum
764 3595 929 3665 danobis
947 3593 1011 3665 bo-

14 3689 15 3732 ῑ
53 3681 110 3766 die,
139 3689 215 3779 quia
239 3716 322 3760 mox
349 3692 520 3783 obstrepit
543 3693 729 3763 infirmitas
749 3709 885 3778 nostra,
914 3696 1010 3766 Deus

53 3795 77 3848 te
93 3783 265 3878 indignum
290 3816 363 3860 non
387 3793 545 3874 exaudit,
573 3809 605 3864 te
631 3819 704 3864 non
725 3796 802 3864 v‘ott
825 3799 1008 3868 defensum

51 3889 234 3965 autalitum.
291 3891 359 3962 Hic
375 3895 543 3964 intuenda
567 3910 616 3965 est
636 3897 823 3988 promissio
847 3902 889 3967 de
906 3896 1008 3984 Chri-

14 4009 15 4012 *
53 3996 106 4064 sto,
128 4003 158 4060 ει
181 3995 444 4086 complectenda
468 3996 571 4077 fides,
595 4001 689 4090 quod
710 4015 854 4091 propter
876 4003 1008 4071 media-

14 4167 15 4172 *
51 4096 138 4157 torem
159 4096 371 4187 recipiamur
393 4109 426 4165 et
448 4097 688 4170 exaudiamur.
742 4099 827 4171 ldeo
850 4128 930 4173 mox
954 4128 1007 4174 se·

53 4188 163 4274 quitur:
188 4192 233 4267 Et
247 4198 387 4267 remitte
405 4198 510 4266 nobis
522 4201 639 4268 debita
655 4215 784 4270 nostra.

14 4365 15 4368 ,
130 4291 270 4387 Semper
293 4299 400 4388 igitur
424 4298 462 4367 in
487 4315 675 4390 conspeetu
700 4303 745 4372 sit
766 4299 851 4373 haec
866 4322 1006 4376 senten-

14 4405 16 4423 t
53 4385 100 4458 tia:
122 4387 184 4464 Per
204 4395 385 4470 Christum
409 4394 580 4469 habemus
605 4425 778 4472 accessum
796 4408 838 4474 ad
862 4424 1006 4497 patrem,

54 4484 113 4558 ideo
127 4518 258 4569 necesse
279 4515 328 4571 cst
342 4524 481 4592 semper
495 4502 696 4591 praelucere
718 4499 809 4574 hanc
835 4509 938 4578 fidem
962 4513 1006 4580 de

14 4633 17 4644 .
54 4593 227 4670 remissione
241 4615 461 4692 peccatorum
480 4615 623 4693 propter
639 4598 831 4676 Christum.
882 4609 1005 4682 Postea

55 4686 184 4768 fidesilla
205 4705 270 4772 tria
287 4705 431 4794 cogitet,
457 4729 546 4798 quae
567 4729 671 4795 supra
688 4709 866 4793 recensui,
893 4709 1005 4782 Deum

55 4791 123 4863 vella
141 4821 158 4867 a
179 4824 212 4873 se
235 4805 305 4896 peti
326 4809 420 4875 bona
438 4807 607 4897 corporis.
661 4805 839 4895 Primum,
867 4813 918 4883 Ut
933 4838 1006 4883 cre-

57 4889 154 4966 demus
166 4924 201 4971 ea
218 4907 292 4976 dari
308 4909 492 4991 divinitus,
518 4935 592 4978 non
609 4923 771 4998 putemus
787 4911 894 4982 obiici
914 4941 1005 4986 casu.

56 4984 206 5088 Secundo,
230 5005 322 5095 Quia
345 5011 423 5080 vult
440 5012 572 5080 servari
596 5008 788 5081 Ecclesiam
812 5015 850 5083 iu
871 5012 936 5086 hac
953 5019 1007 5086 vi-

14 5123 15 5131 *
58 5098 95 5168 lt,
116 5101 167 5172 dat
188 5108 335 5196 victum,
360 5113 621 5195 defensionem,
644 5110 808 5204 'hospitia
834 5119 1007 5189 mirabili-

58 5203 96 5260 ter
108 5214 160 5276 etc.
197 5207 335 5296 Tertio,
363 5211 450 5282 Vult
464 5216 606 5303 agnosci
622 5239 660 5284 ac
677 5218 744 5286 coli
758 5215 855 5291 Deus
871 5217 936 5291 hac
950 5222 1006 5290 in·

58 5302 221 5388 vocatione,
252 5312 331 5382 ideo
358 5315 489 5384 multas
510 5340 564 5385 res
592 5322 791 5408 proposuit,
826 5347 912 5414 quas
935 5325 1009 5416 peti

95 5399 250 5481 llrnanru.
269 5419 371 5485 Orsa.
401 5421 484 5488 Vos.
504 5417 598 5490 le.

1062 1371 1199 1439 actione
1233 1376 1300 1444 coli
1330 1393 1474 1470 propter
1495 1384 1740 1480 liberationes,
1781 1415 1820 1472 ut
1846 1407 2046 1487 dulcissime

1064 1472 1195 1540 dicitur
1211 1475 1245 1546 2.
1262 1473 1344 1547 Cor.
1361 1481 1412 1565 1.,
1438 1484 1500 1552 ubi
1517 1481 1649 1560 Paulus
1662 1497 1758 1570 iubet
1774 1505 1905 1578 multos
1924 1537 1988 1602 pro
2007 1543 2045 1590 se

1064 1587 1200 1664 petere,
1223 1591 1263 1647 ut
1277 1581 1381 1650 multi
1396 1599 1500 1674 agant
1515 1591 1643 1676 gratias
1659 1607 1726 1669 etc.

1165 1675 1234 1745 llic
1266 1683 1354 1752 ordo
1386 1698 1421 1755 et
1451 1680 1517 1758 hae
1545 1715 1668 1764 causae
1696 1721 1818 1772 omnes
1842 1713 2047 1799 cogitandae

1064 1789 1164 1862 sunt,
1196 1803 1275 1848 eum
1297 1784 1449 1874 petimus
1469 1796 1679 1884 corporalia.
1731 1799 1779 1873 Et
1809 1810 1891 1878 satis
1921 1840 2045 1908 magua

1062 1879 1219 1968 pericula
1235 1897 1336 1964 sunt,
1360 1888 1501 1976 publica
1518 1906 1552 1964 et
1566 1897 1724 1992 privata,
1751 1929 1839 1997 quae
1854 1915 2047 1994 admonent

1066 2002 1129 2046 nos
1144 1993 1192 2095 'ut
1214 1978 1299 2052 haec
1324 1987 1525 2074 cogitemus
1585 1996 1673 2069 Cum
1697 2000 1851 2078 Ecclesia
1876 2027 1983 2088 staret
2007 2025 2045 2092 in

1065 2102 1153 2146 mars
1169 2083 1297 2164 rubro,
1325 2103 1417 2158 certe
1434 2092 1658 2180 cogitandum
1674 2101 1741 2173 luit
1759 2109 1912 2196 primum
1922 2117 2043 2206 Moisi,

1064 2202 1108 2248 an
1123 2179 1200 2298 Deo
1215 2183 1385 2273 placeret,
1412 2203 1446 2258 et
1461 2216 1524 2263 cur
1542 2197 1713 2286 placeret,
1748 2209 1880 2283 scilicet
1900 2237 2043 2312 propter

1063 2305 1275 2372 promissum
1302 2285 1511 2361 Dominum.
1570 2294 1708 2372 Deinde
1736 2307 1825 2378 vidit
1850 2317 1961 2406 reipsa
1987 2347 2042 2394 sa-

1063 2383 1172 2450 lutem
1201 2408 1388 2476 corporum
1414 2389 1526 2465 aDeo
1549 2399 1645 2486 dari,
1679 2409 1842 2495 cogitavit
1867 2413 1979 2490 Deum
2004 2427 2040 2495 in

1064 2478 1130 2551 hac
1150 2485 1221 2555 vita
1242 2487 1333 2558 velle
1362 2514 1502 2562 servare
1524 2492 1738 2592 Ecclesiam,
1773 2513 1937 2602 cogitavit
1960 2523 2042 2596 item

1063 2583 1176 2654 Deum
1201 2588 1291 2658 velle
1314 2591 1352 2659 in
1376 2595 1480 2664 nobis
1506 2621 1658 2672 crescere
1684 2610 1897 2696 agnitionem
1923 2621 1960 2691 in
1985 2627 2043 2696 in-

1063 2687 1264 2774 vocatione,
1290 2691 1384 2762 inter
1396 2696 1478 2765 talia
1494 2700 1647 2788 pericula
1665 2721 1698 2776 et
1717 2711 1897 2792 miracula.

1165 2787 1312 2883 Semper
1327 2809 1441 2865 autern
1462 2793 1616 2873 Ecclesia
1636 2825 1794 2882 versatur
1811 2805 1849 2884 tn'
1874 2825 2039 2910 periculis

1063 2889 1287 2978 ingentibus,
1328 2921 1418 2986 pene
1444 2913 1600 2970 ut·stans
1629 2907 1667 2976 in
1695 2914 1784 2981 mari
1810 2919 1937 2993 rubro:
1971 2927 2040 3000 iam

1063 2989 1213 3060 Tuccica
1231 3017 1328 3065 arma
1345 2997 1474 3070 ineam
1490 3022 1713 3095 grassantur,
1745 3030 1780 3085 et
1800 3019 1888 3088 aliae
1911 3031 2041 3100 multae

1063 3092 1285 3164 difficultates
1307 3097 1519 3172 domesticae
1539 3105 1695 3197 singulos
1719 3137 1888 3194 exercent.
1940 3126 2040 3201 Nulli

1063 3206 1155 3263 certa
1173 3197 1270 3265 sedes
1287 3212 1356 3284 est,
1389 3202 1460 3273 vita
1482 3207 1675 3280 multomm
1700 3216 1839 3303 piorum
1863 3228 2040 3314 periclita-

1062 3312 1140 3366 tur:
1173 3297 1345 3405 admoniti
1378 3325 1460 3392 ergo
1483 3309 1633 3394 publicis
1656 3326 1691 3383 et
1713 3311 1842 3390 nostris
1864 3329 2040 3416 periculis,

1062 3410 1221 3485 petamus
1236 3401 1406 3472 auxilium
1423 3418 1458 3474 et
1471 3407 1729 3502 defensionem,
1758 3422 1819 3491 illo
1836 3429 1980 3516 ordine,
2001 3451 2039 3504 ιιι

1060 3498 1278 3583 dictumest,
1305 3515 1339 3570 ει
1356 3527 1475 3576 causas
1491 3509 1567 3578 illas
1584 3515 1791 3605 cogitemus,
1824 3541 1862 3596 ιιι
1880 3530 1963 3600 fides
1981 3561 2039 3604 ex-

1061 3612 1228 3668 erceatur.
1260 3685 1263 3694 Ι
1280 3599 1418 3674 Deinde
1437 3632 1519 3678 vero
1537 3613 1639 3682 etiam
1655 3625 1833 3694 consecuti
1858 3631 2038 3722 beneficia,

1060 3701 1188 3788 gratias
1203 3723 1366 3794 agamus,
1399 3721 1432 3776 et
1449 3706 1574 3806 maiori
1596 3719 1713 3792 studio
1736 3724 1774 3793 in
1797 3732 1895 3798 omni
1918 3736 2037 3807 officio
2098 3715 2102 3724 ‚

1059 3803 1277 3872 declaremus
1291 3808 1557 3894 gratitudinem.

1153 3903 1231 3975 =sed
1254 3900 1311 3974 hic
1335 3909 1458 3982 obiicit
1483 3909 1637 3988 humana
1662 3923 1901 4016 imbecillitas,
1938 3935 2035 4023 Quid

1057 4005 1184 4074 attinet
1201 4019 1337 4096 petere,
1363 4036 1442 4082 cum
1460 4017 1610 4089 sciamus
1627 4040 1788 4111 oportere
1810 4053 1875 4100 nos
1893 4037 2037 4127 adfligi?
2133 4091 2136 4098 -

1056 4107 1146 4177 sicut
1171 4107 1435 4196 scriptumest,
1472 4113 1610 4210 Corpus
1631 4136 1746 4194 autem
1768 4132 1961 4204 subiectum
1986 4155 2037 4210 est

1058 4208 1163 4276 morti
1189 4223 1333 4298 propter
1355 4231 1543 4303 peccatum.
1598 4221 1706 4310 ltem,
1733 4233 1958 4306 manifestum
1984 4259 2036 4314 εει

1056 4309 1258 4402 saepissime
1276 4337 1348 4382 ison
1367 4315 1508 4388 liberari
1528 4346 1568 4390 ex
1589 4331 1831 4414 praesentibus
1855 4339 2035 4412 calamita-

1056 4410 1151 4481 tibus
1165 4423 1321 4497 sanctos,
1334 4428 1374 4486 ut
1392 4415 1566 4490 lonathan
1573 4476 1585 4508 ,
1603 4423 1865 4521 Maccabaeum,
1883 4454 1917 4511 ct
1931 4443 2033 4517 alios.

1056 4509 1104 4582 Et
1116 4509 1279 4584 Christus
1300 4516 1401 4586 dicit:
1433 4518 1676 4597 Veruntamen
1704 4555 1777 4603 non
1802 4559 1877 4608 mea
1905 4544 2034 4614 voluu—
2116 4583 2118 4586 ·

1055 4627 1128 4698 tas,
1154 4615 1215 4684 sed
1231 4628 1303 4690 tua.
1353 4615 1443 4691 Cum
1459 4622 1569 4711 igitur
1593 4629 1780 4706 debeamus
1802 4637 1929 4711 offerre
1950 4647 2035 4714 obe-

1056 4715 1244 4801 dientiam,
1278 4719 1365 4811 quid
1388 4726 1531 4814 prodest
1554 4729 1692 4818 petitio,
1724 4740 1929 4836 etquidem
1954 4769 2032 4815 cum

1058 4817 1307 4889 dubitatione?
1988 4862 1990 4872 ¹

1156 4917 1381 5013 Respondeo.
1433 4921 1603 5002 Tenenda
1622 4947 1672 5004 est
1688 4941 1806 5027 regula
1825 4943 2035 5033 firmissime,

1057 5023 1151 5113 quod
1165 5020 1263 5093 Deus
1287 5027 1508 5098 mandaverit
1532 5046 1566 5102 ει
1586 5038 1738 5124 postulet
1761 5041 2036 5136 invocationem,

1056 5136 1092 5192 et
1124 5127 1218 5218 quod
1242 5150 1425 5220 nunquam
1448 5129 1491 5198 sit
1514 5133 1630 5206 inanis
1652 5154 1713 5210 aut
1734 5129 1834 5212 irrila
1859 5145 2035 5222 invocatio

1057 5224 1214 5315 piorum,
1247 5229 1384 5300 etiamsi
1409 5231 1570 5306 liberatio
1594 5241 1773 5327 differtur,
1806 5259 1959 5319 autnon
1987 5253 2034 5323 ita
2091 5321 2096 5326 ,
2155 5319 2159 5322 .

1056 5331 1270 5420 respondent
1286 5345 1452 5418 eventus,
1486 5349 1526 5406 ut
1542 5361 1607 5408 uos
1624 5341 1878 5433 imaginamur,
1911 5331 1954 5420 ει
1966 5376 2037 5424 ιιοιι

1480 5437 1531 5508 22
