4620 5814
64 196 125 276 sla
292 133 391 303 arar.¹
430 187 820 314 auroranonrs
844 185 913 264 ar
936 177 1295 262 concinnasse
1320 177 1507 256 avano.
1533 178 1825 282 narrum„
1879 202 1884 212 ,
1986 179 2062 258 aas

149 368 283 446 Deinde
303 369 392 442 vixit
413 381 447 441 et
470 367 509 438 in
531 366 636 438 bonis
657 365 845 457 operibus,
872 362 1027 434 exercuit
1061 395 1064 400 ·
1179 355 1264 432 Post
1279 357 1435 430 reditum
1450 370 1524 430 erat
1538 357 1734 430 deformior
1749 370 1859 431 status
1871 382 1979 453 qnam
1997 383 2064 431 an-

60 474 203 546 hdemin
220 495 339 562 cruce,
365 471 404 540 in
419 469 547 554 exiliis,
572 469 610 538 in
621 467 798 562 periculis,
822 465 892 537 suit
903 463 1027 536 Pater·
1077 474 1154 544 tea,
1182 459 1287 529 etiam
1310 472 1450 552 peccata
1472 459 1606 530 maiora
1635 461 1886 554 sequebantur.
1942 460 2065 532 Sectae

59 575 212 655 familias,
245 573 483 668 praedicator,
514 571 683 662 bellator,
716 582 750 640 ct
781 567 849 639 luit
879 565 1026 660 patiens,
1077 557 1368 647 Pharisaeorum,
1407 559 1711 664 Sadducaeorum:
1753 574 1787 632 et
1818 578 1935 634 tamen
1966 561 2064 635 Deus

58 677 112 747 ubi
125 673 218 748 Deus
229 674 382 768 postulat
398 673 615 766 patientiam.
1078 663 1230 734 servavit
1254 662 1439 756 reliquias,
1465 664 1596 733 mansit
1610 687 1691 734 vera
1706 659 1873 734 Ecclesia.

146 793 195 863 lta
209 805 304 862 retro
321 789 510 881 cogitanda
524 805 576 862 est
592 802 761 882 perpetua
777 783 953 866 Ecclesia,
980 785 1022 854 ad
1171 779 1332 850 Herodes
1348 781 1524 853 interiecit
1539 793 1654 853 totum
1669 781 1861 854 concilium
1882 783 2062 854 seniorum

58 917 113 967 nos
127 895 403 977 confirmandos,
428 905 471 963 ut
484 893 653 976 sciamus,
678 890 773 960 unde
793 891 839 960 sit
859 883 926 958 hoc
941 889 1025 956 ver-'
1077 883 1316 976 septuaginta,
1342 878 1559 955 Sanhedrio.

59 999 148 1080 burn,
171 997 267 1090 quod
283 993 464 1067 discimus.
513 991 602 1064 ltem
617 1004 658 1063 nt
671 992 953 1074 consideremus,
978 1011 1024 1056 an
1181 999 1377 1094 Aliquam„
1400 1015 1481 1073 ,me
1502 1001 1681 1073 Herodem
1697 1001 2065 1099 ptopemmffiamy,

58 1097 204 1190 praesens
221 1094 384 1165 doctrina
400 1094 597 1166 consentiat
616 1117 696 1163 cum
713 1087 877 1164 Abrahae
891 1090 1023 1161 doetri-
1077 1126 1138 1172 ru,
1154 1103 1331 1175 imeffecst
1354 1103 1482 1194 ,igpmp
1504 1104 1616 1174 mini,
1634 1101 1866 1192 ludaeorum,
1892 1119 1927 1178 ep
1949 1107 2064 1196 copgpp

59 1222 106 1269 lla.
153 1199 240 1268 llem
260 1210 301 1269 ul
323 1196 501 1266 lniuenied
523 1195 563 1264 ln
585 1195 688 1281 illos,
714 1195 883 1274 Sciamus,
909 1190 1026 1286 qualis
1077 1205 1233 1296 caplim
1253 1205 1466 1275 vestitam
1481 1219 1716 1280 mortuorum,

59 1300 95 1368 sit
108 1295 280 1384 Ecclesia,
306 1298 397 1368 etad
412 1320 491 1367 eam
506 1297 696 1386 imaginem
713 1319 778 1366 nos
795 1296 890 1386 ipsos
905 1292 1027 1364 conse-

58 1389 176 1480 ramus,
207 1413 249 1471 ut
267 1399 493 1470 consolemur
507 1421 573 1468 nos
587 1410 709 1468 contra
724 1396 928 1466 scandalum
944 1419 1025 1464 cru·
1134 1459 1135 1464 ,
1321 1387 1513 1465 Abrohom
1532 1395 1669 1489 pensait
1686 1397 1811 1465 Isaac.

58 1503 114 1617 ‘3⁸’
137 1514 387 1621 ¹¹⁰⁰·Pul‘mffl
410 1523 476 1618 ¹¹⁰⁵,
501 1512 686 1617 P¹”⁰P¹“‘{³
708 1523 782 1568 ¹¹⁰⁰
806 1521 880 1619 §³⁵⁸⁰
903 1493 1026 1567 ΜΕ·
1180 1521 1413 1597 Enumeratio
1436 1529 1479 1596 sd
1504 1523 1570 1598 hoc
1588 1529 1751 1618 prodest,
1777 1539 1819 1599 ut
1841 1527 1980 1616 cognito
2004 1553 2063 1600 or-

60 1624 130 1670 ⁵¹³¹¹¹
146 1600 235 1685 D²¹a
261 1601 356 1694 ‘1¹¹0d
373 1601 980 1691 ῘῙῙΠΙῙΙΗΕΗΙΨΜ*1””θῐῐ“ῐ“ῑ““’(’“·
1078 1624 1163 1694 dine
1194 1617 1362 1718 Palmam,
1410 1641 1445 1697 et
1476 1625 1723 1713 historiarum,
1767 1641 1862 1698 certo
1894 1629 2064 1721 sciamus,

140 1717 289 1789 Haecin
309 1739 435 1806 genere
453 1714 634 1796 dicantur,
660 1730 778 1808 ponsa
795 1717 950 1787 breviter
969 1740 1024 1786 re·
1078 1727 1241 1818 quando,
1266 1743 1300 1800 er
1315 1730 1444 1824 quibus
1459 1730 1669 1801 testimoniis
1686 1728 1937 1822 promissiones
1953 1732 2064 1801 cradi-

61 1831 177 1908 petatur
189 1818 381 1914 promissio
396 1819 487 1889 lacta
504 1813 681 1892 Abrahae.
1079 1841 1133 1897 tae
1156 1828 1246 1914 sint,
1280 1844 1314 1900 et
1335 1833 1432 1902 sande
1457 1827 1620 1904 Christus
1645 1845 1749 1904 natus
1771 1831 1836 1917 sit,
1863 1844 1897 1902 et
1911 1833 2063 1904 sciamus

499 1967 551 2039 m
1078 1924 1170 1998 hanc
1183 1931 1380 2002 doctrinam
1394 1935 1437 2002 de
1450 1931 1580 2004 Messio
1598 1934 1701 2003 certis
1725 1931 1936 2004 testimoniis
1950 1958 1969 2004 a
1986 1932 2063 2006 Deo

236 2107 247 2126 ι
345 2103 389 2124 ..
554 2020 565 2046 '
710 2104 720 2124 .
1079 2031 1245 2100 traditam
1261 2055 1347 2123 esse,
1373 2046 1405 2103 et
1421 2057 1495 2102 non
1511 2056 1585 2102 esse
1607 2034 1749 2102 inanem
1767 2034 1936 2108 fabulam.
1979 2033 2064 2108 ldeo

75 2207 82 2223 .
142 2105 536 2222 Bril'n‘fd'c'meffla
559 2105 655 2195 ‘lmd
674 2115 778 2173 ΕΜ
800 2127 919 2220 Sem‘P
940 2125 1024 2191 ΒΜ·
1078 2131 1115 2198 in
1137 2132 1357 2220 singulorum
1376 2133 1521 2206 Patcurn
1538 2129 1698 2205 historiis
1720 2135 1884 2206 miranda
1902 2137 2062 2207 testimo-

62 2220 132 2276 ltttm
153 2211 193 2279 ili
214 2211 257 2278 in
285 2201 353 2278 hflc
372 2229 463 2274 serie
490 2225 524 2276 m
548 2208 607 2279 ben
629 2207 792 2280 „minem
819 2202 959 2296 &bustis
987 2215 1025 2273 nl
1079 2231 1137 2300 nia
1155 2235 1409 2304 consideranda
1426 2250 1521 2311 sum·
2034 2217 2036 2224 Ι

62 2309 257 2410 significetur
290 2303 482 2378 Ecclesiam
518 2332 559 2377 ex
594 2307 757 2398 gentibus
793 2307 1024 2396 colligendam

61 2430 126 2485 Μ
1182 2346 1224 2419 ln
1246 2346 1448 2436 abraham,
1472 2351 1569 2444 quod
1591 2349 1748 2422 nascitur
1773 2347 1868 2424 lsaac
1889 2375 1931 2424 ex
1950 2370 2063 2427 matre

1080 2475 1151 2520 anu
1166 2465 1199 2520 et
1212 2453 1335 2521 sterili.

494 2558 579 2635 llll.
1179 2551 1220 2622 ln
1245 2553 1362 2639 Isaac,
1393 2555 1488 2648 quod
1515 2554 1553 2622 in
1583 2555 1827 2627 immolatione
1855 2556 2065 2630 mirabiliter

140 2690 320 2777 Historiae
335 2690 555 2782 singularum
570 2706 800 2784 personarum
818 2692 1025 2783 praeberent
1081 2654 1249 2824 limium
1266 2668 1327 2726 “h
1540 2757 1550 2774 ⁰
1619 2757 1656 2776 ..

8 2877 9 2880 Ἴ
60 2789 195 2882 singulos
208 2795 343 2878 libros,
368 2796 427 2864 sed
443 2807 563 2865 tamen
575 2795 642 2885 ipsi
658 2795 707 2888 pii
730 2795 886 2884 legentes
907 2793 1025 2862 consi·
1068 2847 1072 2852 .
1196 2779 1220 2826 ¹¹
1241 2755 1363 2840 ¹³⁰⁰h⁹
1388 2757 2063 2852 ‘1¹¹0d¹¹¹¹P³b¹¹¹l²⁸des²¹¹⁸¹¹³²⁵l⁶0¹¹·

60 2891 163 2964 derant
175 2895 333 2983 iusignia
355 2895 531 2987 exempla,
556 2919 647 2988 quae
664 2895 768 2966 nobis
794 2907 960 2988 prosunt,
985 2906 1026 2963 ut
1080 2851 1240 2927 ΜΕΝ
1257 2855 1438 2934 emm·
1607 2955 1619 2978 „
1743 2959 1752 2978 ⁸
1904 2960 1914 2979 .
1968 2961 1977 2980 ⁸

59 2997 236 3086 „emplum
266 2992 381 3066 Μὰ
416 2997 550 3084 ,gemis
577 2998 842 3086 poenitenfiam·
895 2992 1026 3066 Eum·
1180 2957 1222 3029 ln
1246 2953 1448 3047 Nahasson,
1483 2962 1579 3055 quod
1608 2960 1769 3032 anterfmt
1799 2961 1979 3062 edquctronr
2001 2985 2065 3055 per

9 3147 10 3154 ι
58 3094 138 3181 plum
152 3095 319 3168 Manasse
336 3097 471 3186 agentis
484 3098 747 3190 poenitentiam.
1079 3083 1176 3132 ’ΜΘ
1191 3062 1352 3132 rubrum.

132 3212 224 3286 llaec
233 3215 471 3286 consideratio
481 3211 854 3287 monstratEcclesiam
864 3215 1023 3285 omniurn

10 3383 11 3390 ,
58 3323 258 3408 temporum,
284 3330 318 3388 et
334 3317 438 3387 lidena
454 3317 493 3385 in
509 3319 612 3387 nobis
627 3318 822 3389 confirmat.

1167 3161 1224 3281 ‘ln
1239 3159 1374 3250 David,
1398 3165 1495 3258 quod
1518 3164 1602 3236 vicit
1626 3162 1758 3234 auxilio
1774 3164 1899 3236 divino
1916 3161 2062 3246 Goliath

1078 3263 1227 3434 etalniasi
1255 3363 1366 3451 Abia,
1401 3361 1583 3458 losaphat,
1618 3361 1786 3452 Ezechia,
1819 3365 1934 3454 losia,
1966 3370 2064 3462 quod

507 3465 553 3540 V.
1078 3462 1281 3536 habuerunt
1298 3469 1476 3536 mirandas
1494 3467 1669 3538 victorias.
1878 3480 1881 3489 '

140 3602 221 3676 No„
238 3605 361 3674 ,fitam
384 3606 428 3673 de
448 3603 661 3694 30„„103;;,
680 3605 930 3688 concinandis,
964 3609 1021 3676 ,ed
1180 3565 1223 3636 ln
1245 3564 1438 3655 Salathiel,
1469 3569 1565 3663 quod
1590 3569 1801 3642 mirabiliter
1823 3571 1991 3660 reductus
2014 3585 2065 3641 est

11 3691 12 3730 ³
59 3702 236 3799 relinquam
252 3699 339 3777 haec
356 3699 505 3790 scholis,
532 3706 591 3776 sed
615 3706 729 3777 facilis
742 3721 794 3778 est
810 3707 1023 3780 conciliatio.
1078 3667 1332 3764 ‘¹Blbylm·
1380 3773 1389 3792 ,
1528 3729 1531 3736 ·
1708 3773 1718 3792 0
1931 3775 1940 3792 ¹
2031 3773 2040 3790 ·

59 3799 152 3875 Lucas
177 3806 278 3878 ducit
301 3802 483 3877 Christum
507 3829 527 3877 a
552 3804 695 3878 Nathan
717 3810 791 3878 filio
812 3807 950 3891 David,
982 3833 1024 3879 ex
1178 3770 1275 3842 Hm
1298 3786 1334 3844 ⁸²
1360 3773 1490 3843 ⁸¹m¹¹¹³
1523 3795 1630 3866 ⁰Pera
1654 3772 1719 3844 ⁰²¹
1752 3787 1837 3848 ⁸⁰⁰²
1861 3787 2062 3849 ¹²⁸²¹¹¹¹⁰¹¹¹⁸
2124 3853 2129 3862 .

59 3904 138 3977 cuius
151 3908 302 3999 posteris
318 3906 562 3995 naturalibus,
585 3904 749 3980 Christus
769 3921 872 3978 natus
887 3922 948 3980 est.
1076 3875 1270 3945 ‘imiimi’

139 4007 345 4098 Matthaeus
363 4050 383 4095 a
407 4021 616 4112 Salomone,
646 4027 730 4120 quia
752 4022 810 4097 hic
834 4027 900 4100 fuit
919 4027 1024 4100 Pater
1229 4049 1384 4118 ιηυρηω
1399 4052 1457 4120 eas
1474 4049 1516 4118 i„
1530 4055 1637 4120 uam
1650 4043 1793 4119 habena
1807 4055 1880 4136 etc,

59 4120 133 4214 lege,
158 4129 241 4221 ‘lffl
256 4125 427 4200 fulffiffi·
1178 4175 1338 4270 Sequens
1363 4177 1520 4248 narratio
1544 4179 1666 4251 recitat
1690 4172 1875 4252 historiam
1897 4175 1943 4244 de
1964 4169 2063 4248 Con-

501 4275 565 4352 vl.
1076 4279 1237 4369 ceptione
1254 4292 1289 4349 et
1302 4276 1495 4349 Nativitate
1514 4275 1665 4353 Messias
1682 4303 1724 4362 en
1740 4277 1888 4369 virgine.

140 4411 283 4504 Insigne
296 4412 498 4502 exemplum
514 4423 566 4480 est
579 4408 771 4482 destructio
786 4409 1023 4510 lerosolymae
1177 4394 1246 4464 llic
1268 4396 1423 4486 primum
1447 4397 1599 4468 addatur
1615 4397 1758 4469 initium
1773 4395 1989 4471 narrationis
2003 4391 2063 4467 lo-

62 4515 248 4586 nratucrio
265 4510 522 4606 exBabytooe,
549 4508 1024 4604 Haeceninsignisdouri-
1075 4493 1221 4582 hannis,
1248 4513 1281 4567 ea
1295 4498 1494 4590 dicaturus
1510 4498 1648 4571 duatus
1663 4499 1801 4570 naturis
1815 4498 1855 4567 in
1870 4495 2014 4570 Massia.

61 4631 110 4696 aa,
135 4613 228 4687 Deos
251 4615 460 4707 promiserat
483 4637 521 4684 se
551 4612 648 4684 illam
674 4612 835 4705 politiam
865 4631 1022 4691 servatu—
1177 4614 1340 4688 Secundo
1371 4617 1605 4688 admoneatur
1632 4617 1792 4702 auditor,
1831 4630 1872 4686 ut
1899 4617 2063 4718 obserset

61 4731 121 4781 rum
134 4739 215 4790 esse.
1075 4719 1201 4788 ordine
1222 4719 1421 4787 testimonia
1442 4721 1488 4787 de
1508 4718 1736 4810 conceptione
1763 4731 1797 4788 et
1819 4715 2000 4789 nativitate
2020 4741 2062 4786 ex

140 4815 290 4910 Propter
316 4812 409 4886 hanc
433 4815 702 4908 promissionem
736 4815 859 4887 ludaei
887 4822 1021 4891 carnali
1076 4821 1231 4909 virgine,
1259 4819 1337 4890 vult
1351 4841 1417 4890 nos
1432 4816 1528 4892 Deus
1546 4835 1659 4890 certos
1674 4843 1747 4890 esse
1766 4823 1810 4891 de
1826 4816 1893 4888 hoc
1911 4815 2059 4888 Messio:
2202 4909 2205 4916 ,

62 4916 223 4990 securitate
242 4920 426 5009 ¹putabant
447 4941 520 4986 non
549 4941 651 5010 posse
675 4919 810 4990 destrui
834 4943 938 4991 suum
966 4945 1022 4991 re·
1075 4921 1154 4991 ideo
1178 4919 1281 4990 multi
1305 4913 1363 4990 hic
1386 4933 1489 4990 testes
1511 4921 1722 5008 recitantur,
1743 4920 1908 5012 ¹Angelus
1931 4920 2061 4992 confir-

63 5033 167 5126 tssum,
192 5035 227 5090 et
241 5019 488 5090 destmebatur
502 5032 633 5105 tamen,
652 5019 735 5112 quia
751 5017 849 5092 Deus
863 5023 940 5092 vult
956 5047 1021 5093 nos
1075 5035 1148 5091 mat
1169 5017 1312 5113 loseph,
1338 5037 1457 5115 postea
1480 5036 1514 5094 st
1527 5019 1712 5096 Elisabeth
1733 5025 1772 5095 lit
1793 5020 1890 5095 testis
1905 5021 1950 5089 de
1973 5045 2061 5093 con-

63 5135 92 5180 ιιι
105 5141 177 5189 vera
190 5120 405 5214 poenitentia
419 5120 550 5200 vivere,
574 5135 608 5191 et
625 5135 740 5192 servat
759 5123 1020 5214 promissiones,
1073 5125 1244 5214 ceptione,

63 5235 118 5284 non
132 5221 190 5291 tali
206 5224 332 5308 modo,
358 5223 497 5315 qualern
512 5246 579 5292 nos
593 5225 828 5306 somniamus,
854 5225 944 5298 sicut
960 5225 1019 5296 io·
1174 5223 1313 5297 Deinde
1335 5237 1534 5318 sequnntur
1555 5239 1657 5297 testes
1680 5228 1726 5296 de
1745 5223 1955 5313 Nativitsto,
1980 5222 2059 5308 Aa·

63 5316 183 5407 primis,
207 5319 276 5394 hoc
289 5324 488 5416 exemplum
504 5324 689 5412 splendide
702 5326 816 5398 docet.
1071 5326 1158 5418 geli,
1184 5324 1364 5409 Pastores‚
1390 5325 1510 5418 Magi,
1536 5325 1700 5414 Simeon,
1724 5327 1841 5400 Anna.

102 5421 269 5494 thama.
286 5429 390 5496 Orsa.
418 5429 502 5498 Vos.
519 5425 614 5499 XlV.
645 5463 649 5470 ·
716 5439 719 5443 ’
1497 5423 1547 5512 35
