4620 5814
68 161 132 234 549

362 321 518 390 Secunda
548 321 712 388 Maiae.

149 447 215 516 llic
239 447 445 516 discendnm
470 459 539 524 est,
567 446 681 514 varias
703 466 781 512 esse
800 465 921 514 causas
940 443 1033 514 affli-

62 551 204 622 ctiouum
222 548 259 631 in
275 544 453 630 Ecclesia,
479 570 601 616 verum
616 558 684 630 est,
711 569 813 635 saepe
830 568 895 614 uos
910 547 1030 636 puniri

59 665 187 743 propter
210 663 303 720 certa
327 648 464 721 delicta.
517 646 563 718 Ut
585 644 699 716 David
726 661 870 737 propter
892 648 1028 718 adulte-

59 755 137 824 rium
152 752 309 842 punitur.

147 851 213 922 Sed
243 865 380 942 praeter
413 846 503 920 hanc
532 873 672 920 causam
696 849 800 918 etiam
823 847 910 918 aliae
933 864 1027 932 snut,

58 955 226 1042 videlicet,
251 952 456 1023 Immanitas
480 951 553 1021 odii
577 953 614 1020 in
639 951 781 1021 diabolo
807 973 907 1041 saepe
930 973 1026 1038 gras-

58 1057 150 1126 santis
172 1055 277 1124 etiam
300 1054 338 1122 in
361 1075 437 1137 eos,
464 1055 523 1146 qni
541 1076 614 1122 rron
632 1047 765 1122 hahent
779 1052 920 1142 propria
936 1053 1025 1120 deli-

299 156 375 230 xu.
429 149 823 276 unnorarrouns
849 151 917 228 ur
943 149 1225 230 concinnas
1253 155 1303 228 sn
1328 125 1513 235 nvnc.
1540 161 1818 244 narratur.

1997 167 2071 248 550

1186 323 1265 398 Hoc
1290 329 1358 400 fuit
1381 331 1581 402 institutum
1603 335 1693 406 sicut
1716 339 1784 410 alia
1801 346 1910 415 multa
1925 363 2065 423 externa

1083 427 1244 499 exercitia
1260 429 1297 500 in
1314 432 1406 519 lege,
1430 447 1469 502 ut
1484 449 1572 505 esset
1586 437 1761 527 insignior
1774 447 1956 530 confessio,
1982 455 2063 545 quia

1082 529 1276 618 singulares
1307 533 1526 604 ceremoniae
1554 537 1688 609 faciunt
1709 535 1888 616 hominem
1914 574 2062 644 conspe-

1081 630 1247 717 ctiorem,
1287 635 1347 703 scd
1380 635 1597 724 significabat
1624 665 1747 712 verum
1778 649 2060 726 concionatorem

1080 730 1234 803 dicatum
1250 731 1348 820 Deo,
1372 759 1445 805 nou
1470 755 1752 830 corrumpentem
1777 747 1974 822 doctrinam
1998 779 2059 828 sua

1079 833 1284 905 temulentia
1311 850 1374 906 ete.
1414 861 1488 907 non
1523 842 1660 912 ebrium
1696 848 1887 938 eupiditate
1916 845 2059 944 gloriae,

1078 927 1244 1034 humanis
1265 938 1504 1029 opinionibus.

1178 1049 1341 1127 Christus
1363 1071 1478 1128 autem
1499 1083 1571 1130 non
1597 1063 1666 1134 fuit
1689 1068 1767 1137 talis
1783 1067 1980 1146 Nazaraeos
2001 1103 2058 1148 ce-

57 1171 117 1238 cta,
140 1169 178 1224 ut
201 1153 348 1240 Daniel,
376 1153 540 1224 leremias
564 1167 597 1223 et
617 1154 864 1238 similes,n0n
889 1149 1024 1223 habue—
1077 1156 1263 1242 remoniis,
1297 1159 1379 1251 quia
1404 1160 1494 1231 bibit
1520 1162 1664 1251 vinum,
1690 1170 1748 1238 sed
1774 1172 1843 1241 suit
1863 1172 2058 1251 Nazaraeu,

55 1271 126 1326 mot
146 1257 291 1336 delicta,
317 1269 462 1348 propter
484 1281 573 1349 qnae
596 1255 684 1346 ipsi,
712 1268 751 1324 ut
768 1254 893 1324 caeteri
911 1256 1024 1324 abdu—
1075 1254 1308 1343 significatus,
1341 1261 1376 1328 id
1409 1276 1475 1346 est,
1508 1265 1735 1354 purissimus,
1765 1287 1799 1343 et
1824 1271 1899 1345 Deo
1921 1279 2057 1353 dicatu,

55 1357 435 1438 cereuturinexilium,
463 1356 935 1443 sedcausaealiacluerunt,
961 1381 1024 1426 cur
1076 1357 1326 1444 concionator,
1364 1384 1438 1431 non
1470 1364 1588 1434 ebrius
1619 1362 1784 1442 humanis
1817 1377 2056 1471 opinionibus,

55 1460 217 1528 communi
234 1460 425 1530 calamitati
442 1459 602 1548 impliciti
621 1459 703 1531 sint.

141 1559 190 1630 lta
211 1583 328 1646 nunc,
353 1562 495 1654 quaudo
513 1560 658 1628 venient
673 1558 906 1640 calamitates,
932 1560 1022 1630 scia-

56 1683 118 1730 mus
134 1663 264 1731 mnltos
281 1685 371 1741 esse,
396 1685 546 1754 quornm
563 1660 689 1730 delicta
705 1673 918 1730 meruerunt.

139 1761 204 1832 Sed
243 1764 394 1837 sciamus
424 1764 530 1832 simul
562 1762 742 1832 diabolum
775 1777 919 1853 propter
947 1765 1020 1834 cdii

56 1863 315 1951 magnitudinem
333 1864 480 1954 grassari
497 1863 534 1931 iu
549 1864 679 1934 multos
694 1865 911 1936 innocentes.

137 1963 258 2051 Quare
278 1988 352 2034 non
375 1968 615 2056 desperemus,
648 1965 706 2032 sed
733 1965 882 2034 sciamus
905 1963 1019 2035 Deum

58 2067 282 2136 exauditurum
314 2089 386 2135 esse
409 2066 580 2135 clamores
601 2061 805 2148 Ecclesiae,¹
830 2078 863 2135 et
883 2087 1020 2155 repres-

55 2187 154 2234 surum
191 2167 376 2238 saevitiam
415 2165 566 2246 diaboli,
609 2167 698 2236 sicut
735 2167 775 2233 in
809 2161 875 2235 hac
907 2161 1018 2235 histo-

56 2268 110 2350 ria,
138 2269 172 2335 iu
196 2269 296 2338 dicto
323 2267 490 2340 [eremiae
510 2263 667 2336 Ecclesia
689 2268 804 2357 plorat
824 2280 857 2335 et
883 2267 1018 2352 clamat,

55 2381 78 2433 et
93 2369 207 2440 metuit
223 2369 462 2446 universalem
482 2368 685 2452 interitum,
713 2369 802 2435 sient
817 2368 916 2439 dicit:
944 2365 1019 2436 No-

54 2469 105 2539 luit
125 2471 401 2540 consolationem
427 2469 630 2548 admittere,
658 2470 739 2562 quia
767 2493 840 2537 non
855 2469 926 2539 sint
940 2470 1016 2550 lilii,

55 2571 117 2659 quia
131 2594 275 2660 prorsus
290 2594 412 2640 omnes
430 2571 576 2661 perituri
594 2572 791 2641 videantur.

131 2669 175 2746 Et
189 2671 292 2743 Dens
314 2673 391 2742 vult
406 2696 471 2742 nos
487 2673 523 2739 iu
540 2673 669 2741 talibus
687 2672 852 2762 periculis
867 2696 940 2741 non
961 2696 1017 2742 so-

52 2771 110 2840 lum
129 2790 273 2866 propter
296 2787 434 2865 peecata
457 2786 574 2842 nostra
602 2797 721 2858 orare,
749 2775 809 2842 sed
833 2775 937 2844 etiam
954 2777 1016 2843 ad-

53 2896 151 2942 versus
171 2877 379 2954 diabolum,
412 2888 446 2943 et
467 2876 574 2959 scire,
609 2875 702 2967 quod
722 2875 820 2944 Deus
845 2877 929 2944 velit
951 2899 1016 2946 nos

52 2975 152 3044 audire
172 2991 334 3068 petentes
354 2975 523 3045 arixilium
541 2989 663 3046 contra
683 2975 876 3050 diabolum.
928 2975 1017 3046 Pro-

52 3087 113 3159 pter
133 3091 273 3166 peccata
292 3092 412 3148 nostra
438 3079 527 3144 iuste
551 3079 713 3168 patimur.
765 3076 835 3146 Sed
859 3079 952 3170 qrrod
972 3081 1014 3148 ad
1045 3123 1046 3128 κ

52 3175 208 3247 diabolum
228 3178 378 3263 attinet,
404 3179 533 3247 iniuste
550 3179 722 3269 patimur,
749 3179 828 3248 ideo
845 3177 941 3248 Deus
958 3205 1014 3249 ex·

51 3279 130 3348 audit
144 3303 219 3352 nos.

131 3379 195 3450 Hie
223 3380 331 3451 etiam
361 3381 642 3462 consideremus,
676 3394 806 3473 quanta
828 3376 914 3451 haec
936 3407 1015 3474 per-

52 3483 159 3550 secutio
180 3481 303 3552 fuerit.
354 3479 436 3550 Non
462 3483 575 3550 solum
601 3482 688 3571 passi
706 3496 787 3552 sunt
805 3485 925 3572 pueri,
955 3487 1014 3554 sed

7 3657 8 3662 ἵ
50 3581 141 3652 multo
162 3583 275 3672 magis
295 3595 479 3672 parentes,
513 3585 594 3674 quia
619 3583 740 3652 nullus
762 3585 867 3653 dolor
889 3581 1015 3653 huma-

51 3701 102 3747 nos
127 3686 241 3753 maior
273 3697 341 3766 est,
377 3708 481 3776 quam
514 3685 618 3754 dolor
642 3707 683 3752 ex
707 3685 899 3754 liberorum
923 3686 1013 3754 cala-

50 3781 165 3868 mitate,
194 3783 342 3874 Quare?
368 3777 370 3783 ’
393 3781 486 3872 Quia
502 3780 597 3854 Deus
613 3781 708 3854 hunc
723 3785 885 3855 affectum
902 3788 1015 3856 voluit

51 3901 106 3949 esse
120 3887 258 3974 siguum
276 3885 333 3955 sui
349 3886 478 3955 amoris
495 3908 574 3974 erga
591 3885 723 3956 Filium
740 3899 775 3955 et
793 3910 870 3975 erga
887 3911 962 3959 nos.

130 3986 337 4057 Consolatio
363 3999 413 4054 est
439 3989 714 4066 consideranda,
748 3985 904 4057 Ecclesia
929 4003 1014 4059 tunc

51 4102 108 4150 non
137 4083 263 4157 habuit
293 4087 553 4172 defensionem,
586 4105 620 4157 et
652 4095 769 4157 tamen
793 4105 927 4159 servata
952 4106 1012 4164 est.

50 4177 186 4259 Herodes
212 4189 390 4257 interfecit
418 4211 565 4279 pueros,
599 4204 632 4257 et
662 4205 763 4258 antea
795 4191 1014 4262 interfecerat

50 4291 246 4380 septuaginta
271 4289 453 4371 Seniores,
489 4289 551 4380 qui
582 4303 683 4358 erant
715 4311 891 4361 summum
923 4295 1015 4382 regi-

50 4405 120 4456 tueu.
168 4387 351 4460 Pharisaei
376 4391 441 4480 ipsi
460 4391 707 4478 interfecerant
723 4387 951 4482 Zachariam,
980 4410 1013 4464 et

50 4487 113 4554 talia
136 4493 245 4561 multa
265 4492 406 4562 fiebant.
460 4488 544 4560 ldeo
562 4515 636 4558 nou
651 4492 760 4560 simus
776 4496 864 4562 adeo
881 4497 1014 4580 tenelli,

50 4591 170 4682 gallici),
205 4607 246 4660 ut
275 4589 368 4660 nihil
398 4592 548 4661 velimus
575 4593 666 4681 pati,
701 4594 761 4660 sed
785 4617 1014 4682 agnoscamus

51 4682 202 4760 Ecclesiae
235 4695 396 4763 usitatam
431 4718 589 4777 crucem,
625 4710 658 4764 et
689 4718 868 4784 speremus
899 4697 1012 4767 Deum

52 4797 146 4860 tamen
164 4795 332 4886 reliquias
348 4809 568 4864 servaturum
587 4819 670 4867 esse.

370 4970 670 5040 Nazaraeos.

135 5081 301 5154 Nazaraei
329 5085 475 5153 fuerunt
500 5083 615 5154 votivi.
634 5085 672 5150 in
699 5087 850 5174 populo,
885 5061 1015 5176 quihus

54 5169 131 5247 [lein
155 5185 302 5252 formam
334 5186 406 5254 voti
435 5185 645 5266 tradiderat,
678 5201 711 5252 et
741 5211 813 5256 nou
846 5189 1014 5260 bibebant

54 5275 175 5366 rimam,
201 5309 273 5354 non
290 5287 458 5354 radebant
476 5287 701 5376 capillos'etc.

1075 1459 1133 1526 sed
1159 1461 1304 1530 verbum
1327 1485 1415 1552 pure
1437 1467 1654 1556 praedicans.
1708 1470 1794 1544 ltem
1818 1478 1893 1548 siue
1917 1485 2055 1574 cupidi-

1074 1570 1142 1629 tate
1158 1561 1288 1649 gloriae
1305 1578 1367 1638 ete.

1445 1799 1581 1911 Caput
1611 1809 1683 1894 lll.

1174 1942 1336 2040 Primnm
1351 1943 1410 2018 hic
1426 1953 1667 2026 consideretur
1677 1970 1786 2030 status
1794 1961 1970 2042 Ecclesiae
1981 1975 2054 2047 eius

1071 2045 1252 2135 temporis.

1172 2159 1294 2233 Sectae
1316 2178 1385 2235 tres
1400 2181 1518 2254 erant,
1544 2182 1578 2241 et
1591 2195 1661 2243 nna
1681 2199 1821 2266 prorsus
1837 2185 1945 2279 impia
1962 2191 2051 2265 Sad.

1071 2263 1211 2336 ducaea.
1262 2261 1311 2336 Et
1324 2260 1505 2338 Pharisaei
1528 2271 1673 2362 plurimi
1696 2281 1800 2351 etiam
1824 2305 1923 2362 erant
1937 2294 2050 2387 impii,

1069 2365 1170 2452 pauci
1200 2365 1366 2484 fortasse,
1399 2369 1489 2442 sicut
1518 2375 1628 2466 aliqui
1654 2376 1822 2456 Monachi
1856 2395 1948 2482 apud
1973 2420 2049 2482 uos,

1070 2478 1169 2534 erant
1184 2488 1349 2538 saniores.

1170 2582 1248 2654 Hoc
1272 2587 1468 2675 exemplum
1494 2596 1648 2665 ostendit
1668 2623 1770 2693 saepe
1785 2609 1952 2686 maiorem
1969 2644 2048 2711 par.

1069 2697 1137 2754 tem
1154 2680 1330 2756 Ecclesiae
1347 2688 1449 2758 valde
1466 2715 1591 2762 errare.

1170 2803 1308 2874 Interea
1332 2819 1449 2875 tamen
1465 2804 1561 2878 Deus
1583 2812 1720 2911 aliquos
1745 2843 1877 2910 servat,
1902 2846 1942 2902 ut
1964 2850 2049 2912 tunc

1070 2918 1169 2974 erant
1209 2901 1415 2991 Zacharias,
1462 2907 1626 3000 Simeon,
1675 2917 1882 3020 Elisabeth,
1928 2931 2034 3010 Anna

1068 3003 1204 3090 Maria,
1233 3003 1358 3099 loseph
1382 3011 1532 3083 etmulti
1550 3015 1622 3084 alii.
1673 3018 1724 3090 lta
1741 3021 1836 3099 Deris
1852 3053 1963 3108 servat
1979 2992 2049 3112 sibi

1068 3129 1204 3186 semen,
1230 3109 1364 3178 etiamsi
1389 3110 1488 3202 impii
1513 3116 1751 3194 dominantur.
1805 3129 1907 3205 Hanc
1924 3113 2047 3232 imagi-

1068 3231 1148 3275 nem
1173 3211 1277 3278 nobis
1298 3234 1555 3301 proponamus,
1582 3233 1620 3290 ut
1636 3246 1699 3291 nos
1716 3235 1937 3308 consolemur
1954 3267 2048 3316 nrtuc
2079 3219 2088 3228 ἡ

992 3314 994 3318 ’
1068 3333 1225 3402 quoque,
1253 3335 1331 3381 cnm
1354 3313 1506 3384 clamant
1527 3319 1737 3413 adversarii,
1761 3327 1953 3410 Ecclesiam
1973 3370 2046 3417 non
2073 3363 2076 3370 “

1067 3434 1202 3501 errare,
1230 3425 1263 3481 et
1280 3435 1316 3481 se
1330 3435 1401 3481 esse
1417 3411 1610 3488 Ecclesiam
1627 3439 1691 3498 etc.

1168 3527 1211 3598 ln
1233 3531 1363 3602 talibus
1385 3535 1539 3604 tenebris
1556 3534 1651 3610 Deus
1675 3567 1796 3617 rursus
1816 3565 1976 3637 accendit
1991 3570 2046 3639 lu-

1067 3654 1160 3710 cem,
1195 3645 1297 3701 vocat
1322 3627 1536 3723 lohanuem,
1569 3653 1603 3709 et
1631 3643 1730 3718 iubet
1757 3674 1837 3724 enm
1862 3661 2046 3743 instituere

1066 3732 1301 3822 baptismum,
1329 3748 1363 3803 et
1379 3739 1580 3825 praedicare
1595 3738 1827 3838 Evangeliuro
1845 3761 1881 3829 in
1897 3768 2055 3845 deserto..

1167 3848 1219 3921 lta
1243 3848 1338 3922 Deus
1367 3855 1523 3926 mirabili
1554 3863 1793 3942 misericordia
1818 3881 1968 3954 subinde
1991 3891 2046 3957 in.

1065 3963 1198 4023 staurat
1212 3951 1416 4026 Ecclesiam.

1167 4068 1234 4140 Sed
1270 4066 1328 4140 hic
1357 4076 1555 4164 quaeritur,
1588 4103 1634 4148 an
1664 4083 1766 4156 liceat
1791 4093 1902 4166 facere
1926 4122 2045 4180 contra

1065 4185 1269 4340 potestanem
1300 4175 1536 4262 ordinariam,
1570 4182 1658 4252 sicut
1686 4184 1862 4264 lohannes
1890 4203 2047 4282 discessit

1065 4295 1083 4340 a
1103 4286 1197 4362 temp
1213 4297 1244 4344 0.

1165 4371 1398 4467 Respondeo:
1439 4378 1585 4470 Semper
1622 4410 1760 4460 necesse
1798 4413 1849 4469 est
1880 4413 2047 4487 anteferri

1066 4477 1271 4544 mandatum
1296 4476 1363 4548 Dei
1395 4484 1554 4570 potestati
1583 4491 1801 4581 ordinariae,
1836 4505 1925 4579 sicut
1950 4511 2048 4606 Apo.
2137 4569 2139 4572 .

1066 4577 1352 4694 stoliOdixeruutf
1379 4577 1530 4673 Oportet
1544 4586 1622 4658 Deo
1647 4595 1757 4681 magis
1779 4601 1923 4679 obedire
1940 4641 2045 4708 qtram

1067 4672 1283 4750 hommrbus

1347 4845 1436 4924 chid
1456 4805 1563 4912 docuit
1583 4850 1775 4928 Iohannes?

1222 4987 1276 5056 1.·
1303 4981 1512 5056 Doctrinam
1531 4991 1574 5057 de
1588 4999 1814 5080 poenitentia.

1219 5091 1253 5157 2.
1306 5083 1360 5154 De
1377 5091 1583 5158 remissione
1599 5116 1832 5184 peccatorum,

1219 5191 1255 5260 5.
1306 5188 1365 5259 De
1380 5192 1482 5262 bonis
1497 5195 1662 5282 operibus
1677 5206 1836 5278 omnium
1853 5205 2005 5295 statuum

1220 5290 1255 5359 4.
1306 5287 1360 5358 Ile
1376 5294 1556 5363 vocatione
1573 5301 1741 5384 gentium.
2007 5281 2017 5304 .

1455 5393 1539 5468 85*
