4620 5814
15 15 55 22 ..—

69 171 174 270 tn·
415 215 417 225 ,
646 183 772 264 autu
796 181 1148 294 nausearent
1172 182 1473 262 umuurtca
1812 195 1851 272 A
1996 186 2076 268 soe·

65 361 182 444 solem,
205 357 396 438 foecundas
411 357 525 430 facere
546 379 648 432 anua
693 353 793 428 llaec
812 377 1032 447 opponamus
1083 357 1283 448 pontificem
1301 355 1506 430 accedamus
1519 354 1780 428 umnesliducia
1795 357 2068 448 misericordiae,

63 461 215 532 inanibus
229 458 347 540 factis,
373 481 462 551 quae
487 452 812 539 narrantEthnici,
839 473 878 530 ut
899 460 943 530 de
958 457 1031 530 dis-
1081 472 1117 530 et
1137 459 1345 531 meritorum
1365 459 1491 550 ipsius.
1543 455 1585 530 Si
1606 457 1765 547 angeris,
1787 473 1829 531 ut
1847 457 2067 557 Archisyna-
2149 513 2159 525 .

63 577 141 633 secta
157 573 251 635 cote.
309 559 364 635 Sit
387 561 496 650 igitur
514 582 652 652 semper
674 554 760 630 haec
782 561 827 629 de
850 559 1031 630 miraculis
1081 581 1190 650 gogus
1222 574 1284 632 aut
1308 556 1609 654 syrophoenissa,
1647 561 1771 632 accede
1802 560 1848 630 ad
1871 556 2066 650 Christum,

63 663 192 750 divinis,
210 661 324 755 prima
352 661 534 752 cogitatio,
566 661 767 734 testimonia
796 662 841 730 de
867 662 1030 731 doctrina
1083 685 1146 732 nec
1165 663 1305 754 disputa
1319 663 1363 731 dc
1378 663 1449 733 tuis
1463 660 1701 746 meritis,·sed
1717 661 1823 746 scito,
1849 656 1942 732 hanc
1959 666 2064 736 mne

63 761 150 834 nobis
165 761 336 856 proponi,
362 761 402 832 in
418 761 549 856 quibus
565 763 668 836 toties
683 785 719 833 se
732 763 834 836 Deus
856 761 1038 853 patefecit·
1082 787 1155 832 ram
1172 779 1334 836 naturam
1352 758 1573 834 horribiliter
1593 783 1794 856 oppressam
1820 787 1894 833 esse
1914 782 2064 855 peccato,

146 861 306 936 Secunda
323 865 494 939 doctrina.
545 859 678 936 Christi
700 865 789 934 facta
805 863 1029 956 peculiariter
1080 877 1113 934 et
1147 887 1369 958 nequaquam
1404 887 1470 934 nos
1501 887 1603 963 posse
1637 879 1756 935 nostra
1783 865 1954 954 dignitate
1984 869 2064 944 niti.

62 967 256 1052 ostendunt,
281 963 384 1058 quale
400 966 447 1035 sit
464 963 614 1055 regnum
630 962 791 1037 Messiae.
831 957 955 1035 ludaei
968 988 1029 1034 er·
1080 965 1241 1052 Agnosce
1262 962 1378 1037 Deum
1403 989 1440 1036 se
1457 965 1658 1056 patefecisse
1679 966 1850 1038 immensa
1872 990 1935 1038 sua
1956 967 2063 1038 boni-

61 1067 231 1158 pectabant
250 1066 421 1157 gloriosas
441 1067 625 1151 victorias,
653 1065 859 1158 partitiones
881 1066 1027 1157 provin·
1079 1079 1168 1152 tate,
1194 1080 1228 1138 et
1249 1067 1339 1136 velle
1357 1067 1515 1137 invocari
1538 1067 1582 1136 ab
1605 1067 1782 1138 omuibus.
1835 1065 1941 1142 Nulla
1962 1092 2062 1140 mens

62 1167 197 1254 ciarum,
229 1189 373 1256 magnas
394 1190 478 1259 opes
504 1181 537 1238 et
559 1167 699 1237 dulcem
722 1167 1027 1260 tranquillitatem,
1080 1161 1233 1239 bumana
1251 1163 1319 1237 hoc
1333 1169 1536 1238 mirandum
1549 1164 1619 1238 Dei
1633 1168 1821 1238 consilium
1844 1168 1928 1239 satis
1943 1172 2060 1240 cousi-

63 1269 111 1336 sed
124 1263 283 1340 Christus
297 1270 451 1352 ostendit
464 1291 526 1338 sua
540 1268 708 1340 beneficia
723 1269 868 1338 alterius
889 1269 1026 1360 generis
1077 1273 1211 1354 derare,
1237 1283 1271 1340 et
1285 1271 1370 1339 satis
1384 1272 1503 1360 magni
1520 1269 1704 1340 aestimare
1718 1282 1842 1361 potest,
1858 1273 1951 1361 quod
1962 1267 2058 1341 Dens

62 1390 136 1436 esse:
168 1369 362 1439 annunciat
383 1369 625 1440 remissionem
650 1383 892 1460 peccatorum,
917 1370 1025 1460 polli-
1076 1393 1114 1440 se
1133 1371 1313 1462 patefecit,
1346 1373 1443 1464 qnod
1472 1371 1567 1440 misit
1591 1368 1743 1452 filium,
1775 1371 1870 1462 quod
1893 1373 1969 1442 vult
1994 1393 2059 1442 nos
2156 1437 2160 1443 .

63 1481 144 1538 cetur
158 1482 190 1540 et
204 1472 322 1540 incoat
339 1469 446 1540 vitam
462 1484 661 1553 aeternam,
684 1470 1024 1560 etginstauratiunem
1076 1473 1242 1544 exaudire
1259 1485 1293 1542 et
1307 1495 1458 1546 servare.
1508 1469 1700 1542 Fateamur
1712 1495 1779 1543 nos
1793 1471 1976 1542 infantum
1985 1495 2059 1544 esse

61 1562 216 1640 humanae
231 1585 396 1655 naturae,
422 1585 455 1641 et
470 1586 511 1645 ut
532 1573 694 1642 ostendat
715 1585 914 1665 utrnnque,
939 1595 976 1642 se
990 1585 1026 1643 et
1076 1575 1227 1674 similes,
1252 1587 1286 1644 et
1304 1597 1377 1642 non
1395 1573 1532 1664 assequi
1553 1572 1832 1660 magnitudinem
1858 1534 2059 1644 misericor-

62 1693 93 1738 re
113 1672 296 1762 opitulari,
329 1685 363 1742 et
385 1693 458 1744 esse
480 1674 750 1744 instauratorem
782 1673 893 1764 vitae,
924 1685 1025 1742 sanat
1075 1676 1155 1746 diae
1174 1674 1254 1761 Dei,
1280 1690 1314 1746 et
1327 1675 1462 1744 adferre
1476 1686 1655 1764 peecatum
1675 1695 1714 1744 ac
1729 1671 1978 1760 dubitationes,
1994 1699 2061 1746 uec

62 1794 165 1842 omues
179 1785 349 1864 petentes.
402 1771 549 1866 eroties
565 1775 673 1864 igitur
695 1775 770 1864 eius
785 1775 875 1844 faeta
892 1775 1023 1864 cogita·
1075 1801 1217 1847 accensa
1232 1801 1304 1846 esse
1321 1777 1427 1845 corda
1445 1775 1624 1864 agnitione
1646 1787 1681 1845 et
1701 1773 1890 1844 dilectione
1906 1773 1992 1857 Dei,
2019 1791 2059 1848 ut

62 1895 142 1957 mus,
164 1877 206 1944 de
222 1887 395 1966 perpetuo
419 1896 527 1964 regno
543 1871 676 1946 Christi
699 1875 910 1966 cogitemus,
935 1899 1024 1970 quae
1075 1880 1269 1963 debebant,
1302 1891 1337 1955 et
1359 1879 1564 1947 accedamus
1583 1885 1703 1946 tamen
1727 1869 1889 1947 adhunc
1911 1877 2059 1966 pontili-

64 1974 205 2044 beneficia
230 1978 318 2046 dare
335 1976 418 2045 velit
432 1975 571 2046 animae
592 1991 625 2046 et
646 1978 812 2070 corporis.
863 1975 1023 2051 Sciamus
1074 2003 1148 2050 cero
1163 1974 1366 2061 Christum,
1392 2001 1472 2048 cum
1488 1976 1551 2046 illa
1564 1976 1735 2047 imbecilli
1750 1974 1872 2060 turba,
1898 1977 2058 2067 petamus
2186 2009 2188 2014 ·

65 2073 119 2141 tale
134 2099 199 2146 esse
217 2099 320 2146 nnnc
340 2099 481 2170 quoquc
504 2079 580 2149 eius
594 2101 762 2166 regnum,
787 2099 924 2167 semper
942 2100 1022 2147 eum
1074 2079 1260 2164 beneficia,
1284 2091 1317 2146 et
1333 2078 1583 2147 confirmemur
1605 2078 1773 2170 exemplis
1789 2071 1897 2150 buius
1920 2079 2056 2153 turbae.

63 2177 176 2274 odrae,
213 2177 394 2248 remittere
426 2192 567 2276 peccata
598 2179 815 2264 petentibus,
856 2180 1021 2274 exaudire
1072 2179 1243 2252 Exaudiit
1264 2174 1600 2274 syrophoenissam,
1642 2199 1723 2266 ergo
1751 2191 1788 2249 te
1811 2201 1953 2272 quoquc
1979 2181 2057 2251 vult

64 2273 265 2359 inmeantes,
296 2301 439 2364 sanare,
470 2278 593 2349 iuvare
613 2279 651 2348 in
668 2279 790 2350 multis
808 2279 944 2367 magnis
960 2301 1022 2370 pe-
1073 2281 1257 2366 exaudire,
1291 2281 1372 2350 ideo
1395 2281 1508 2364 enim,
1541 2293 1580 2350 ut
1603 2294 1756 2350 caeteros
1780 2277 1923 2364 invitet,
1956 2277 2055 2350 illam

64 2375 159 2448 riculis
174 2403 375 2472 corporum.
475 2419 478 2426 =
1073 2383 1226 2472 adiuvit,
1266 2381 1326 2453 Sic
1339 2378 1430 2454 Psal
1444 2383 1506 2455 85.
1521 2380 1678 2470 exempla
1691 2384 1734 2449 ad
1753 2401 1854 2451 usum
1872 2381 2055 2452 transfert:

143 2479 277 2552 Tertio.
330 2479 504 2550 Miracula
527 2492 609 2550 sunt
637 2482 792 2571 exempla
815 2481 1021 2572 promissiue
1072 2485 1238 2556 Acceclite
1260 2485 1306 2552 ad
1327 2505 1426 2567 eom,
1457 2496 1493 2553 et
1514 2481 1780 2556 illuminamini.
1830 2479 1900 2551 Istc
1924 2505 2057 2574 pauper

65 2601 143 2664 oum,
165 2598 196 2652 ct
213 2582 470 2674 applicationes
484 2583 528 2650 ad
544 2581 711 2670 singulos.
745 2579 936 2652 Promissio
953 2597 1019 2654 est:
1072 2585 1236 2657 clamavit
1249 2585 1293 2654 ad
1306 2581 1522 2666 Dominum,
1546 2577 1764 2653 etDominus
1779 2581 1959 2653 exaudivit
1971 2606 2054 2652 eum

64 2673 171 2769 Petite,
193 2700 228 2755 et
247 2683 440 2772 accipietis.
489 2678 659 2772 Exempla
680 2697 783 2769 sunt,
810 2679 868 2760 hic
890 2680 1021 2753 Archi·
1072 2705 1137 2762 etc.
1213 2685 1309 2756 Haec
1333 2683 1493 2754 doctriua
1514 2684 1561 2753 de
1584 2684 1820 2775 applicatione
1842 2683 1946 2754 tertio
1975 2683 2053 2754 loco

63 2799 249 2872 synagogas,
287 2781 476 2872 Centurio,
503 2778 801 2875 Syrophoenissa,
835 2785 1021 2879 et'reliqui
1070 2811 1209 2880 semper
1225 2789 1263 2858 in
1281 2784 1460 2858 miraculis
1481 2783 1734 2860 consideretur.

65 2903 179 2968 onnes,
203 2887 270 2980 qui
290 2885 327 2952 in
342 2885 415 2954 suis
430 2884 608 2962 aerumnis
623 2883 869 2956 liberationem
887 2885 1018 2976 petive-
1331 2959 1334 2964 ,

65 2997 139 3053 runt.
187 2981 370 3076 Prophani
386 2985 597 3054 lectoressic
612 2985 785 3076 cogitant,
810 2999 850 3056 ut
869 2987 914 3055 de
929 2987 1019 3056 libe-
1176 3053 1179 3062 ,
1421 3019 1566 3072 mn„
1594 3019 1703 3071 mu,

63 3081 174 3154 calitate
187 3088 315 3158 aulica.
358 3085 471 3156 Video
485 3084 627 3176 quidem
641 3082 824 3159 Christum
840 3089 1020 3182 aliquibus
1344 3133 1399 3204 De
1425 3131 1492 3219 fi&
1512 3140 1545 3202 e,
1565 3131 1768 3200 imaum

64 3183 214 3276 opitulari,
238 3191 394 3258 sednon
410 3186 1020 3275 estsimilisvoluntasergaomnes,
1727 3175 1778 3291 .·
2072 3273 2077 3282 Ι
2155 3265 2158 3272 ⁴

64 3295 93 3350 ut
105 3284 136 3352 in
150 3290 224 3358 aula
237 3290 489 3362 liberalitatem
505 3288 734 3376 experiuntur
748 3289 858 3378 aliqui
876 3291 1020 3382 propio-
1183 3277 1282 3350 Haec
1300 3276 1516 3370 applicatio.
1540 3275 1585 3344 ἀΰ
1607 3296 1675 3378 (1ῡέ
1701 3276 1871 3389 ὼξῑΰῑΰδ,
1902 3274 2053 3366 requirit

64 3403 105 3451 tet
122 3389 354 3483 principibus,
382 3389 485 3460 multi
506 3388 588 3468 alii,
615 3389 775 3484 quamvis
794 3391 921 3461 melius
945 3415 1020 3461 me·
1070 3380 1308 3472 cognitionem
1321 3375 1575 3468 Evangeliide
1595 3374 1838 3457 invocatione,
1863 3387 1898 3445 et
1913 3375 1957 3446 de
1972 3375 2053 3450 fide.

65 3481 125 3565 ¹5¹1,
146 3504 262 3562 lamen
280 3491 519 3582 negliguntur.
1034 3481 1037 3490 '
1072 3483 1222 3575 Semper
1237 3479 1408 3571 obstrepit
1422 3476 1527 3547 nobis
1541 3468 1627 3545 haec
1641 3471 1821 3563 cogitatio:
1848 3471 1947 3564 Quid
1960 3478 2052 3548 facio

143 3587 234 3664 Haec
267 3593 409 3664 collatio
431 3615 471 3660 ex
495 3589 622 3661 animis
650 3589 858 3682 extirpanda
881 3606 949 3673 est,
986 3606 1020 3663 et
1059 3584 1207 3673 ‘magum
1231 3597 1272 3654 ut
1291 3578 1389 3651 Deus
1407 3603 1464 3650 mc
1484 3576 1663 3669 respiciat:
1690 3597 1767 3693 sum
1791 3572 1995 3646 immundus
2017 3593 2054 3650 et

66 3691 714 3783 opponendadoctrinspromissionum,
730 3693 768 3762 in
780 3693 909 3786 quibus
919 3716 1019 3783 prae·
1060 3709 1169 3770 reus,
1209 3684 1294 3778 quid
1316 3693 1492 3773 expectem
1516 3703 1537 3749 a
1560 3675 1669 3796 Deo,
1689 3689 1929 3794 nisspoenas,
1962 3678 2050 3772 quid

66 3785 143 3875 cipue
164 3789 249 3867 haec
278 3795 351 3868 duo
379 3793 668 3874 considerentur,
706 3798 801 3886 quod
831 3795 1018 3884 promissio
1060 3798 1170 3858 :curat
1184 3783 1281 3858 Deus
1300 3806 1397 3854 meos
1412 3783 1600 3864 clamores,
1624 3791 1759 3850 euamsr
1779 3777 1866 3847 velas
1887 3801 1967 3848 eum
1995 3780 2052 3848 in-

67 3893 171 3970 gratiae
192 3910 268 3967 uon
291 3898 421 3987 pendet
444 3917 484 3965 es
508 3894 814 3979 austrimentis,
839 3897 900 3965 sed
922 3895 1021 3966 iubet
1073 3911 1216 3970 vocare,
1242 3911 1288 3957 an
1308 3883 1530 3974 magnifaciet
1550 3880 1635 3960 istas
1655 3877 1896 3964 recitationes,
1922 3879 2052 3972 quibus

66 3983 169 4064 intueri
201 3997 368 4068 meritum
391 3991 543 4081 Christi,
582 4008 616 4068 et
638 3997 734 4090 quod
771 3997 1021 4086 promissiones
1071 3989 1207 4082 aliquid
1233 3987 1347 4080 petis?
1378 3981 1455 4054 Hae
1477 3979 1714 4052 dubitationes
1736 4001 1873 4068 semper
1894 3980 2054 4052 cruciant

67 4087 119 4162 sint
135 4098 364 4176 universales:
391 4096 520 4167 Venite
541 4098 586 4167 ad
601 4119 657 4167 mc
672 4119 814 4180 omnes,
839 4099 901 4190 qni
918 4099 1019 4170 labo-
1071 4092 1224 4168 animos.
1272 4086 1342 4157 llic
1365 4097 1503 4177 oportet
1526 4081 1693 4152 uosbene
1717 4079 1874 4148 munitos
1897 4103 1970 4149 esse
1986 4075 2051 4152 hac

67 4192 130 4260 ratis
148 4211 207 4268 etc.
246 4203 278 4272 1.
294 4197 392 4288 Tim.
406 4203 461 4274 2.:
492 4194 590 4268 Dens
613 4199 689 4270 vult
713 4221 837 4271 omnes
859 4195 1021 4270 homines
1072 4192 1234 4262 doctrina
1249 4190 1293 4258 de
1307 4185 1550 4265 invocatione,
1575 4203 1664 4275 quae
1686 4191 1736 4249 est
1751 4175 1935 4270 Evangelii
1950 4203 2053 4272 prae-

67 4291 158 4366 salros
173 4299 260 4374 fieri.
294 4297 343 4373 Et
358 4297 437 4386 Act.
453 4298 528 4370 10.:
562 4297 646 4372 Non
661 4312 712 4372 est
728 4299 884 4393 acceptio
899 4325 1022 4394 perso·
1073 4295 1187 4384 cipua.
1237 4287 1398 4376 Primum
1413 4298 1530 4355 autem
1552 4283 1735 4354 sciendum
1752 4294 1820 4364 est,
1846 4285 1941 4374 quod
1959 4281 2053 4354 Deus

67 4410 167 4468 utrum
181 4404 275 4494 apud
294 4398 424 4490 Deum.
1071 4396 1175 4480 hunc¹
1185 4393 1319 4462 cultum
1335 4388 1497 4458 omnium
1520 4383 1671 4453 maxime
1692 4383 1858 4475 requirat.
1914 4382 1996 4456 ldeo
2017 4409 2056 4454 se

104 4565 108 4574 .
145 4497 420 4574 Hassenteutias
436 4502 693 4590 coniungamus
715 4501 884 4572 omnibus
906 4525 1022 4572 exem·
1074 4494 1253 4588 patefecit,
1279 4505 1321 4562 ut
1333 4500 1551 4579 agnoscatur.
1585 4483 1675 4556 Non*
1685 4496 1798 4575 potest
1809 4498 1925 4602 autern
1944 4508 2054 4576 agno-

69 4591 260 4690 tlitetnos
275 4605 369 4694 ipsos
383 4597 736 4674 adhuucnumerum
752 4603 947 4691 petentium
963 4625 1024 4692 ag·
1074 4599 1124 4668 sci
1147 4597 1224 4666 sine
1241 4590 1475 4663 invocatione.
1527 4584 1612 4657 Ideo
1635 4585 1737 4699 toties
1768 4586 1982 4676 praecepitur
2009 4591 2054 4656 de

70 4711 241 4786 tregemus,
259 4697 418 4776 ¹sciamus
433 4704 514 4773 ideo
528 4699 593 4782 hos
607 4703 751 4772 adiutos
772 4725 866 4786 esse,
892 4717 931 4773 nt
946 4729 1023 4774 cae·
1073 4696 1318 4779 invocatione,
1348 4704 1387 4761 ut
1411 4687 1573 4762 Christus
1597 4688 1731 4779 inquit:
1771 4683 1919 4775 Semper
1945 4701 2054 4770 orate,

71 4797 332 4880 teriinritentur.
370 4803 504 4887 Adiuta
520 4816 571 4888 est
586 4798 867 4898 syrophoenissa
884 4795 1023 4875 ethnica
1074 4814 1109 4871 et
1130 4821 1204 4868 non
1227 4793 1478 4884 defatigamini.
1532 4786 1637 4888 Item:
1662 4783 1794 4870 Petite,
1817 4800 1851 4856 et
1869 4787 2054 4878 accipietis.

71 4897 191 4982 mulier,
223 4885 307 4976 item
328 4906 460 4978 mulier
482 4905 655 4997 peccatrix
676 4904 764 4976 Luc.
780 4905 818 4979 7,
842 4919 879 4978 'et
897 4906 1025 4982 mulier
1075 4882 1899 5002 Sihominespossuntdaredouahominibus,
1922 4901 2056 4978 quanto
2142 4963 2151 4978 .

72 4987 262 5078 Samaritana
289 5001 414 5080 lohan.
440 5005 474 5078 4.
513 5004 676 5098 Denique
697 5006 771 5096 ipse
793 5006 899 5093 dicit,
932 5007 1026 5078 sanis
1074 5001 1184 5090 magis
1207 5012 1307 5091 pater
1330 4993 1499 5066 coelestis.
1533 4985 1665 5079 Philip.
1691 4986 1742 5062 t:
1768 4985 1849 5103 Nun
1870 4988 1947 5056 srtis
1970 4989 2056 5058 soli-

73 5103 485 5199 uqrimeopugmedico,
743 5181 746 5188 ,
1076 5103 1156 5184 citi,
1197 5103 1258 5190 sed
1281 5095 1441 5194 inomni
1464 5091 1665 5184 precatione
1692 5103 1726 5160 et
1748 5100 1937 5177 penteone,
1976 5114 2057 5158 cum
2171 5115 2178 5128 ’

151 5199 381 5296 Deponamus
400 5209 509 5299 igitur
538 5205 730 5281 humanam
752 5209 958 5302 opinionem
983 5205 1027 5276 de
1077 5195 1268 5292 gratiarum
1284 5198 1421 5270 actione
1435 5192 1689 5288 postulationes
1704 5200 1838 5266 vestrae
1853 5202 1956 5262 notae
1973 5191 2059 5260 barat

74 5308 353 5398 nostradignitate
380 5323 414 5382 et
436 5313 481 5380 de
496 5311 793 5402 particularitate,
819 5325 855 5384 et
870 5303 1026 5382 adhunc
1078 5303 1173 5378 Deo.
1213 5301 1344 5376 Psalm.
1369 5296 1447 5392 ⁶⁸⁰5
1497 5287 1575 5382 Ego
1597 5292 1794 5364 orationem
1815 5309 1930 5362 mesta
1952 5293 1994 5359 ad
2025 5305 2060 5358 te

113 5401 275 5484 mutarn.
294 5415 398 5484 Orsa.
425 5415 511 5487 Vos.
527 5411 624 5487 XIV·
1503 5393 1554 5469 26
