4590 5808
222 102 300 224 rn‘
817 143 942 217 auru.
969 143 1085 219 uun.
1111 141 1323 220 scarrra
1350 103 1647 221 umanum.
2162 147 2225 223 m

324 323 429 394 Nunc
446 320 617 390 addemus
631 317 776 388 alteram
793 318 838 387 de
850 316 1088 406 seiunctione,
1106 318 1212 388 dissi·
1264 321 1486 412 perspicuam
1532 334 1567 390 et
1616 319 1754 390 firmam
1775 373 1777 378 .
1800 319 2073 411 responsionem·
2104 335 2228 397 exstare.

138 460 139 464 ¹
224 429 291 499 ‹liis
308 442 341 499 et
358 421 554 495 schismate.
615 463 617 467 ·
1264 422 1505 512 Quamobrem
1537 422 1810 507 scire'debetis,
1851 421 2000 492 omnino
2032 421 2230 496 verissimum

328 525 543 598 Meministis
558 543 660 612 saepe
675 523 787 611 repeti
801 524 969 594 mandata
984 522 1125 608 divina,
1168 524 1213 591 de
1264 548 1356 609 esse,
1382 526 1479 617 quod
1503 525 1697 615 petulantia
1715 522 1911 620 discordias
1925 522 2096 610 excitans,
2121 525 2232 595 distra-

226 631 379 701 fovenda
396 643 431 700 et
441 627 577 698 tuenda
592 621 769 693 Ecclesiae
787 625 996 711 concordia,¹
1028 625 1073 696 de
1092 624 1213 695 vitan·
1264 628 1398 698 ctiones
1421 626 1576 713 faciens,
1619 640 1654 697 et
1677 627 1874 698 accendens
1897 625 2065 713 dissidia,
2094 624 2138 696 sit
2160 623 2233 695 hor-

226 735 283 802 dis
296 731 472 814 dissidiis,
497 725 788 812 discessionibus,
813 739 848 796 et
868 726 1169 824 disiunctionibus
1193 749 1212 794 a
1265 731 1415 800 rendum
1431 752 1472 798 ac
1488 729 1589 799 triste
1602 742 1795 820 peceatum,
1814 728 1904 798 sicut
1916 742 2031 799 textus
2040 725 2233 800 Proverbii.

223 826 366 928 reliquo
391 851 555 928 corpore,
596 829 640 898 de
661 851 736 896 non
758 827 929 900 faciendis
949 829 1212 900 divulsionibus
1265 853 1423 922 expresse
1433 830 1544 924 ,dicits
1571 827 1787 912 Rixatorem,
1807 831 1867 922 qui
1886 829 1971 899 serit
1986 830 2173 899 discordias
2186 831 2236 897 iu-

228 951 262 1007 et
278 932 582 1014 distractionibus,
608 929 706 1018 iuxta
719 945 942 1022 praeceptum
951 929 1074 1015 Pauli,
1103 927 1213 1004 nco·
1266 945 1319 1003 ter
1332 933 1475 1016 fratres,
1501 933 1728 1003 abominatur
1743 955 1784 1002 ac
1800 929 2113 1006 detestaturDeus.
2145 929 2234 1004 Hauc

228 1032 406 1110 rinth.'1.:
443 1033 526 1105 Nou
547 1033 619 1102 sint
643 1033 819 1102 intervos
842 1025 1047 1118 schismata,
1087 1033 1215 1117 idest,
1265 1033 1632 1125 guomenSalomonis
1648 1033 1837 1124 diligenter
1851 1033 2094 1117 meditemini,
2118 1058 2238 1102 memo-

228 1164 302 1209 non
325 1139 403 1207 sitis
432 1150 572 1206 autores
597 1147 632 1204 et
654 1134 747 1202 faces
770 1134 999 1205 dissidiorum
1020 1149 1054 1204 et
1078 1134 1214 1205 discor·
1266 1137 1409 1230 riaeque
1425 1135 1612 1206 mandetis.
1664 1133 1737 1206 Nee
1754 1135 1950 1208 existimate
1971 1135 2096 1204 ludum
2117 1150 2174 1205 aut
2192 1135 2237 1202 io-

229 1244 369 1311 diarum
386 1239 423 1308 in
439 1235 607 1307 Ecclesia.
661 1232 735 1303 lam
753 1260 834 1306 cum
851 1237 972 1326 negari
996 1260 1072 1305 non
1086 1237 1215 1327 possit,
1266 1263 1366 1324 cum,
1389 1262 1451 1308 scu
1465 1261 1538 1308 rem
1563 1237 1666 1329 parvi
1684 1237 1876 1322 momenti,
1898 1235 1968 1308 ‘nee
1981 1231 2239 1329 reprehensione

229 1347 324 1436 ipsos
346 1338 530 1414 Romanos
554 1335 760 1423 Pontifices,
790 1351 824 1407 et
842 1352 997 1409 caeteros
1018 1334 1215 1429 Episcopus
1267 1362 1480 1432 magnopere
1500 1341 1643 1429 dignam
1666 1362 1758 1425 esse,
1797 1339 1960 1420 turbare,
2001 1334 2188 1409 distrahere
2207 1361 2240 1406 ac

228 1446 415 1516 adiunctos
430 1441 504 1512 sedi
520 1437 705 1512 Romanae
720 1450 772 1509 tot
786 1440 912 1509 seculis
934 1441 1121 1510 retinuisse
1136 1463 1215 1509 suc·
1266 1443 1421 1512 lacerare
1436 1436 1611 1511 Ecclesiae
1632 1464 1707 1510 non
1731 1441 1936 1511 necessariis
1957 1452 1994 1511 et
2015 1441 2241 1533 petulantibus

229 1551 422 1618 cessionem
446 1544 484 1612 in
506 1541 688 1611 ordinaria
704 1541 960 1629 gubernatione
976 1539 1215 1612 Ecclesiarurn
1267 1545 1373 1630 rixis,
1399 1543 1574 1624 dissidiis,
1599 1543 1813 1614 tumultibus
1827 1557 1933 1636 atque
1948 1542 2145 1624 discordiis,
2166 1541 2240 1610 ortis

230 1647 296 1746 (de
321 1669 390 1742 qua
414 1644 596 1715 ordinaria
622 1632 840 1713 successione
862 1641 1144 1735 Episcoporum,
1182 1655 1216 1712 et
1265 1645 1324 1714 vel
1351 1668 1392 1714 er
1414 1645 1616 1714 curiositate
1636 1668 1700 1714 seu
1720 1639 2086 1743 πολυπραγμοσύνῃ,
2127 1643 2181 1711 vel
2206 1666 2241 1710 er

228 1765 397 1844 perpetua
414 1757 590 1817 certorum
607 1743 837 1834 collegiorum
854 1745 1035 1826 electione,
1055 1747 1139 1815 item
1158 1745 1215 1812 iu·
1250 1831 1253 1840 A
1268 1745 1431 1838 superbia
1446 1760 1484 1817 et
1494 1746 1701 1832 ambitione,
1725 1748 1783 1817 vel
1798 1771 1840 1817 ex
1855 1746 2118 1832 malevolentia,
2137 1767 2241 1816 aemu-

231 1851 395 1922 reteratis
418 1850 596 1940 longoque
616 1868 683 1916 usu
706 1847 921 1916 confirmatis
947 1847 1214 1920 consuetudini·
1268 1849 1413 1929 latione,
1441 1849 1533 1918 odiis
1549 1863 1584 1920 et
1598 1848 1811 1934 invidentia,
1837 1848 1893 1918 vel
1909 1871 1950 1917 ex
1964 1841 2160 1941 cupiditate
2174 1845 2239 1912 vin·
2283 1895 2284 1904 κ

229 1957 297 2026 bus
314 1951 446 2021 inflatis
462 1950 579 2021 buccis
596 1961 778 2038 tantopere
793 1947 1008 2042 gloriantur)
1026 1963 1117 2020 certe
1140 1971 1216 2033 uos,
1268 1951 1398 2022 dictae:
1424 1964 1465 2021 ut
1485 1965 1607 2034 nostra
1630 1965 1740 2037 aetas,
1767 1941 1861 2042 proh
1883 1950 2006 2038 dolor,
2033 1950 2144 2022 multa
2165 1945 2242 2017 vidit

229 2056 293 2150 qui
324 2075 434 2145 genus
467 2051 648 2122 doctrinae
681 2049 861 2121 diversum
895 2073 1018 2120 sumus
1053 2051 1216 2143 amplexi,
1268 2067 1303 2124 et
1321 2053 1416 2123 videt
1433 2052 1603 2143 exempla.

227 2155 390 2250 plurimis
400 2155 561 2225 videmur
576 2176 595 2221 a
615 2152 795 2220 communi
811 2175 984 2222 consensu
998 2166 1127 2223 temere
1143 2153 1216 2221 dis-
1370 2150 1521 2241 Quoties
1543 2154 1637 2222 enim
1662 2152 1809 2236 accidit,
1836 2167 1876 2223 ut
1891 2155 2053 2246 ingentia
2067 2149 2243 2224 certamina

229 2262 409 2341 cedentes,
440 2257 599 2346 turbasse
616 2277 656 2322 ac
674 2252 899 2324 labefactasse
920 2278 996 2323 non
1013 2254 1217 2324 necessariis
1268 2267 1497 2341 moveantur,
1545 2257 1621 2324 sine
1651 2255 1856 2326 necessariis
1881 2257 2015 2342 causis,
2057 2255 2098 2324 in
2128 2253 2243 2348 quibus

172 2405 176 2413 ·
228 2357 529 2451 disputationibus
546 2355 833 2425 coniunctionem
858 2367 891 2424 et
915 2357 1141 2426 concordiam
1164 2368 1217 2426 tot
1268 2349 1457 2453 φιλόνικος
1479 2356 1609 2451 aliquis
1630 2379 1795 2428 accensus
1815 2359 2075 2439 aemulatione,
2119 2367 2244 2427 tanton
2283 2393 2284 2398 κ

229 2461 469 2534 Ecclesiarum
483 2455 660 2547 Europae.
700 2455 775 2526 lmo
799 2457 1024 2527 manifestum
1047 2473 1117 2543 est,
1150 2479 1217 2526 nos
1268 2460 1352 2529 odio
1368 2459 1422 2529 sui
1440 2459 1697 2548 antagonistae,
1721 2482 1783 2530 seu
1798 2474 1839 2530 ut
1854 2482 1956 2551 aegre
1971 2460 2082 2530 faciat
2095 2471 2130 2528 et
2145 2455 2245 2528 mole-

230 2590 305 2635 non
321 2563 436 2633 solum
452 2559 639 2630 dissentire
654 2583 673 2627 a
687 2557 894 2640 pontificiis,
921 2562 983 2631 sed
1000 2561 1105 2630 etiam
1119 2559 1215 2650 ipso·
1267 2574 1340 2631 stus
1360 2561 1462 2658 alteri
1480 2561 1543 2640 sit,
1569 2583 1699 2630 novam
1720 2573 1783 2632 aut
1803 2562 2026 2652 peregrinam
2050 2558 2246 2654 opinionem

229 2690 309 2738 rum
337 2664 535 2736 doctrinam
561 2655 837 2752 reprehendere,
876 2675 993 2732 taxare
1021 2675 1055 2731 et
1082 2661 1216 2730 violare
1268 2663 1424 2756 aliquam
1459 2659 1551 2732 fucis
1583 2661 1839 2754 sophismatum
1876 2663 2039 2746 defendit
2079 2676 2113 2735 et
2145 2670 2246 2739 ornat,

146 2809 150 2818 ·
228 2741 459 2864 traditiones,
492 2765 583 2835 ritus
612 2777 718 2856 atque
747 2776 888 2837 statuta.
924 2762 1030 2833 lude
1053 2758 1215 2841 schisma,
1267 2789 1373 2858 quam
1399 2788 1473 2834 non
1495 2763 1636 2855 ignorat
1656 2765 1731 2857 ipse
1760 2787 1780 2835 a
1808 2765 1954 2836 veritate
1977 2765 2155 2850 alienam,
2174 2763 2247 2830 'nst
2283 2757 2284 2768 ’

118 2921 122 2930 ,
230 2871 436 2954 dissidium,
481 2875 520 2937 ac
550 2866 684 2936 discors
714 2878 889 2935 certamen
920 2865 1071 2950 exstitit,
1119 2866 1214 2958 quod
1258 2867 1450 2937 fundatam
1475 2888 1567 2953 esse,
1606 2881 1670 2938 aut
1701 2864 1769 2934 niti
1794 2866 1879 2936 ullis
1901 2867 2133 2938 evidentibus
2155 2877 2246 2953 atque

229 2985 402 3068 quantum
425 2969 652 3060 publicarum
675 2967 913 3038 calamitatum
936 2967 1136 3053 attraxerit,
1176 2967 1215 3034 in
1267 2967 1372 3038 certis
1394 2968 1588 3060 scripturae
1613 2967 1846 3049 testimoniis,
1888 2970 1945 3039 vel
1970 2967 2170 3063 perspicuis
2194 2964 2246 3032 fir·

120 3149 125 3154 ,
229 3085 419 3166 conspectu
436 3070 580 3164 quidem
595 3079 631 3138 et
642 3083 724 3140 ante
738 3069 860 3138 oculos
875 3069 1027 3160 positum
1044 3083 1104 3142 est.
1146 3066 1215 3138 Hic
1267 3069 1335 3139 mis
1351 3069 1616 3141 venationibus!
1647 3068 1796 3158 Quoties
1810 3069 1860 3151 fic
1879 3068 2108 3142 utDiabolus
2124 3093 2165 3138 ex
2180 3067 2245 3156 ipso

202 3177 339 3266 'igitur
355 3172 514 3269 quaestio
528 3171 695 3263 agitatur:
730 3167 858 3241 Utrum
882 3193 965 3256 nos,
997 3171 1059 3263 qui
1082 3170 1215 3240 fuimus
1267 3195 1413 3264 corpore
1429 3171 1742 3265 Ecclesiaepulcre
1762 3173 2015 3244 consentientis
2040 3173 2168 3244 excitet
2190 3165 2247 3236 ali·
2283 3207 2284 3212 κ

227 3275 551 3367 hominesprivati,
577 3272 710 3344 etolim
727 3295 835 3363 regno
851 3270 1040 3344 Pontificio
1055 3273 1215 3358 subiecti,
1266 3297 1374 3368 quos,
1400 3273 1461 3368 qui
1477 3288 1622 3367 propter
1637 3273 1791 3366 privatas
1806 3275 2039 3367 cupiditates,
2073 3289 2137 3347 aut
2159 3263 2245 3341 simi·
2283 3317 2284 3332 ,

227 3381 288 3473 pio
303 3378 470 3464 consilio,
483 3391 530 3448 ,eg
545 3374 646 3448 iustis
663 3385 769 3466 atque
789 3377 995 3445 necessariis
1020 3375 1108 3446 moti
1131 3396 1215 3447 cau·
1266 3376 1317 3446 les
1337 3399 1479 3460 causas,
1521 3371 1793 3447 ab'animorum
1813 3391 1848 3448 et
1872 3377 2103 3448 voluntatum
2126 3375 2247 3446 aliena·

113 3519 117 3526 ·
228 3483 294 3566 sis,
321 3480 583 3551 discesserimus
603 3477 649 3548 ab
673 3475 854 3546 ordinaria
876 3490 1065 3567 potestate,
1099 3489 1214 3546 muta-
1265 3478 1364 3549 tione
1383 3479 1428 3547 ad
1452 3478 1688 3550 dissensiones
1712 3479 1756 3547 de
1777 3477 1939 3550 doctrina
1962 3478 2147 3570 provecti,
2167 3473 2247 3544 arri·

226 3585 382 3656 verimus
399 3581 598 3652 doctrinam
620 3591 654 3648 et
674 3578 764 3648 ritus
787 3578 826 3646 iu
842 3575 1019 3664 Ecclesia,
1044 3579 1215 3649 dilacera·
1266 3580 1372 3678 piunt
1386 3572 1532 3673 aliquod
1547 3582 1674 3672 dogma
1692 3579 1900 3670 plausibile,
1925 3604 1986 3651 seu
2008 3595 2155 3672 gratum
2177 3573 2248 3644 vnl-

226 3687 384 3758 verimus
398 3703 610 3755 eonsensum
627 3693 661 3752 et
674 3681 833 3770 regimen
847 3678 1094 3752 Pontificium:
1118 3683 1214 3752 unde
1265 3705 1323 3771 go,
1349 3683 1445 3776 quod
1460 3681 1541 3753 ideo
1557 3695 1696 3760 tanturn
1712 3682 1830 3751 omnis
1844 3683 1982 3773 generis
1996 3685 2141 3755 artibus
2154 3692 2249 3772 atque

224 3801 325 3861 tanta
340 3786 466 3879 populi
482 3783 754 3879 principumque
766 3782 960 3868 distractio,
976 3795 1114 3854 tantum
1131 3783 1215 3853 ubi·
1266 3773 1440 3854 machinis
1467 3785 1696 3877 pertinaciter
1717 3797 1880 3871 tuentur,
1921 3805 1997 3856 non
2021 3783 2111 3880 quia
2135 3799 2249 3852 verum

226 3914 296 3985 que
312 3888 542 3959 dissidiorum
551 3893 568 3970 ,'
587 3885 805 3958 tumultuum
822 3898 854 3954 et
870 3879 1098 3954 schismatum
1112 3885 1213 3954 side-
1264 3909 1337 3956 esse
1355 3885 1534 3974 iudicant,
1561 3890 1620 3958 sed
1644 3887 1727 3981 quia
1746 3887 1919 3979 voluptati
1943 3900 2012 3974 est,
2042 3881 2249 3959 dissentien-

226 4008 286 4065 tur
297 3991 494 4062 exstitisse?
544 3985 623 4058 Hoc
637 3987 715 4078 ipso
729 3985 895 4057 scandalo
909 3985 1014 4056 multi
1027 3986 1213 4078 sapientes,
1264 4001 1315 4057 tes
1335 3985 1557 4058 odiosissime
1573 3993 1775 4074 traducere,
1802 3989 1968 4061 insectari
1988 4002 2024 4061 et
2048 3979 2249 4058 criminari?

225 4121 266 4165 ar
281 4092 447 4184 inprimis
466 4090 602 4186 politici
621 4089 691 4159 viri
714 4091 803 4159 adeo
825 4101 1016 4160 moventur
1040 4102 1076 4159 et
1098 4089 1212 4159 offen-
1264 4088 1419 4159 Proinde
1433 4093 1627 4163 decurrunt
1641 4094 1684 4162 ad
1702 4103 1818 4184 partes
1832 4105 1938 4186 atque
1953 4083 2152 4176 factiones,
2176 4083 2248 4180 qui·
2283 4109 2284 4124 ¹

225 4199 380 4280 duntur,
420 4208 460 4265 ut
490 4207 629 4264 nostras
657 4187 833 4261 Ecclesiae
861 4191 1029 4260 acerrime
1058 4191 1212 4278 oderint,
1260 4191 1328 4260 bus
1345 4191 1512 4263 latissime
1528 4195 1735 4284 vagantibus
1749 4194 1971 4279 communiti,
1986 4195 2142 4266 taudem
2159 4189 2246 4284 quic·

179 4312 187 4336 ⁸
224 4296 502 4391 pertinacissime
517 4292 706 4366 mutationi
729 4291 911 4394 doctrinae
932 4307 967 4365 et
988 4293 1123 4363 rituum
1146 4297 1211 4362 ad·
1262 4292 1348 4384 quid
1366 4310 1513 4386 possunt
1528 4297 1655 4366 veneni
1680 4296 1718 4364 in
1739 4297 1978 4385 antagonistas
1999 4307 2193 4375 evomunt,
2214 4297 2242 4354 tl
2283 4333 2284 4340 κ

224 4413 428 4482 versentur,
454 4413 581 4470 vocent
597 4416 663 4467 nos
677 4387 928 4465 schismaticos
944 4408 978 4464 et
994 4391 1210 4480 Haereticos‚
1260 4393 1397 4491 privata
1423 4397 1596 4491 quaedam
1620 4399 1700 4469 odia
1723 4397 1943 4469 ulciscuntur
1964 4397 2118 4489 publica
2132 4391 2242 4467 Ecclt·
2283 4431 2284 4436 κ

110 4523 117 4531 ·
223 4504 457 4575 criminentur
473 4523 538 4569 nos
558 4498 759 4591 petulanter
780 4499 971 4566 accendere
992 4498 1208 4568 atrocissima
1260 4497 1391 4567 siarum
1408 4500 1616 4573 calamitate.
1665 4498 1775 4569 Plena
1793 4501 2038 4592 exemplorum
2064 4513 2120 4572 est
2142 4496 2242 4568 histo-

202 4604 386 4682 ·dissidia‚
414 4615 448 4672 et
462 4603 619 4671 infinitas
635 4598 881 4670 distractiones
897 4613 1002 4691 atque
1017 4599 1208 4668 seiunctio·
1259 4599 1311 4668 ria
1337 4601 1497 4676 omnium
1527 4617 1697 4686 aetatum,
1739 4604 1799 4671 sed
1830 4626 1905 4671 non
1937 4616 1988 4672 est
2010 4625 2109 4693 opus
2132 4591 2244 4692 procul

220 4731 284 4778 nes
307 4704 444 4788 moliri,
471 4719 535 4775 etc.
596 4702 736 4792 Quibus
751 4723 842 4770 sane
864 4699 1081 4770 clamoribus
1102 4713 1207 4794 atque
1258 4702 1415 4792 exempla
1432 4718 1608 4794 repetere,
1635 4727 1714 4774 cum
1732 4703 1803 4773 sint
1822 4705 1870 4775 ob
1892 4704 2015 4773 oculos
2041 4699 2245 4794 praesentia.

219 4808 409 4881 calumniis
432 4806 599 4877 atrociter
629 4820 662 4876 et
692 4801 967 4886 invidiosissime
988 4825 1207 4898 praegrava·
1258 4799 1401 4892 Quanta
1418 4805 1512 4874 enim
1532 4806 1704 4898 proximis
1726 4806 1829 4874 annis
1853 4820 2065 4898 sparserunt
2083 4803 2244 4898 pestilen-

217 4935 316 4994 mur,
341 4910 599 4989 deformamur,
623 4905 867 4988 traducimur,
889 4904 981 4972 acin
999 4903 1205 4974 odiumeri-
1257 4905 1303 4972 tis
1331 4905 1527 4976 discordiae
1554 4931 1594 4977 ac
1620 4907 1898 4999 implacabilium
1929 4907 2168 4978 dissidiorum
2196 4927 2245 4972 se·

218 5035 373 5105 menque
391 5033 559 5081 vocamur
574 5011 676 5105 apud·
692 5027 848 5076 summos
871 5005 1144 5096 gubernatores,
1171 5021 1204 5077 et
1255 5005 1370 5088 mina,
1403 5008 1512 5077 rixosi
1539 5011 1684 5108 quidam
1708 5010 1917 5079 clamatores
1939 5026 1972 5082 et
1996 5002 2243 5105 sycophantici

218 5115 406 5186 autoritate
421 5111 661 5203 sapientiaque
680 5121 894 5199 praestantes
909 5102 1083 5176 homiues.
1124 5109 1201 5178 Ad·
1253 5109 1452 5197 scriptores,
1480 5113 1564 5182 dum
1583 5115 1626 5180 de
1642 5113 1736 5181 linea
1755 5124 1858 5192 veste,
1886 5137 1926 5182 ac
1943 5113 2128 5181 similibus
2144 5111 2244 5177 rebus

215 5239 337 5307 versus
359 5211 424 5282 bas
447 5213 672 5300 gravissimas
693 5212 875 5304 querelas,
909 5223 944 5279 et
967 5210 1201 5280 atrocissimas
1225 5223 1229 5282 t
1253 5220 1357 5300 atque
1383 5211 1510 5281 ritibus
1532 5211 1616 5310 (suo
1644 5237 1770 5304 genere
1791 5239 1864 5283 non
1889 5214 2048 5295 vitiosis,
2077 5226 2112 5282 et
2128 5205 2242 5281 adhuc

216 5315 481 5387 criminationes
506 5309 789 5407 hypocritarum,
830 5334 970 5384 neeesse
993 5325 1043 5384 est
1068 5336 1200 5398 veram,
1223 5312 1227 5404 ξ
1252 5311 1388 5383 usitatis
1412 5337 1537 5406 magna
1561 5340 1602 5386 ex
1628 5318 1783 5408 partein
1806 5317 1937 5388 nostris
1952 5313 2145 5405 Ecclesiis)
2169 5328 2242 5384 tan-
