4714 5826
87 145 148 220 tot
574 147 575 152 ’
612 137 696 215 ΧΗ.
733 129 1128 212 ANNOTATIONES
1154 133 1206 209 IN
1232 133 1536 212 EVANGELlh.

82 321 227 405 quaeest
240 329 425 400 oppressa,
449 309 655 402 praesertim
674 329 753 378 com
771 305 937 378 veniente
952 303 1053 376 Mes-

82 413 125 483 sia
137 434 258 481 omnes
273 411 363 482 laeta
379 422 612 502 expectarent.

61 541 64 546 '
173 525 283 615 ltem,
313 532 359 599 de
380 529 564 602 erroribus
585 529 730 598 luerunt
757 529 914 597 edendae
947 547 1051 617 prae·

82 633 259 716 dictiones,
283 646 323 704 ut
344 653 403 701 eos
423 653 646 720 caveremus,
673 643 714 700 ιιι
740 653 820 699 cum
836 627 969 698 Paulus
990 625 1051 710 ait,

81 730 356 806 Prohibitionem
368 732 526 824 coniugii
543 755 616 802 esse
629 732 826 803 doctrinam
844 729 1052 800 daemonio-

80 859 170 920 rum,
195 859 259 906 seu
282 859 362 908 cum
376 831 540 906 Christus
564 835 630 920 ait,
663 832 860 927 intemplo
887 833 965 904 fore
987 833 1051 902 de-

80 938 277 1008 solationem
294 937 583 1006 abominandam.

170 1067 279 1156 ltem,
317 1085 457 1141 sanctos
482 1069 641 1161 oportuit
673 1068 914 1162 praemoneri,
953 1067 1051 1161 quod

80 1174 150 1242 finis
162 1173 384 1242 miseriarum
401 1172 542 1242 futurus
558 1171 621 1253 sit,
647 1195 692 1242 ne
712 1173 950 1263 desperarent.

169 1307 279 1394 ltem,
315 1306 571 1398 praedictiones
593 1307 638 1375 de
652 1299 875 1376 'monarchiis
893 1317 978 1376 sunt
1000 1319 1053 1376 te·

80 1410 251 1490 stimonia,
286 1431 378 1502 quae
399 1408 553 1496 probant
574 1407 772 1478 doctrinam
797 1403 905 1476 huius
929 1406 1051 1500 populi

80 1513 223 1582 divinam
243 1533 331 1580 esse.
380 1507 490 1594 Item,
516 1509 711 1580 admonent
733 1523 871 1578 sanctos
894 1509 939 1578 de
962 1522 1051 1578 tem-

81 1636 154 1704 pore
169 1617 344 1683 adventus
361 1611 559 1703 utriusque.

168 1744 240 1815 Has
262 1765 384 1814 causas
406 1741 687 1833 praedictionum
706 1741 989 1828 consideremus,
1013 1755 1050 1813 et

83 1860 205 1917 nostros
220 1847 363 1914 animos
375 1843 587 1934 cogitatione
603 1843 825 1914 certitudinis
834 1865 1050 1915 earumcon-

83 1948 264 2032 firmemus,
297 1960 339 2017 ut
355 1967 591 2036 repugnemus
607 1943 746 2035 impiis,
778 1959 811 2016 et
827 1958 1049 2034 expectemus

82 2049 342 2131 liberationem,
363 2069 470 2139 quam
501 2045 597 2136 ipsae
622 2046 836 2116 mutationes
857 2069 1047 2136 regnorum

82 2148 281 2237 significant,
315 2170 388 2219 non
411 2147 537 2239 procul
560 2149 691 2220 abesse.
751 2146 880 2218 Daniel
901 2160 1050 2217 testatur

84 2251 245 2322 destructa
270 2262 396 2342 quarta
420 2243 628 2320 monarchia
649 2260 839 2318 venturum
862 2247 1049 2318 iudicium.

82 2346 226 2423 Ezechiel
247 2365 399 2422 testatur
426 2349 532 2442 paulo
553 2363 635 2434 ante
657 2361 852 2420 extremum
874 2347 1048 2418 iudicium

84 2449 150 2543 Gog
166 2471 200 2528 et
214 2453 349 2542 Magog
371 2448 427 2548 (id
455 2463 526 2535 est,
557 2463 677 2541 gentes
699 2446 899 2544 Scythicas)
921 2473 1047 2543 perva-

82 2567 215 2625 steturos
228 2576 306 2626 esse
322 2549 535 2638 Ecclesiam,
567 2550 665 2645 quod
692 2551 761 2622 iam
785 2552 970 2625 manifeste
992 2553 1048 2622 fa-

1148 383 1151 390 .
1231 399 1236 408 .
1301 303 1522 388 Dominioo
1547 303 1622 390 111.
1650 301 1887 391 Adventus.

1362 444 1597 540 Evangelium
1616 443 1746 522 Matth.
1764 453 1824 522 11.

1150 570 1246 656 Cam
1263 577 1428 654 audisset
1444 587 1603 654 Ioannes
1612 579 1652 652 in
1660 605 1799 654 carcere
1806 584 1920 685 sacta
1928 575 2084 672 Christi,

1199 683 1324 758 missis
1357 679 1500 756 duodus
1522 679 1718 782 discipulis
1736 685 1835 774 suis,
1875 681 1975 756 dicit
2002 683 2084 760 itti.-

1201 780 1241 856 Τ
1240 811 1263 856 u
1280 809 1318 857 es
1332 783 1398 855 ille
1413 786 1481 883 qui
1494 793 1664 857 venturus
1679 796 1749 873 est,
1777 813 1829 858 an
1844 787 2003 859 alterum
2017 813 2083 862 es·-

1200 885 1414 984 pectamus?
1438 884 1492 958 Et
1510 882 1730 985 respondens
1744 894 1846 962 Iesus
1860 886 1959 961 dixit
1981 888 2083 964 illiso

1202 985 1263 1059 Ite
1286 999 1318 1060 et
1341 989 1548 1060 renunciate
1570 985 1715 1062 Ioanni
1735 1014 1796 1077 ea,
1826 1015 1921 1090 quae
1941 989 2085 1064 auditis

1200 1099 1232 1161 et
1251 1086 1398 1162 ridetis:
1421 1079 1532 1163 Coeci
1544 1088 1661 1162 risam
1684 1091 1878 1191 recipiunt,
1903 1103 1935 1165 et
1957 1090 2088 1165 claudi

1202 1190 1419 1280 ambulant,
1450 1187 1612 1291 Leprosi
1631 1189 1880 1284 mundantur,
1922 1205 1954 1265 et
1976 1191 2086 1267 surdi

1202 1289 1380 1380 audiunt,
1413 1291 1569 1366 Mortui
1590 1294 1818 1383 excitantur,
1853 1306 1884 1367 et
1904 1321 2082 1394 pauperes

1204 1391 1341 1468 laetum
1363 1397 1547 1495 accipiunt
1563 1393 1770 1491 Evangelii
1790 1399 1976 1472 nuncium.
2028 1397 2083 1470 Et

1200 1495 1329 1570 heatus
1359 1507 1411 1570 est
1437 1497 1606 1598 quisquis
1626 1523 1700 1569 non
1713 1497 1835 1598 suerit
1858 1495 2020 1603 offensus
2042 1503 2083 1574 in

1200 1622 1267 1671 me.
1327 1597 1519 1670 Euntibus
1549 1610 1672 1670 autem
1705 1598 1805 1688 illis,
1837 1603 1952 1700 coepit
1975 1599 2082 1674 Iesus
2206 1689 2212 1702 ἡ

1201 1695 1316 1772 dicere
1330 1700 1448 1772 turbis
1464 1697 1677 1773 deloanne:
1692 1697 1801 1798 Quid
1812 1703 1943 1774 existis
1962 1704 2000 1773 in
2021 1699 2082 1775 de-

1197 1812 1335 1874 sertam
1351 1812 1390 1876 ut
1408 1799 1603 1876 rideretis?
1618 1799 1723 1877 Num
1739 1801 1972 1893 arundinem,
1987 1829 2082 1905 quoe

1198 1903 1370 1998 agitatur
1383 1931 1408 1976 a
1425 1903 1555 1976 vento?
1587 1901 1684 1999 Age,
1716 1901 1812 2004 quid
1821 1906 1952 1978 existis
1968 1916 2007 1976 ut
2030 1907 2083 1976 ri-

1200 2003 1356 2078 deritis?
1386 2003 1490 2080 Num
1511 2002 1695 2078 haruinem
1718 2005 1895 2078 mollibus
1925 2006 2082 2080 vestibus

1199 2104 1402 2178 amictum?
1434 2105 1529 2178 Ecce
1543 2108 1611 2208 qui
1630 2105 1763 2178 mollia
1783 2118 1936 2201 gestant¹
1956 2109 1995 2180 in
2017 2104 2083 2181 do·

1198 2206 1320 2282 mibus
1347 2231 1472 2302 regum
1495 2218 1594 2286 sunt.
1651 2204 1720 2296 At,
1783 2205 1853 2280 uid
1872 2210 2003 2300 cristis
2027 2209 2082 2280 ri·

1200 2305 1309 2381 dere?
1340 2306 1445 2384 Num
1459 2303 1712 2408 Prophetam?
1741 2231 1845 2384 geru
1861 2307 1941 2386 dico
1968 2309 2080 2398 robis,

1198 2419 1231 2484 et
1255 2409 1546 2484 excellentiorem
1561 2406 1762 2510 Propheta.
1810 2411 1886 2486 Hic
1908 2421 1959 2484 est
1984 2411 2080 2483 enim

1199 2509 1243 2582 de
1258 2538 1331 2614 qua
1344 2513 1521 2613 scriptum
1545 2524 1618 2586 est:
1651 2510 1746 2588 Ecce
1769 2537 1834 2612 ego
1852 2517 1958 2591 mitto
1983 2538 2080 2585 nun-

1199 2639 1294 2688 esum
1308 2637 1426 2686 meum
1439 2624 1526 2686 ante
1532 2614 1676 2716 sociem
1691 2625 1816 2704 tuom,
1842 2617 1909 2717 qui
1918 2639 2079 2714 praepa-

83 2655 166 2727 ‘ltffll
179 2655 315 2740 Turei,
340 2668 375 2728 ⁰²
390 2653 548 2724 “le‘im
564 2675 688 2724 ‘⁰¹⁸⁰‘
702 2677 843 2737 ‘mum’
856 2675 896 2722 π
909 2653 1047 2745 mgni·
1199 2726 1351 2792 taturus
1362 2726 1414 2788 est
1428 2716 1526 2790 riam
1542 2727 1647 2788 tuam
1661 2725 1748 2788 ante
1763 2727 1807 2795 te.

82 2759 154 2830 tuda
166 2779 390 2830 successuum
411 2753 584 2844 significat
602 2756 794 2826 accelerare
814 2754 1047 2824 novissimum

84 2858 172 2928 diem.
207 2856 257 2932 Ει
277 2881 366 2950 pene
379 2857 593 2948 completum
609 2847 660 2927 es't
675 2871 813 2946 tempus
827 2857 1046 2947 praedictum

84 2959 119 3028 ab
130 2955 218 3030 Elia:
242 2960 317 3032 Sex
334 2958 634 3042 minianenses,
661 2970 696 3027 et
709 2970 829 3048 postea
844 2956 1046 3031 destructio.
1146 2881 1319 2986 Quinque
1331 2900 1414 2959 ’ΠΜ
1429 2887 1509 2959 ¹⁰⁰¹·

1251 3022 1279 3092 l.
1306 3021 1566 3094 Testimonium
1580 3022 1774 3097 doctrinae.

1249 3122 1297 3199 11.
1323 3121 1377 3193 De
1391 3125 1558 3194 scandalo
1581 3123 1728 3211 Cmcis,
1755 3137 1791 3196 et
1811 3125 1927 3224 specie
1942 3121 2077 3199 Christi

1302 3223 1537 3299 etEcclesiae.

1251 3325 1317 3398 ΙΙΙ.
1344 3323 1398 3398 De
1414 3329 1531 3399 officio
1546 3329 1784 3398 etconstantia
1794 3325 2079 3400 concionatoris.

1248 3427 1311 3500 Ν.
1338 3424 1393 3495 De
1408 3427 1525 3496 officio
1542 3423 1732 3510 iohannis,
1757 3444 1791 3500 et
1809 3430 1999 3502 collatione
2018 3428 2076 3500 lo-

1281 3585 1284 3604 ,
1306 3529 1408 3598 annis
1423 3543 1458 3600 et
1472 3525 1618 3604 Christi.

1266 3628 1311 3704 V.
1334 3626 1388 3700 De
1404 3630 1608 3702 discrimine
1627 3627 1765 3702 Veteris
1786 3653 1826 3700 ac
1844 3627 1935 3700 Novi
1951 3631 2076 3702 Testa-

1260 3735 1264 3742 '
1296 3733 1441 3802 menti·
1477 3730 1553 3802 Lex
1585 3747 1621 3804 et
1652 3729 1852 3826 Prophetae
1885 3757 1998 3827 usque
2029 3737 2076 3804 ad

1300 3832 1482 3903 mmmm

1451 3965 1510 4016 De
1551 3965 1675 4030 prins
1693 3977 1718 4019 o.

1196 4053 1371 4126 Miracula
1389 4067 1557 4144 perpetua
1583 4056 1692 4124 totius
1703 4051 1880 4122 Ecclesiae
1903 4051 2076 4122 intuenda
2163 4075 2165 4084 ·

86 4132 194 4212 Cavete
211 4163 258 4210 ne
272 4139 379 4210 corda
393 4147 507 4209 vestra
521 4150 713 4226 graventur
734 4140 897 4232 crapula,
931 4139 1047 4210 ebrie·
1097 4169 1191 4233 ,unp
1243 4154 1290 4228 Et
1308 4177 1511 4249 qumquam
1528 4157 1622 4245 apud
1643 4166 1763 4244 gentes
1788 4154 1993 4224 ,eciderunt
2015 4153 2075 4223 in.

86 4250 156 4325 ΜΘ»
178 4258 212 4312 ⁰¹
227 4239 465 4312 ⁰¹²¹l⁸V3⁶¹¹¹⁸⁶
1099 4261 1237 4330 terdum
1254 4259 1425 4352 quaedam
1450 4255 1638 4341 inusitata,
1669 4270 1785 4325 tamen
1808 4277 1993 4347 nunquam
2015 4279 2075 4325 ex-

169 4356 371 4429 Secundum
388 4367 610 4447 praeceptum
627 4355 672 4426 de
687 4357 865 4443 oratione,
885 4359 1048 4431 dulcissi-
1098 4377 1152 4432 tra
1175 4357 1371 4432 Ecclesiam
1391 4360 1481 4428 facte
1504 4370 1556 4428 est
1590 4356 1808 4429 resuscitatio
1838 4371 2075 4434 mortuorum.

87 4477 163 4523 mam
180 4457 459 4529 consolationem
474 4457 649 4541 continet,
685 4457 767 4548 quia
784 4472 933 4531 testatur
948 4464 1047 4535 miti·
1099 4467 1186 4535 item
1216 4460 1386 4532 miracula
1414 4456 1553 4530 ethnica
1585 4483 1769 4553 nunquam
1792 4460 1937 4530 luerunt
1957 4481 2077 4528 serva-

87 4557 146 4641 gari
158 4561 370 4630 calamitates
386 4559 556 4630 oratione.
607 4556 677 4628 Sed
693 4559 959 4632 meminerimus
973 4589 1046 4642 non
1098 4568 1213 4638 tiones
1225 4562 1461 4648 universales,
1481 4561 1574 4631 sicut
1586 4560 1737 4632 servatio
1753 4555 1893 4640 Nohae,
1909 4574 1969 4630 aut
1985 4561 2074 4633 edu-

87 4677 169 4744 posse
198 4659 314 4733 Deum
354 4660 515 4729 invocari
552 4658 644 4728 mala
677 4659 903 4734 canscientia.
963 4664 1047 4736 Ideo
1097 4668 1222 4740 ctioex
1237 4664 1399 4760 Aegypto
1407 4715 1420 4748 ,
1446 4677 1508 4734 aut
1523 4678 1691 4755 perpetua
1713 4661 1934 4746 conservatio
1948 4659 2074 4732 Eccle-

88 4765 201 4846 agenda
219 4776 270 4832 est
282 4760 519 4855 poenitentia,
544 4773 579 4828 et
593 4763 773 4848 urgendus
787 4783 910 4832 cursus
933 4767 1048 4838 bonae
1096 4771 1168 4842 siae
1189 4768 1284 4838 inter
1306 4779 1423 4839 tantas
1445 4763 1627 4858 procellas.
1678 4762 1818 4852 Allegat
1838 4761 1946 4854 igitur
1964 4757 2073 4832 Chri·

89 4863 303 4934 conscientiae
324 4864 364 4931 in
385 4861 474 4946 fide,
507 4885 553 4930 ne
578 4864 821 4952 opprimamur
843 4864 1047 4954 ingentibus
1096 4886 1169 4943 stus
1186 4869 1376 4954 miracula,
1400 4879 1440 4938 ut
1455 4866 1679 4936 confirmaret
1692 4865 1891 4946 auditores,
1922 4857 1971 4932 Ει
1987 4861 2072 4954 quia
2104 4856 2108 4870 ⁸

89 4963 184 5032 minis
194 4964 360 5056 postremi
379 4964 566 5053 temporis,
591 4967 799 5055 praesertim
823 4991 902 5036 cum
925 4971 1046 5044 videa·
1096 4966 1294 5063 Prophetae
1316 4968 1578 5064 praedixerant,
1604 4964 1768 5037 Messiam
1789 4961 1875 5036 haec
1900 4961 2072 5035 miracula

89 5079 152 5132 nus
172 5067 239 5134 iam
262 5066 300 5135 in
323 5077 513 5156 conspectu
536 5079 732 5153 grassantes
750 5064 833 5158 Gog
853 5082 888 5139 et
903 5067 1045 5164 Magos,
1095 5078 1270 5146 lecturum
1299 5096 1390 5156 esse,
1422 5071 1597 5154 admonet
1616 5081 1658 5138 ut
1678 5079 1867 5158 agnoscant
1890 5063 2071 5150 Messinm,

90 5164 139 5248 qui
151 5168 264 5236 delere
278 5163 472 5237 Ecclesiam
486 5166 650 5236 funditus
666 5183 851 5245 conantur.
903 5168 1045 5247 Adver-
1095 5192 1129 5249 et
1153 5177 1266 5246 sciant
1290 5189 1429 5268 tempus
1454 5171 1528 5244 iam
1552 5171 1689 5258 adesse,
1730 5172 1869 5262 dequo
1906 5167 2072 5238 disserunt

91 5259 207 5338 ustos
221 5269 428 5340 dimicemus
442 5267 614 5342 oratione.
1094 5273 1303 5373 prophetae,

165 3092 263 3165 Sicut
283 3091 392 3182 igitur
404 3084 569 3160 Christus
591 3091 636 3160 dc
649 3087 741 3159 Vere
767 3090 835 3176 ait,
868 3091 1047 3164 coniectu-

85 3217 144 3264 ram
173 3195 248 3266 fieri
284 3217 327 3264 ex
358 3189 448 3274 ficu,
488 3186 549 3261 ita'
572 3190 762 3261 collatione
789 3187 1047 3284 Prophetarum

24 3289 25 3292 ’
85 3317 137 3364 nos
157 3298 411 3367 admoneamus
432 3292 478 3362 de
501 3293 572 3364 line
593 3292 738 3378 mundi,
771 3316 834 3364 seu
858 3296 902 3364 de
928 3296 1049 3366 novis·

85 3395 157 3468 simo
175 3395 318 3469 iudicio.
378 3392 476 3464 Ilaec
497 3395 543 3464 de
565 3394 866 3485 praedictionibus
883 3397 974 3466 *utile
997 3410 1049 3468 est

86 3498 234 3586 cogiure,
257 3510 302 3570 ut
318 3494 430 3566 animi
445 3509 714 3588 praeparentur,
741 3509 774 3568 et
795 3497 1049 3570 confirmentur

86 3596 203 3686 infide,
224 3599 423 3672 excitentur
436 3597 482 3668 ad
500 3597 665 3670 timorem
681 3611 718 3669 et
732 3598 986 3674 obedientiam.

167 3732 319 3824 Quarto.
353 3730 541 3823 Praecepta
558 3732 662 3804 etiam
678 3733 957 3808 considerentur.
988 3733 1048 3804 Si-

87 3835 204 3922 gnificat
224 3833 392 3908 Christus
418 3835 597 3920 futurum,
616 3849 667 3928 Ιιιι
689 3848 865 3927 postremo
887 3849 1047 3926 ternpore

87 3953 242 4022 amarant,
265 3937 390 4020 luxus,
413 3935 578 4026 superbia
595 3949 627 4004 et
642 3935 804 4006 avaricia.
856 3933 898 4006 ld
913 3937 990 4006 fieri
1006 3936 1045 4006 in

87 4053 254 4129 conspectu
271 4051 332 4110 est.
358 4033 443 4107 ldeo
460 4049 664 4126 praemonet
672 4032 844 4129 Christus,
859 4037 1025 4133 inquiens
1042 4066 1051 4109 s
