4714 5826
69 222 204 306 57,

68 419 158 464 men
188 393 315 465 volunt
344 389 459 461 videri
488 389 655 478 defugere
685 390 741 476 id,
789 391 886 485 quod
915 388 1068 460 maxime

68 509 258 590 appetunt.
311 491 421 564 Tales
439 491 603 563 nominat
618 488 827 565 Aristoteles
846 491 1068 588 βαυκοπαν·

70 593 255 699 ούρχους,
280 599 316 666 id
334 611 407 686 cst,
433 595 512 668 ficte
526 595 757 667 fastidientes.

173 731 361 804 Praeterea
389 732 449 827 qui
473 745 557 802 sunt
580 731 691 801 evecti
713 731 844 802 deinde
866 733 1066 824 plerunque

66 839 275 908 abutuntur
296 846 469 927 potestate
490 834 534 902 ad
553 833 708 923 privatas
722 835 952 926 cupiditates,
974 835 1067 904 sicut

66 939 189 1011 David
215 940 254 1006 in
277 960 386 1026 regno
407 936 475 1006 sibi
491 935 659 1020 indulsit,
686 950 720 1006 et
735 937 849 1007 multo
866 936 976 1024 magis
992 935 1065 1008 alii.

66 1039 140 1110 Hic
169 1041 284 1109 simus
315 1061 488 1107 memores
517 1035 605 1107 dicti
638 1035 841 1128 Siracidae,
875 1039 990 1130 capite
1012 1037 1065 1113 d.:

67 1142 155 1232 Quo
181 1142 377 1224 maiores,
403 1152 501 1208 tanto
526 1139 634 1230 magis
653 1154 687 1210 te
702 1133 872 1221 humilia,
900 1141 1065 1212 sicinve-

67 1245 175 1314 niens
199 1243 349 1332 gratiam
367 1265 483 1311 coram
501 1237 589 1310 Deo.
643 1241 775 1312 Notum
793 1243 838 1314 sit
856 1243 960 1314 etiam
978 1241 1065 1312 Plu-

69 1343 186 1417 tarchi
208 1346 360 1414 dictum:
388 1341 558 1432 Princeps
574 1343 735 1414 imitetur
750 1344 882 1428 solem,
904 1345 970 1438 ¹qui
984 1368 1063 1414 cum

68 1451 107 1517 in
128 1471 312 1518 summum
335 1443 513 1532 fastigium
539 1446 698 1515 venitin
722 1462 819 1536 parte
842 1447 976 1516 boreali
992 1460 1064 1516 tar-

69 1551 153 1620 dior
175 1551 248 1634 cs't,
281 1561 321 1621 ut
342 1547 388 1615 sit
409 1545 581 1615 securior:
615 1545 851 1640 μιμουμένου
871 1543 939 1620 τὸν
958 1543 1064 1640 ἥλιον

68 1658 140 1724 τοῦ
172 1649 356 1743 ἄρχοντος
362 1699 373 1733 ,
409 1644 449 1727 ὃς
474 1641 567 1718 ὅταν
586 1643 731 1744 ὕψωμα
754 1643 852 1746 λάβῃ
873 1645 1063 1748 μέγιστον,

71 1749 243 1848 ἐξαρθεὶς
260 1751 301 1824 ἐν
317 1747 395 1830 τοῖς
410 1743 591 1842 βορείοις,
618 1751 791 1844 ἐλάχιστα
807 1753 981 1836 κινεῖται,
1008 1757 1064 1844 τῷ

71 1851 322 1950 σχολαιοτέρῳ
349 1847 417 1924 τὸν
447 1843 592 1948 δρόμον
620 1855 670 1938 εἰς
693 1847 857 1950 ἀσφαλὲς
878 1851 1064 1928 καθιστά-

69 1983 200 2052 μενος.

124 2173 215 2252 Non
238 2166 568 2272 angaris'animo‚
603 2189 642 2250 ul
653 2175 737 2273 fias
754 2177 873 2269 dives,
900 2177 1064 2281 pruden-

174 2279 271 2352 tium
289 2290 394 2350 luam
413 2281 596 2358 omittite.-

172 2451 293 2523 Antea
319 2454 364 2522 de
392 2451 568 2544 Superbia
599 2455 830 2525 concionatus
862 2469 923 2530 est.
994 2453 1064 2528 Hic

74 2557 307 2626 concionatur
322 2551 553 2629 chvaricia.
596 2553 832 2651 Nequaquam
846 2572 963 2630 autern
978 2583 1063 2652 pro-

73 2653 171 2728 bibet
193 2651 280 2726 baec
302 2658 477 2728 sententia
499 2658 721 2730 sedulitatem
742 2671 774 2727 et
792 2659 949 2730 laborem
966 2663 1063 2733 iuxta

72 2760 317 2838 vocationem,
370 2783 485 2852 neque
525 2760 745 2849 diligentiam
784 2760 824 2829 in
864 2765 1061 2836 vocatione.

74 2861 285 2953 Saepissime
306 2860 402 2928 enim
427 2885 586 2952 expresse
608 2861 824 2953 praecipitur
847 2865 890 2933 de
909 2865 1062 2956 diligen-

72 2965 121 3036 tia
144 2978 177 3034 ct
204 2963 345 3044 labore,
371 2975 410 3032 ut
434 2985 538 3054 supra
559 2963 728 3033 formicae
753 2966 953 3064 exemplum
978 2992 1063 3058 pro-

71 3066 229 3159 ponitur.
279 3062 326 3134 Es
354 3062 393 3132 in
415 3063 628 3135 Ecclesiaste
656 3064 769 3157 capite
796 3090 904 3142 nono.
956 3067 1060 3140 Item:

73 3167 146 3258 Qui
176 3179 346 3257 praesunt
374 3166 446 3236 sint
476 3167 674 3258 diligentes.
726 3163 831 3238 ltem:
867 3167 1059 3260 Diligentia

72 3294 146 3342 non
164 3270 283 3358 ignavi
303 3283 367 3339 etc.

171 3399 222 3474 Et
247 3405 278 3472 l.
295 3403 380 3471 Cor.
398 3399 450 3475 4.:
478 3399 557 3470 Hoc
578 3404 792 3496 requiritur,
819 3419 859 3477 ut
879 3408 998 3478 fideles
1012 3410 1060 3478 si-

71 3531 160 3578 mus.
230 3503 314 3574 Huc
353 3516 387 3573 et
422 3505 589 3596 parabola
628 3506 782 3596 pertinet
811 3509 856 3577 de
890 3508 1060 3604 Taleptis,

71 3603 201 3680 Matth.
215 3601 278 3681 25.

170 3741 333 3816 Sciamus
348 3756 484 3828 autem,
507 3744 646 3814 labores
663 3743 712 3814 ita
727 3745 846 3816 felices
858 3749 952 3833 fore,
978 3773 1057 3818 cum

71 3846 205 3918 accedit
227 3845 399 3915 auxilium
424 3842 511 3931 Dei,
536 3847 630 3917 iuxta
651 3847 786 3917 dictum
804 3846 954 3920 Psalmi:
979 3848 1058 3921 Nisi

71 3948 248 4020 Dominus
277 3947 512 4018 aedificaverit
539 3952 686 4019 domum
714 3955 795 4021 etc.x
831 3948 919 4020 Vult
949 3953 1059 4042 igitur

72 4048 239 4136 coniungi
257 4048 519 4118 invocationem
532 4047 601 4120 Dei
617 4062 652 4121 et
664 4063 822 4120 nostram
836 4052 1056 4144 diligentiam

72 4154 108 4222 in
135 4151 319 4222 laboribus
349 4151 593 4237 vocationum,
631 4153 728 4221 iuxta
758 4154 907 4225 dictum:
947 4155 1054 4227 Com·

72 4257 197 4324 menda
212 4251 289 4321 Deo
311 4253 403 4320 viam
427 4267 546 4346 tuam,
573 4267 606 4324 et
627 4277 728 4345 spera
750 4255 787 4323 in
810 4279 910 4342 eum,
934 4259 1057 4349 etipse

71 4357 182 4428 faciet.
233 4349 407 4424 Prohibet
427 4369 542 4426 autem
565 4351 934 4452 πολυπραγμοσύνην
951 4376 984 4433 et
998 4361 1055 4429 in-

72 4459 160 4529 iusta
183 4457 354 4547 aucupia,
380 4481 470 4548 quae
488 4452 597 4527 bomo
613 4459 769 4552 quaerit,
795 4461 876 4553 quia
893 4459 969 4532 Deo
987 4465 1055 4534 dif-

72 4561 164 4643 fidit,
190 4574 226 4629 et
239 4553 305 4627 bac
322 4557 517 4628 diffidentia
531 4561 720 4631 cruciatur.
772 4563 875 4634 Hanc
890 4565 1055 4634 diffiden-

72 4663 152 4730 tiam
179 4673 290 4743 taxat,
320 4683 393 4730 non
419 4661 639 4750 diligentiam
664 4663 701 4731 in
727 4665 892 4736 mandato
921 4667 1053 4741 labore.

73 4760 164 4832 Dicit
186 4763 296 4852 igitur
317 4757 377 4830 hic
394 4759 589 4850 Salomon,¹
607 4760 762 4835 hnmana
786 4767 932 4838 consilia
955 4771 1055 4840 vide-

73 4866 149 4954 licet
174 4876 269 4934 extra
292 4862 511 4934 vocationem
538 4881 695 4958 suscepta
719 4881 754 4938 et
777 4868 927 4954 iniusta,
953 4871 1055 4942 irrita

74 4989 160 5051 esse,
194 4978 229 5035 et
264 4965 384 5053 fugere
413 4967 556 5038 divitias
588 4993 652 5042 ceu
681 4968 830 5063 Aquilae
861 4973 1052 5044 avolantes.

73 5063 224 5138 Revocat
254 5065 364 5154 igitur
395 5091 462 5138 nos
494 5073 537 5140 ad
570 5084 678 5142 metas
703 5073 916 5158 vocationis,
949 5080 1052 5148 etad

74 5171 259 5257 petendum
277 5167 446 5238 auxilium
456 5167 536 5256 Dei,
563 5175 656 5243 etad
674 5173 896 5265 diligentiam
910 5201 950 5248 ac
966 5202 1053 5270 pru-

75 5271 222 5343 dentiam
240 5268 415 5342 divinitus
432 5287 661 5368 praeceptam.
929 5265 933 5278 ⁵

408 253 414 262 ·
506 217 556 292 x.
605 209 912 290 uxrutcarto
938 207 1352 288 PROVERBIORUM
1377 207 1682 290 SALOMONlS.

2064 213 2114 288 58

1171 381 1232 462 Νι
1253 409 1334 458 cum
1350 381 1477 458 invido
1491 381 1656 458 comedas
1669 409 1822 483 punem,
1847 405 1961 486 neque
1981 411 2110 460 coaeu-

1221 487 1346 584 piscas
1367 487 1465 562 cibos
1487 487 1582 574 eius,
1609 490 1700 590 quia
1720 491 1761 561 r'n
1782 489 2005 561 animosius
2021 501 2109 562 ton-

1115 603 1130 622 *
1222 615 1336 690 quam
1352 601 1531 692 spectrum
1547 601 1610 674 ast,
1636 601 1699 668 etc.

1221 745 1337 838 Supra
1366 749 1477 835 dixit,
1511 749 1727 841 periculosas
1757 771 1829 820 csse
1849 748 2107 821 familiaritates

1118 862 1304 940 potentum
1333 873 1394 920 seu
1422 851 1571 936 aulicas,
1601 852 1730 921 deinde
1755 852 1910 937 monuit,
1943 875 1988 920 ne
2009 863 2106 921 extra

1118 953 1340 1024 vocatiouem
1366 967 1572 1044 appetamus
1594 955 1787 1044 potentiam
1804 967 1838 1021 et
1854 975 1950 1044 opes.
2002 953 2105 1023 Nunc

1118 1067 1258 1138 monet,
1283 1054 1471 1144 fugiendos
1488 1079 1561 1124 esse
1578 1056 1731 1128 invidos.

1221 1170 1316 1243 Sunt
1338 1187 1454 1244 autem
1479 1173 1612 1260 invidi,
1636 1175 1700 1267 qui
1720 1175 1860 1254 dolent,
1887 1175 1975 1243 alios
1993 1176 2106 1244 bonos

1117 1296 1179 1344 seu
1206 1275 1399 1344 mediocres
1421 1275 1542 1368 aliquo
1566 1280 1661 1348 dono
1686 1301 1748 1346 seu
1769 1278 1917 1359 virtute,
1943 1301 2006 1346 seu
2027 1278 2106 1346 aliis

1118 1377 1222 1446 bonis
1237 1377 1342 1446 rebus
1359 1379 1579 1449 antecellere.
1630 1377 1722 1450 Cain
1740 1380 1854 1465 dolet,
1879 1378 2023 1448 fratrem
2040 1404 2106 1449 an-

1117 1479 1280 1548 tecellere
1301 1473 1367 1550 hac
1389 1504 1515 1568 magna
1538 1475 1671 1571 gloria,
1697 1483 1793 1575 quod
1814 1477 1911 1550 Deus
1932 1504 2012 1548 eum
2037 1477 2106 1550 hoc

1119 1582 1261 1669 publico
1284 1583 1489 1653 testimonio
1512 1585 1665 1658 ornavit.
1717 1582 1785 1652 Hic
1808 1583 1912 1652 dolor
1935 1605 2036 1656 causa
2054 1587 2114 1653 est*

1116 1676 1345 1752 horribilium
1365 1685 1540 1754 malorum
1559 1687 1597 1756 iu
1611 1687 1701 1770 vita,
1725 1699 1764 1756 ut
1780 1688 1971 1756 ostendunt
1989 1709 2105 1754 exem-

1117 1785 1175 1876 pla
1196 1783 1308 1870 Cain,
1338 1783 1453 1871 Esau,
1487 1789 1592 1871 Saul,
1626 1787 1753 1874 Marii,
1788 1785 1967 1879 Pompeii,
2002 1801 2035 1858 et
2058 1789 2105 1857 si-

1116 1887 1215 1957 milia
1235 1887 1523 1965 innumerabilia.

1217 2004 1285 2079 Est
1305 2023 1422 2094 atttem
1441 2013 1522 2082 fons
1538 2013 1755 2083 invidentiae
1772 2010 1956 2103 Superbia.
2010 2009 2105 2098 Quia
2217 2065 2221 2078 ‚

1117 2111 1213 2179 enirn
1240 2137 1362 2182 omnes
1395 2109 1559 2186 homines
1590 2116 1718 2186 volunt
1749 2116 1923 2196 eminere,
1959 2126 1993 2182 et
2022 2127 2104 2182 sunt

1116 2209 1346 2309 φιλαρχικοὶ,
1374 2216 1465 2286 sicut
1479 2213 1764 2288 diabolusEvam
1781 2216 1992 2308 alloquitur:
2019 2211 2104 2283 Eri-

1116 2316 1162 2386 tis
1183 2317 1274 2387 sicut
1295 2315 1368 2386 Dii.
1426 2316 1476 2390 Et
1497 2318 1630 2390 Seneca
1652 2321 1785 2413 inquit:
1817 2315 2004 2389 Humanos
2024 2318 2102 2383 ani-

1116 2407 1193 2488 mbs
1215 2419 1339 2508 igneos
1357 2445 1448 2506 esse,
1475 2447 1514 2492 ac
1530 2417 1610 2492 ide'o
1626 2445 1764 2513 sursum
1781 2423 1943 2491 tendere:
1967 2418 2103 2489 Dolent

1117 2517 1298 2607 homines,
1325 2548 1404 2594 cum
1426 2525 1553 2595 vident
1574 2525 1662 2594 alios
1684 2525 1912 2605 antecellere,
1939 2547 1979 2590 ac
2002 2543 2103 2611 prae-

1116 2625 1218 2713 cipue
1239 2649 1318 2694 cum
1338 2623 1404 2695 boc
1422 2628 1575 2710 accedit,
1602 2640 1641 2696 ut
1659 2627 1728 2717 ipsi
1743 2626 1963 2694 deliciantur.
2018 2621 2102 2692 ldco

1114 2725 1284 2818 scriptum
1314 2744 1364 2801 est
1394 2731 1431 2797 in
1463 2727 1639 2798 Siracide:
1674 2727 1847 2817 Superbia
1877 2727 2018 2794 initium
2051 2740 2103 2794 est

1114 2830 1231 2898 omnis
1255 2829 1397 2916 pe'ccati.
1448 2828 1494 2902 Et
1509 2835 1599 2900 adeo
1615 2830 1815 2899 communia
1834 2829 1924 2897 mala
1942 2831 2025 2896 su'nt
2040 2851 2102 2896 su-

1115 2930 1235 3021 perbia
1254 2945 1286 3000 et
1303 2933 1517 3020 invidentia,
1543 2949 1583 3004 ut
1598 2935 1730 3002 dictum
1749 2933 1848 3000 sitin
1869 2929 2005 2998 Graeco
2021 2952 2101 2998 ver-

1114 3057 1176 3113 su,
1217 3034 1338 3132 orpnia
1372 3029 1518 3105 honesta
1552 3059 1689 3118 semper
1720 3033 1881 3102 comitari
1913 3033 2099 3100 invidiam:

1114 3129 1239 3204 oisiaci
1263 3130 1380 3228 σεμνὰ
1402 3130 1526 3208 πάντα
1549 3136 1670 3207 ἕπεται
1694 3127 1853 3228 φθόνος.
1910 3134 1951 3204 Et
1975 3131 2099 3203 Ciccm

1114 3235 1249 3329 inquit:
1276 3237 1390 3308 Labes
1413 3254 1518 3333 atque
1540 3239 1673 3308 macula
1698 3233 1802 3306 buius
1821 3236 1927 3306 seculi
1947 3250 2018 3316 est,
2045 3237 2100 3304 in-

1113 3339 1233 3408 videre
1249 3341 1387 3412 virtuti.
1746 3337 1750 3350 ’

1215 3439 1301 3512 ldeo
1321 3459 1438 3514 autern
1461 3440 1518 3514 hic
1541 3445 1644 3516 dolor
1664 3445 1817 3514 iniustus
1840 3457 1910 3529 est,
1936 3445 2018 3536 quia
2038 3467 2102 3512 nec

1112 3543 1193 3613 Deo
1217 3568 1281 3614 nec
1303 3541 1510 3617 hominibus
1533 3548 1661 3618 tribuit
1683 3549 1856 3620 debitum.
1915 3543 1981 3632 Ut,
2011 3541 2102 3615 Cain

1112 3668 1187 3714 non
1217 3645 1288 3735 agit
1321 3649 1449 3738 gratias
1470 3646 1548 3720 Deo
1569 3651 1686 3720 edenti
1708 3649 1949 3720 testimonium
1972 3649 2016 3744 de
2038 3669 2100 3715 sua

1110 3749 1331 3838 praesentia,
1357 3764 1392 3820 et
1412 3752 1457 3821 de
1471 3750 1679 3822 collectione
1693 3748 1883 3824 Ecclesiae.
1936 3748 2007 3818 Nec
2024 3747 2100 3818 vult

1110 3851 1256 3920 fratrem
1280 3847 1410 3921 habere
1427 3854 1520 3921 dona
1538 3878 1557 3923 a
1577 3852 1652 3924 Deo
1667 3856 1768 3943 data,
1792 3865 1826 3922 et
1841 3865 1960 3943 postea
1977 3851 2099 3919 furens

1111 3952 1235 4020 tollere
1260 3978 1339 4022 eum
1362 3968 1521 4025 conatur.
1582 3955 1641 4026 Sic
1665 3969 1699 4025 ct
1723 3952 1810 4026 Saul
1832 3977 1906 4023 non
1930 3952 2000 4040 agit
2022 3949 2098 4020 Deo
2128 3987 2130 3990 ·

1110 4055 1237 4143 gratias
1259 4079 1324 4146 pro
1349 4057 1470 4125 multis
1493 4057 1686 4140 beneficiis,
1717 4057 1812 4149 quod
1835 4077 1899 4144 pet
1922 4051 2099 4146 Davidem

1111 4170 1145 4227 et
1169 4157 1371 4227 testimonia
1396 4162 1456 4228 dat
1474 4153 1669 4242 Ecclesiae,
1695 4175 1729 4228 et
1748 4157 1875 4227 tribuit
1898 4157 2028 4226 multas
2043 4155 2099 4224 vi·
2165 4197 2169 4206 ·

1110 4258 1238 4328 ctorias
1261 4284 1325 4331 suo
1348 4283 1469 4349 regno.
1520 4259 1593 4330 Nec
1612 4264 1686 4331 vult
1700 4257 1874 4329 Davidem
1890 4251 2022 4328 habere
2036 4257 2099 4328 illa

1109 4362 1202 4430 dona
1225 4385 1244 4429 a
1267 4359 1344 4432 Deo
1368 4363 1516 4447 tradita,
1548 4363 1751 4433 incenditur
1773 4360 2037 4450 indignatione,
2063 4374 2099 4430 et

1109 4463 1301 4533 insidiatur
1316 4465 1391 4533 eins
1410 4464 1513 4534 vitae.
1943 4526 1944 4536 ,

1213 4563 1379 4636 Vicinum
1411 4580 1463 4636 est
1488 4569 1615 4638 vitium
1641 4560 1933 4661 ἐπιχαιρεκακία,
1973 4565 2097 4648 idest,

1107 4667 1244 4738 laeticia
1277 4670 1315 4739 in
1342 4669 1539 4739 calamitate
1562 4671 1736 4738 iustorum
1762 4690 1822 4737 seu
1844 4666 2096 4750 tolerabilium‚

1107 4783 1147 4838 ut
1185 4771 1351 4841 diabolus
1396 4771 1680 4844 manifestissime
1718 4785 1769 4840 est
1807 4763 2093 4860 ἐπιχαιρέκακος.

1107 4869 1204 4942 Haec
1228 4875 1313 4944 vitia
1337 4867 1497 4941 hocloco
1514 4875 1747 4957 damnantur,
1774 4885 1808 4940 ct
1824 4872 2016 4940 traduntur
2031 4875 2094 4938 ad·

1108 4975 1321 5046 monitiones
1337 4977 1382 5045 de
1397 4973 1564 5064 fugienda
1582 4976 1747 5046 societate
1762 4973 1966 5041 invidorum
1985 4985 2018 5040 ct
2035 4995 2095 5042 su-

1076 5083 1081 5194 ρ
1106 5077 1306 5164 spiracium.
1370 5073 1457 5148 ltem
1478 5079 1522 5147 de
1544 5101 1625 5148 vera
1646 5073 1893 5148 benevolentia
1916 5075 2033 5143 cordis
2057 5076 2095 5142 in

1106 5180 1275 5250 omnibus
1288 5180 1415 5249 officiis
1430 5183 1651 5271 praestanda.

1208 5278 1258 5353 Ut
1277 5296 1493 5352 caeteramm
1517 5281 1689 5354 virtutum
1705 5281 1806 5352 initia
1820 5293 1903 5350 sunt
1918 5304 1937 5349 a
1953 5279 2098 5364 indicio,

1106 5382 1290 5482 voluntate
1315 5395 1349 5454 et
1373 5383 1498 5452 corde:
1536 5383 1585 5454 ita
1610 5397 1645 5456 et
1671 5383 1900 5456 beneficentia
1927 5383 2031 5452 debet
2056 5407 2096 5451 ex
