4622 5818
64 133 137 214 985
321 127 408 208 xtt.
463 124 859 210 acutoudutotuts
883 127 953 210 ΕΤ
976 124 1263 212 CONCIONES
1288 131 1339 209 ΙΝ
1364 129 1550 217 EVANG.
1576 131 1861 220 numum.
2023 141 2101 218 986

62 303 257 380 tractionss
284 300 541 393 Ecclesiamm,
571 304 852 402 persecutiones,
881 299 1053 378 mirums-
1102 319 1139 378 ct
1155 305 1367 392 seditiones,
1392 321 1433 382 ut
1447 323 1530 382 ante
1546 305 1699 403 Augusti
1715 311 1905 404 imperium
1922 313 2095 407 priusdi·

62 421 116 490 ta,
141 421 178 479 et
197 408 414 480 adlicientur
436 408 586 493 dolore.
603 417 639 484 et
654 407 768 480 sciant
782 431 848 480 nos
862 431 883 480 a
896 405 974 480 Deo
989 430 1053 500 pec
1103 406 1280 480 micarunt
1296 408 1501 482 intercede
1517 436 1655 484 summa
1671 414 1828 506 potentio
1843 413 1943 510 Sylla
1958 430 1994 489 et
2010 413 2093 488 Ms-

61 504 123 580 has
153 533 293 601 poenas
332 509 597 584 commonefieri
626 512 673 582 de
701 510 824 584 tuturo
850 508 984 582 iudicio
1016 521 1052 582 ct
1102 508 1198 596 rios,
1230 523 1349 601 posteo
1381 509 1493 584 lulius
1519 527 1554 586 et
1581 511 1792 610 Pompeios,
1824 518 1953 590 deinde
1973 513 2092 588 Anto-

60 611 214 684 aeternis
232 612 369 705 poenis.
1102 611 1203 699 nius,
1228 607 1383 698 Brutos,
1407 612 1568 704 Cassius,
1594 619 1707 689 donec
1731 618 1876 690 tandem
1901 621 2013 692 lactus
2037 633 2092 690 est

156 713 239 784 Alii
259 713 329 806 pii,
354 707 418 807 qhi
438 713 564 786 dolent
583 723 729 806 propter
747 735 827 786 suas
843 726 879 786 et
892 709 1051 804 publicas
1101 707 1293 786 monarche
1316 709 1509 806 Angustus.

57 814 238 900 miserias,
278 828 481 907 proponant
515 815 585 886 sibi
621 815 899 900 consolationes,
938 811 1052 885 sciant
1202 814 1274 887 Sed
1315 817 1567 888 ecclesiasticae
1601 817 1827 892 confusiones
1857 835 1942 894 sunt
1976 822 2090 914 magis

19 919 27 943 ¹
57 919 152 1010 quod
183 916 283 988 tilius
306 914 376 987 Dei
406 939 487 987 uere
510 916 603 990 adsit
623 939 708 986 suae
728 913 927 1002 Ecclesiae,
960 915 1050 986 sicut
1079 917 1322 1011 perspicuae,
1348 930 1383 990 et
1399 934 1481 991 sunt
1496 921 1596 1011 signa
1610 921 1790 1014 propiora.

57 1017 192 1111 inquit:
226 1016 321 1088 Ecce
342 1041 407 1108 ego
431 1018 614 1090 vobiscum
635 1040 715 1088 sum
736 1018 904 1090 omnibus
924 1017 1049 1088 diebus
1201 1013 1505 1114 Sicutantequam
1521 1019 1924 1096 natusestChristusex
1941 1023 2089 1113 virgine,

44 1141 165 1214 -usqne
179 1121 227 1189 ad
246 1120 588 1192 consummationem
604 1119 726 1191 seculi.
1099 1119 1244 1191 luerunt
1265 1119 1304 1188 in
1322 1122 1451 1192 lndaea
1469 1119 1667 1206 Pharisaei,
1695 1123 1911 1210 Sadducaei,
1938 1136 1972 1194 et
1997 1125 2087 1194 eliae

153 1231 287 1308 &aiae
301 1234 379 1312 46.:
404 1235 480 1327 Ego
492 1237 636 1327 gestabo
650 1260 714 1309 vo,
726 1236 832 1308 etiam
847 1236 887 1306 in
900 1249 1048 1310 senecta,
1099 1236 1211 1293 sertae
1232 1221 1369 1313 plures,
1397 1211 1432 1295 et'
1446 1224 1676 1297 pontificatus
1696 1227 1765 1298 sois
1778 1228 2001 1298 mundanum
2018 1226 2088 1294 im·

54 1335 148 1408 Hace
171 1337 375 1411 consolatio
398 1351 452 1410 est
474 1339 680 1433 praecipua,
706 1352 803 1411 certo
818 1339 926 1430 scire,
951 1340 1048 1433 quod
1097 1324 1256 1424 perium,
1289 1325 1405 1396 simile
1429 1323 1591 1412 elhssiffl,
1624 1327 1820 1415 Hircomlt,
1844 1325 2086 1419 Aristobulffl,

56 1439 242 1510 nobiscnm
267 1442 354 1512 adlit
375 1440 469 1511 filius
484 1437 571 1526 Dei,
595 1455 629 1512 ct
649 1442 742 1512 adsit
765 1441 865 1521 idco,
890 1454 931 1512 ut
954 1434 1048 1511 banc
1097 1422 1322 1518 Αὓῑῐεῡῐὶῡδ,
1355 1428 1451 1500 inter
1476 1454 1513 1500 se
1544 1431 1764 1503 dimicabant
1794 1431 1838 1502 de
1861 1426 2086 1514 Ρθΰῐῐῧΰὸῑῦ,

55 1540 242 1628 miseram,
269 1542 467 1629 adflictam,
492 1565 736 1614 aerumnosam
758 1556 893 1635 partem
908 1543 1047 1632 generis
1098 1541 1133 1599 01
1160 1530 1323 1600 ‘mebant
1350 1527 1601 1603 Pontificatum
1631 1532 1802 1604 avitinis
1831 1532 1975 1622 regibus
2001 1545 2035 1602 et
2063 1553 2085 1602 s

55 1636 223 1735 humani,
252 1667 343 1737 quae
360 1643 477 1732 ipsum
495 1645 652 1734 agnoscit
670 1659 703 1718 et
721 1645 882 1726 invocat,
908 1657 1047 1714 §utien-
1096 1626 1271 1701 Romanis
1286 1627 1535 1720 praesidibus,
1560 1634 1623 1704 dlii
1644 1635 1692 1708 ab
1711 1635 1810 1705 filiis:
1834 1633 1884 1704 ita
1907 1645 2085 1724 postremo

53 1754 99 1814 tet
120 1757 154 1815 02
176 1758 310 1819 servet,
363 1743 461 1817 Haec
476 1747 671 1817 consolatio
689 1768 827 1837 ,emper
842 1760 877 1816 ει
891 1745 1047 1834 diligen.
1096 1744 1255 1824 tempore
1279 1735 1478 1805 antediem
1501 1735 1626 1806 iudicii
1648 1737 1779 1807 similia
1802 1735 1895 1805 mala
1919 1748 2024 1806 erunt
2045 1733 2085 1802 in

55 1843 186 1916 tissime
210 1846 469 1918 consideranda
492 1860 556 1922 est,
613 1845 687 1918 Nec
708 1848 916 1938 magnitudo
938 1842 1046 1916 huius
1096 1832 1272 1920 Ecclesia,
1297 1849 1338 1906 ul
1363 1830 1424 1907 hic
1444 1836 1579 1908 dicitur
1597 1839 1642 1908 de
1665 1837 1781 1909 seclis:
1808 1835 1920 1908 Mulli
1940 1836 2086 1906 venieni

53 1955 166 2017 tantae
188 1946 457 2019 misericordiae
474 1948 627 2038 intelligi
642 1962 790 2040 potesta
809 1947 956 2033 securis,
981 1948 1045 2043 qui
1096 1935 1267 2005 dicenlffli
1294 1931 1369 2024 ¹38⁰
1386 1961 1464 2008 ³⁰¹⁰
1482 1934 1659 2013 Obrim-
1713 1936 2085 2009 llemlffliesslmllffi

54 2068 123 2116 non
136 2049 361 2122 adliciuntur
374 2073 478 2122 sensu
494 2050 740 2122 communium
758 2048 995 2121 miseriarum.
1095 2033 1481 2129 Pseudoprophetas&
1499 2041 1676 2131 decipient
1690 2041 1839 2123 multos,
1861 2039 1951 2110 situl
1967 2037 2085 2110 moni-

1095 2139 1221 2208 festum
1240 2152 1307 2224 est,
1332 2135 1389 2210 his
1401 2141 1532 2212 nostris
1545 2143 1648 2211 annis
1660 2141 1769 2212 luisse
1782 2139 2083 2212 multosPseudo·

1095 2234 1303 2331 prophetas,
1329 2241 1596 2335 Anabaptistas,
1623 2243 1930 2315 Stenckleldianos
1945 2255 1979 2311 et
1992 2242 2082 2310 alios

1094 2342 1242 2410 multos:
1269 2343 1435 2414 andimus
1449 2345 1581 2415 multos
1597 2342 1770 2416 fanaticos
1784 2340 1949 2416 homines
1964 2338 2082 2414 adhuc

1094 2443 1133 2512 iu
1147 2439 1291 2532 Belgica
1307 2457 1341 2514 ot
1354 2446 1393 2514 in
1410 2447 1488 2516 ollis
1502 2447 1590 2517 locis
1607 2446 1739 2537 vagari.

151 2553 185 2624 l.
237 2549 414 2648 Physicae
443 2551 684 2636 turbationes,
718 2556 953 2650 cogeminiimt
981 2575 1041 2632 one
1192 2542 1413 2618 Nominatim
1438 2562 1554 2619 antem
1577 2545 1636 2620 hic
1653 2549 1741 2622 dicit
1755 2550 1800 2619 de
1816 2546 2081 2618 abominatione

56 2653 198 2747 otbttonp
215 2656 254 2728 in
272 2653 470 2750 notllttidpen
485 2655 613 2749 bingen.
792 2736 796 2746 Ι
1091 2645 1343 2730 desolationis,
1366 2650 1404 2718 id
1428 2662 1498 2734 est,
1523 2653 1566 2720 de
1593 2651 1713 2735 ldolo,
1740 2651 1835 2745 quod
1861 2650 1945 2719 lacit
1966 2661 2082 2718 vasta·

150 2762 187 2830 2.
240 2753 413 2829 Politicac
434 2758 674 2848 turbationes,
700 2769 741 2828 ut
763 2759 889 2832 ruinae
911 2783 1041 2852 regno·
1091 2749 1227 2818 tionem
1257 2750 1514 2836 univemiffltr
1545 2770 1621 2828 ”⁰¹11
1646 2750 1785 2844 (335th
1818 2755 1874 2825 bil
1896 2751 1977 2823 ⁰11⁰ss
1999 2747 2081 2838 milii

55 2876 146 2939 rum,
172 2857 362 2953 pttslitonp
377 2862 432 2933 bec
448 2856 571 2952 groffctt
588 2857 701 2950 Sirio).
1090 2848 1229 2945 mudptl,
1255 2852 1383 2937 idest,
1409 2878 1480 2946 qno
1504 2869 1662 2928 vastatur
1682 2853 1841 2927 Ecclesia
1864 2864 1949 2924 ton.
2009 2849 2080 2922 Hic

145 2959 185 3031 S.
238 2955 505 3032 Ecclesiasticae
519 2962 784 3047 tribulationes,
809 2959 1040 3051 ntHaereses,
1089 2951 1302 3042 intelligitur
1329 2955 1533 3026 idololatria
1562 2956 1707 3050 propria
1731 2956 1885 3049 Papstus
1908 2951 2077 3025 Romani.

54 3051 245 3133 Schismata
253 3111 266 3146 ,
291 3059 467 3155 Papatus,
491 3064 526 3136 in
541 3061 739 3158 berssirmen
747 3111 759 3150 ,
785 3061 924 3154 uector,
949 3065 1055 3144 ilion¹
1088 3051 1186 3125 Haec
1202 3054 1407 3128 idololatria
1423 3070 1474 3127 est
1489 3058 1625 3130 idolum
1642 3059 1763 3129 omnis
1778 3071 1928 3130 vastans.

56 3165 121 3248 tto,
146 3161 306 3256 Repeto).
1023 3227 1029 3238 ,
1190 3152 1361 3230 Consistit
1388 3173 1505 3230 antem
1535 3162 1575 3232 in
1606 3157 1663 3233 his
1692 3174 1846 3256 quatuor
1872 3157 2010 3249 magnis
2042 3169 2076 3228 et

45 3303 48 3308 ·
143 3262 199 3337 De
230 3260 389 3360 physicis
412 3264 570 3357 exempla
594 3263 767 3338 videmus.
835 3265 1038 3340 Nascuntur
1088 3258 1288 3350 praecipuit
1304 3262 1497 3332 ermribns.

53 3361 156 3436 multa
178 3381 360 3448 monstra,
392 3365 498 3437 multi
519 3369 663 3438 luerunt
686 3366 871 3456 Cometae,
903 3385 1037 3444 terrae.
1191 3362 1224 3430 1.
1278 3359 1371 3450 Quia
1396 3361 1492 3454 Papa
1523 3361 1617 3434 delet
1645 3360 1845 3434 doctrinam
1872 3362 1918 3431 de
1940 3359 2076 3430 iustitis

52 3478 182 3554 motus,
207 3468 353 3562 sanguis
368 3466 484 3559 erupit
499 3491 539 3537 ex
558 3483 650 3539 terra
666 3469 704 3538 in
720 3457 933 3562 quibusdam
948 3473 1036 3544 locis
1086 3460 1170 3530 fidei
1185 3473 1312 3547 totam,
1337 3477 1371 3536 et
1384 3464 1556 3556 praecipit
1570 3463 1842 3541 dubitationem.
1893 3462 1940 3534 Et
1954 3462 1994 3533 in
2006 3456 2074 3532 hoc

54 3559 87 3632 iu
108 3569 239 3641 ducatu
261 3569 372 3643 Ducis
392 3565 539 3639 Henrici
559 3566 852 3658 ansuicensis,
884 3589 1035 3667 pereunt
1087 3585 1208 3634 0²¹⁰oe
1223 3563 1327 3634 multi
1344 3566 1406 3634 31ῑὶ
1420 3561 1785 3658 comprehenduntur·

53 3663 172 3757 troges.
230 3665 281 3742 Et
303 3681 417 3741 textus
438 3672 483 3740 dc
502 3664 657 3765 physicis
677 3671 811 3766 inquit:
843 3673 959 3748 Erunt
980 3677 1034 3747 ta-
1186 3669 1224 3739 2.
1276 3663 1370 3756 Quia
1393 3667 1495 3738 finxit
1515 3667 1640 3739 taleam
1657 3661 2075 3740 adorationemetmeri-

54 3787 136 3855 mes,
161 3772 384 3862 pestilentiae
401 3784 436 3842 et
452 3785 693 3847 terraemotus.
1084 3779 1161 3839 tom
1178 3767 1218 3836 in
1233 3765 1360 3852 Missa,
1383 3772 1556 3861 depravat
1571 3783 1682 3840 totam
1696 3791 1843 3841 coenam
1859 3765 2022 3838 Domini.

144 3871 214 3943 Sed
241 3872 384 3965 politica
408 3886 491 3944 sunt
515 3873 674 3943 clariora.
728 3873 960 3948 Manifestum
981 3893 1033 3950 est
1188 3874 1228 3943 8.
1278 3869 1372 3960 Quia
1393 3871 1496 3942 finxit
1522 3867 1684 3944 ethnicos
1704 3871 1840 3957 cultus,
1873 3864 2072 3938 invocatio·

54 3969 154 4042 molta
179 3998 288 4064 regna
311 3998 434 4061 ruore,
460 3977 522 4069 top
545 3975 595 4049 tie
616 3974 945 4074 prudentissimus)
968 4002 1031 4070 sets
1080 3993 1165 4042 nem
1182 3985 1417 4046 mortuorum.

53 4062 293 4153 locuuntur.
1186 4078 1222 4148 4.
1274 4071 1367 4162 Quia
1399 4072 1501 4143 tinxit
1531 4069 1693 4144 ethnicos
1715 4073 1851 4157 cultos,
1883 4083 1964 4144 vota
1986 4065 2072 4138 Mo-

144 4175 391 4270 Hungaricum
408 4177 550 4269 penitus
565 4179 701 4252 cecidit.
751 4179 1030 4275 Principatnsin
1081 4169 1279 4244 nachorurn
1295 4190 1330 4246 et
1344 4175 1414 4244 alia
1428 4197 1534 4265 opera
1550 4177 1596 4246 ab
1610 4171 1819 4246 hominibus
1834 4173 2038 4262 excogitata.

54 4264 236 4353 Germania
260 4281 365 4351 etiam
390 4293 474 4352 sunt
496 4280 724 4368 infirmiores,
751 4307 857 4377 quam
870 4308 1029 4380 unquam
1184 4274 1281 4346 Haec
1303 4278 1424 4347 omnio
1440 4277 1547 4348 simol
1560 4292 1646 4349 sunt
1659 4278 1751 4349 illud
1765 4276 1902 4350 idolum
1917 4286 2072 4357 vastans,

42 4369 198 4454 ¹suerunt.
1081 4379 1176 4471 quod
1194 4378 1368 4447 antecedit
1384 4378 1478 4448 diem
1495 4379 1633 4456 iudicii.

144 4479 265 4575 Regna
296 4495 448 4568 caetera,
488 4481 717 4569 Polonioum,
758 4481 956 4571 Gallicum,
994 4502 1031 4561 et
1183 4475 1231 4550 Et
1260 4492 1399 4570 oportet
1424 4481 1531 4572 paulo
1554 4496 1637 4553 ante
1657 4481 1808 4554 revelari
1828 4476 1898 4552 hoc
1919 4477 2070 4561 idolum,

48 4567 244 4671 Anglicum,
262 4579 399 4658 habent
412 4585 495 4655 satis
508 4608 653 4675 magnas
665 4587 894 4662 turbationes.
931 4589 1028 4661 Tur·
1081 4580 1172 4654 sicul
1187 4603 1283 4651 nunc
1300 4581 1389 4652 latia
1405 4596 1456 4650 0⁵1
1471 4584 1651 4657 revelatio·

56 4675 156 4751 ocum
172 4689 274 4756 etiarn
293 4711 402 4779 prope
415 4686 519 4755 finem
537 4701 599 4756 est.
1181 4681 1278 4754 Haec
1299 4686 1342 4752 de
1365 4683 1474 4773 signis
1498 4686 1653 4756 breviter
1675 4683 1875 4760 dictasint.
1926 4679 2068 4751 Deinde

142 4779 187 4857 Et
215 4788 374 4860 videmas
403 4788 513 4878 magis
537 4787 718 4881 magisque
740 4811 893 4862 crescere
916 4815 1024 4864 onera
1077 4807 1201 4856 rursus
1217 4799 1410 4878 sequentur
1425 4787 1684 4859 consolationes
1700 4803 1735 4862 et
1749 4784 2024 4858 admonitiones.

55 4881 306 4971 expilationum,
334 4903 367 4960 ct
381 4889 456 4958 fieri
472 4889 622 4960 maiores
633 4892 858 4963 confusiones
871 4894 910 4966 in
925 4898 1025 4965 omni

53 4979 302 5065 subornatione.
351 4987 486 5060 Omnia
508 5007 592 5064 sunt
614 4994 718 5084 plena
743 4995 1024 5084 latrociniorum,

56 5087 190 5172 Populus
204 5089 410 5164 exhauritur
424 5093 502 5162 sine
515 5095 634 5169 modo.
1172 5089 1392 5186 Quanquam
1415 5095 1514 5162 varie
1531 5095 1660 5167 mixtae
1675 5108 1758 5166 sunt
1774 5088 1833 5164 hic
1847 5088 2067 5164 admonitio·

140 5186 184 5264 Et
204 5217 343 5286 semper
361 5196 505 5298 qipando
527 5196 673 5268 luerunt
696 5210 878 5269 secuturae
892 5221 1022 5289 regno·
1075 5217 1154 5277 nes,
1181 5208 1297 5266 tamen
1320 5195 1432 5264 lector
1454 5196 1645 5286 diligenter
1667 5196 1865 5267 consideret
1887 5192 2064 5263 discrimi-

55 5297 122 5356 'llm
142 5295 369 5389 mutationes,
391 5311 653 5388 praecesserunt
674 5300 795 5373 civiles
810 5301 1019 5390 discordias,
1072 5320 1135 5370 ns.
1184 5295 1231 5370 Et
1247 5320 1312 5388 ego
1326 5296 1482 5390 primum
1501 5301 1546 5369 de
1560 5297 1868 5371 admonitionibus
1881 5295 2008 5367 dicam·

361 2283 410 2336 Dc
435 2282 547 2336 tertlo
573 2285 732 2338 membro.

205 2403 411 2493 Quaerunt
428 2401 552 2491 signa?
603 2401 697 2475 Sunt
714 2402 881 2494 triplicia.

1193 4915 1196 4930 Ι
1250 4946 1331 5051 Qui
1343 4949 1382 5024 s'n
1398 4962 1486 5025 tecto
1502 4963 1572 5037 est,
1598 4979 1672 5027 non
1689 4949 1893 5028 descendat.
