4714 5826
148 121 153 144 ’
251 171 320 250 aar
2198 161 2265 242 ιω
2311 259 2315 274 Ι

1393 329 1564 404 Tenenda
1580 345 1632 404 est
1647 331 1756 423 igitur
1768 332 1890 424 regula
1913 325 1973 404 bic
1992 351 2094 422 saepe
2109 335 2263 426 repetita:

251 452 286 510 et
298 436 581 508 deliberativum.
622 431 723 504 Haec
738 433 945 506 distributio
962 447 1015 506 est
1032 459 1238 506 commone-
1290 429 1451 505 Obcdias
1474 435 1583 506 verbo
1606 432 1695 526 Dei,
1721 450 1756 507 et
1775 436 1845 527 ipsi
1868 434 2095 504 commendes
2117 451 2266 522 eventus,

251 539 358 611 lartio
394 540 439 608 de
464 535 726 607 considerando
761 535 912 605 consilio
945 558 1007 606 scu
1036 535 1237 608 intentione
1290 536 1373 629 qnia
1391 534 1594 608 certollcns
1618 537 1839 609 iudicaturus
1864 547 1926 610 est.
1977 530 2074 605 Haec
2096 538 2213 627 regula
2234 549 2267 608 et

254 640 460 726 scribentis,
485 662 545 708 scu
560 640 604 707 de
619 639 688 706 fine
707 636 890 709 orationis.
930 657 933 668 ·
1289 636 1377 706 alibi
1392 649 1496 730 saepe
1511 637 1658 730 repetita
1672 652 1741 723 est,
1763 651 1804 710 nt
1818 635 1948 707 Psalm.
1958 633 2036 708 tt:
2052 634 2265 708 Commentis

358 771 519 841 Primum
536 769 646 857 igitur
661 769 705 838 de
720 767 813 838 libro
828 767 1050 847 Salomonis,
1076 767 1133 837 cul
1151 769 1238 839 titn-
1290 737 1370 810 ΠΕΟ
1385 739 1478 808 Vim
1493 753 1612 830 ²¹¹³l¹¹2
1636 752 1672 858 fl
1691 763 1791 832 ῬΜ
1815 740 1855 808 ῙΠ
1878 761 1977 822 ‘⁰¹¹¹’
2003 751 2038 856 {²²
2061 738 2136 830 ἰΡιε
2157 740 2265 810 fidel·

256 875 313 944 lus
326 885 397 944 est:
424 869 668 955 Ecclesiastes,
692 865 761 938 hoc
777 870 879 956 dico,
904 863 1135 964 principalem
1157 892 1238 960 par·
1290 837 1368 910 11⁸⁰
1388 841 1509 931 ¹⁰8⁰st
1532 854 1724 913 ²⁰n⁵¹¹¹¹¹¹³
1746 854 1944 937 ⁸²q¹¹¹¹¹¹¹⁰⁰
1960 841 2091 911 diffidi
2112 841 2266 910 ⁶⁰⁰⁸⁰l⁸·

258 991 330 1046 tcm
349 997 426 1044 csse
438 973 655 1056 doctrinam,
680 971 862 1056 videlicet,
887 971 1180 1040 asseverationem
1194 973 1238 1041 dc
1292 941 1418 1015 ²3⁰¹¹²⁸0
2127 1029 2129 1036 ,

258 1075 498 1168 providentia,
524 1069 592 1144 boc
614 1085 685 1152 est,
708 1075 752 1141 de
769 1067 837 1141 boc
851 1072 1001 1142 articulo
1017 1071 1117 1157 fidei,
1143 1073 1238 1166 quod
1393 1067 1543 1144 Etiamsi
1558 1093 1705 1162 magnae
1717 1086 1801 1143 sunt
1814 1071 2039 1142 confusiones
2053 1071 2190 1161 generis
2204 1064 2267 1139 bu·

258 1179 354 1249 Dens
377 1199 458 1246 vere
482 1174 528 1243 sit
551 1175 657 1244 index
686 1185 778 1242 recte
800 1186 834 1242 et
857 1195 960 1242 scens¹
976 1173 1170 1259 factorum,
1199 1198 1241 1244 ac
1293 1174 1404 1246 mani.
1457 1173 1614 1244 Maxima
1634 1185 1686 1243 est
1702 1174 1897 1245 multitudo
1923 1175 2134 1267 impiorum,
2159 1185 2193 1242 et
2213 1171 2266 1238 iu·

258 1279 344 1350 velit
355 1302 421 1347 nos
438 1289 531 1345 recta
546 1276 676 1356 facere,
701 1287 736 1342 et
750 1274 917 1344 iacientes
931 1289 1024 1343 recta
1044 1275 1140 1346 iuxta
1159 1299 1240 1345 vcr-
1298 1276 1382 1346 iusti
1406 1287 1527 1345 tenent
1547 1274 1717 1367 imperia,
1741 1275 1825 1346 insti
1839 1276 2109 1366 opprimuntur,
2134 1273 2170 1343 ct
2191 1271 2267 1361 plu·

257 1383 345 1451 bum
377 1392 411 1450 ct
449 1377 669 1446 vocationem
702 1376 771 1465 ipsi
802 1376 1050 1445 commendare
1083 1389 1243 1461 eventus,
1293 1377 1381 1445 rima
1403 1376 1552 1445 consilia
1581 1372 1768 1446 hominum
1800 1377 1877 1446 sine
1905 1374 1981 1446 Deo
2011 1391 2096 1446 aunt
2121 1371 2266 1442 inutilia.

260 1479 399 1554 etiarnsi
421 1479 526 1548 multi
552 1477 671 1565 magni
696 1477 834 1551 labores
858 1477 1026 1546 videntur
1046 1500 1119 1546 esse
1135 1478 1242 1562 ¹irriti,
1296 1476 1370 1547 lmo
1386 1492 1420 1547 et
1436 1479 1574 1548 labores
1589 1477 1730 1569 piorum
1744 1478 1785 1544 in
1801 1491 1896 1548 tanta
1912 1475 2133 1549 contumacia
2147 1473 2266 1564 impiae

716 101 719 110 ’
837 163 965 246 antu
990 161 1107 290 unt.
1132 164 1342 243 scnnra
1367 161 1670 242 nxnoanca,

251 335 373 408 loricis
394 331 526 407 libellis
549 293 678 423 genera
702 333 973 417 discernuntur,
998 333 1237 404 didascalicon

257 1597 298 1654 ut
320 1583 458 1652 labores
482 1576 669 1662 ieremias,
704 1600 909 1670 quanquam
938 1601 1012 1647 non
1040 1579 1241 1668 impediunt
1282 1579 1536 1650 multitudinis
1550 1591 1584 1648 et
1597 1578 1785 1670 fugacitate
1800 1573 2068 1649 vitaevidcntur
2084 1600 2157 1648 esse
2171 1573 2267 1654 irriti,

198 1707 200 1716 ¹
260 1683 436 1777 excidium
452 1680 605 1770 patriae,
630 1692 748 1749 tamen
770 1691 853 1749 sunt
869 1680 1050 1750 salutares.
1101 1676 1242 1751 Rrarsus
1295 1693 1329 1751 et
1342 1679 1596 1772 aliquantisper
1610 1682 1700 1749 benc
1715 1681 1925 1750 constitutae
1941 1677 2120 1750 Ecclesiae
2135 1689 2168 1748 et
2183 1673 2265 1744 civi-

261 1786 366 1854 ctiam
391 1784 487 1852 iubet
510 1795 605 1851 certo
629 1795 781 1851 statuere
797 1780 911 1850 Dcum
935 1781 1144 1871 puniturum
1169 1805 1243 1850 esse
1296 1795 1383 1852 tates
1398 1781 1469 1853 cito
1487 1783 1694 1866 turbantur,
1719 1795 1838 1851 tamen
1860 1804 1934 1851 non
1956 1783 2116 1853 discedas
2137 1797 2267 1864 aregu-

260 1909 335 1954 non
353 1897 446 1954 recte
466 1883 650 1962 facientes,
677 1881 811 1952 etiamsi
829 1880 1008 1952 interdum
1027 1881 1243 1953 differuntur
1295 1883 1346 1951 la:
1372 1879 1606 1971 Obtempcres
1621 1883 1718 1972 Deo,
1745 1896 1779 1953 et
1799 1882 1838 1952 in
1859 1884 1936 1974 ipso
1953 1884 2109 1964 laeteris,
2134 1901 2196 1947 nec
2210 1876 2268 1942 ab·

260 2009 405 2080 poenae.
1296 1983 1393 2053 licias
1414 1985 1599 2054 mandatos
1626 1984 1766 2056 labores
1785 2000 1820 2057 ct
1842 1987 2003 2054 ordinem
2027 2007 2046 2053 a
2069 1982 2148 2052 Deo
2171 1973 2267 2047 insti·

363 2117 462 2188 Haec
487 2113 697 2184 asseveratio
722 2116 766 2184 de
788 2109 1012 2204 providentia
1034 2128 1085 2184 cst
1106 2114 1241 2214 princi·
1295 2089 1423 2156 ‘⁰¹⁰³'-

261 2219 352 2312 palis
366 2241 448 2312 pars
461 2216 558 2289 libri.
611 2212 706 2303 Quia
722 2239 806 2284 vero
833 2216 998 2286 turbatur
1021 2219 1176 2316 assensio
1199 2220 1243 2287 de
1395 2214 1473 2287 Hae
1488 2216 1748 2290 consolationes
1763 2242 1863 2308 saepe
1878 2231 2105 2308 repetuntur,
2118 2215 2178 2285 sed
2192 2219 2266 2279 sunt

260 2319 484 2414 providentia
513 2313 746 2388 horribilibus
770 2317 1038 2387 confusionibus
1061 2319 1152 2388 vitae
1175 2317 1244 2389 bu·
1296 2331 1472 2390 extructae
1484 2342 1590 2410 supra
1611 2321 1904 2390 asseverationem
1926 2321 1970 2388 dc
1993 2313 2213 2410 providentia
2236 2321 2267 2377 ct

261 2444 405 2506 manae,
430 2418 706 2510 videlicetqnod
721 2417 825 2488 multi
844 2417 1000 2501 labores,
1026 2441 1066 2486 ac
1084 2419 1244 2512 plerique
1296 2419 1340 2486 de
1358 2434 1508 2491 venturo
1535 2422 1686 2504 indicio,
1717 2435 1757 2492 ut
1779 2445 1855 2518 cap.
1880 2421 1915 2492 d.
1942 2422 2044 2493 dicit:
2081 2419 2268 2491 lucrumst

261 2545 389 2612 magna
405 2523 521 2612 specie
538 2517 732 2611 sapientiae
756 2519 928 2608 suscepti.
953 2521 1013 2588 sed
1040 2520 1118 2590 sinc
1140 2544 1244 2590 man·
1296 2518 1447 2609 impium
1475 2521 1647 2592 iudicabit
1667 2521 1777 2598 Deus.
1836 2519 1883 2591 Et
1916 2546 1991 2613 cap.
2025 2522 2107 2593 uln:
2142 2516 2268 2591 Cuncta

262 2626 370 2708 dato,
396 2621 509 2714 aliqui
526 2621 630 2689 etiarn
647 2621 799 2712 suscepti
824 2621 919 2689 iuxta
937 2622 1102 2691 mandata
1126 2615 1164 2692 et'
1180 2648 1244 2692 vo-
1297 2643 1386 2712 quac
1400 2622 1489 2692 fiunt
1503 2623 1654 2692 adducet
1668 2619 1763 2692 Deus
1775 2622 1814 2690 in
1832 2623 2016 2693 iudicium.
2048 2623 2099 2694 Et
2114 2643 2189 2716 cap.
2200 2613 2267 2686 tt:

264 2725 437 2798 sationem
455 2722 625 2793 videntur
647 2721 753 2795 irriti.
806 2718 894 2791 Item
912 2717 1070 2792 Ecclesia
1087 2724 1243 2794 subiecta
1296 2719 1367 2792 Pro
1399 2725 1567 2794 omnibus
1595 2718 1654 2792 his'
1682 2725 1833 2795 adducet
1851 2737 1886 2794 te
1905 2723 2002 2794 Deus
2031 2723 2072 2794 in
2092 2718 2268 2792 indicium.

263 2840 316 2898 0⁸2
332 2825 445 2911 cruci,
462 2837 495 2896 el
512 2824 595 2894 iusti
610 2823 829 2912 affliguntur.
847 2824 970 2894 iniusti
987 2848 1071 2893 vero
1086 2839 1245 2915 regnant,
1297 2822 1353 2892 Ad
1373 2819 1440 2895 hoc
1455 2825 1725 2896 fundamentum
1740 2825 1947 2916 adiungitur
1960 2838 2185 2924 praeceptum
2200 2837 2268 2903 cap,

165 2977 174 2986 '
262 2942 386 3000 *ΕΜ
408 2927 556 3016 impeffi
581 2938 615 2994 ‘²
631 2948 737 3022 ⁰P⁰⁸t
763 2938 805 2995 ¹¹¹
825 2923 935 2994 Tur&
951 2937 984 2995 θῑ
1001 2926 1072 2996 alii·
1105 2925 1245 3000 Recital
1296 2925 1382 2998 ult:
1410 2926 1525 2998 Deum
1545 2926 1648 3011 time,
1675 2939 1711 2997 ct
1724 2929 1889 2999 mandata
1912 2927 1988 2999 cius
2010 2930 2179 3004 observa,
2205 2913 2267 2986 hoc

263 3028 436 3102 Salomon
458 3023 543 3096 haec
570 3039 775 3114 argumenta
805 3026 984 3096 turbantia
1008 3027 1243 3098 assensionem
1296 3026 1401 3096 faciat
1425 3025 1541 3098 om'nis
1564 3023 1684 3102 homo.
1741 3023 1790 3100 Et
1818 3032 1862 3099 de
1888 3028 2073 3100 laborjhu,
2100 3017 2268 3098 mandatis

264 3133 308 3201 de
323 3128 566 3222 providentia,
592 3141 626 3198 et
647 3129 795 3219 opponit
818 3130 1134 3219 asseverationem,
1156 3155 1245 3223 qnae
1298 3127 1415 3221 inquit
1430 3154 1505 3222 cap.
1529 3128 1584 3202 9.:
1612 3128 1794 3225 Quicquid
1811 3144 1925 3222 potest
1947 3133 2062 3202 faeere
2077 3147 2200 3199 manus
2214 3133 2268 3189 tua

262 3227 370 3303 habet
384 3229 625 3302 testimonium
642 3231 741 3299 verbi
758 3229 844 3313 Dei,
871 3234 965 3323 quod
981 3230 1057 3300 vnlt
1072 3229 1245 3302 Solomon
1298 3231 1625 3320 omnibnsviribus
1645 3231 1763 3306 facito.
1815 3231 1902 3301 ltem
1928 3233 2032 3323 capit.
2062 3235 2134 3303 tt:
2169 3223 2268 3297 Mitte

263 3335 430 3408 omnihus
453 3331 678 3423 spectaculis,
705 3356 793 3425 qnae
823 3333 863 3401 in
894 3333 1016 3401 oculos
1045 3331 1246 3418 incurrunt,
1299 3323 1425 3422 panem
1447 3346 1547 3403 tunm
1571 3356 1676 3423 super
1689 3356 1798 3427 aquas
1811 3348 2051 3416 transeuntes,
2076 3348 2193 3405 tamen
2215 3323 2267 3391 in·

264 3435 442 3505 amesffll·
1298 3433 1417 3502 venies
1438 3457 1539 3532 cnm.
1581 3432 1681 3505 Sicut
1704 3434 1836 3505 Paulus
1859 3437 1994 3528 inquit:
2021 3433 2143 3505 Labor
2163 3436 2270 3495 vester

369 3563 446 3633 Hoc
462 3566 642 3635 doctrinae
658 3567 891 3636 fondamento
908 3567 1010 3651 iacto,
1029 3567 1126 3637 addit
1143 3567 1246 3636 dein·
1299 3558 1373 3604 ¹¹⁰⁰
1395 3550 1447 3606 ‘⁸1
1467 3535 1584 3604 5⁰³⁰ss
1607 3537 1644 3604 ᾗ)
1667 3536 1836 3608 D⁰ffl3⁰⁰·
1864 3622 1869 3634 .
1888 3534 2085 3608 Addumuf
2099 3548 2133 3606 ‘t
2149 3547 2268 3601 ‘⁰⁰⁸⁰'

168 3733 172 3742 .
263 3670 308 3738 dc
325 3668 481 3756 regulam
496 3667 604 3738 vitae:
630 3663 789 3736 Obedias
807 3666 1003 3748 versones
1029 3668 1125 3738 iaxta
1142 3693 1246 3738 voca·
1299 3638 1558 3708 ¹³¹i⁰¹²⁰⁸¹¹¹i¹¹
1572 3638 2267 3730 13²⁰²⁰q¹¹l²⁵⁰³m¹¹⁸²ll³estm¹¹f⁹⁰⁰¹⁰

263 3773 418 3852 tionem,
437 3792 503 3836 nec
519 3769 562 3836 ab
577 3792 618 3836 eo
634 3769 791 3836 discedas
809 3784 951 3859 propter
965 3769 1119 3858 speciosa
1136 3770 1246 3838 ratin-

265 3873 321 3941 nis
338 3870 506 3954 consilia,
532 3883 593 3938 ant
610 3885 754 3961 propter
770 3894 825 3937 res
846 3872 1014 3938 secundas
1037 3885 1097 3940 aut
1118 3874 1243 3938 adver-

264 3997 329 4042 sas.
382 3973 463 4042 Deo
486 3986 602 4039 autem
625 3975 848 4058 commendes
871 3984 1028 4043 eventus.
1084 3969 1131 4042 Ut
1163 3995 1244 4062 pro·

1298 3739 1442 3831 quidem
1469 3739 1582 3810 multa
1610 3741 1755 3808 adversa
1786 3741 1981 3832 impediant
2003 3733 2215 3810 necessarios
2238 3735 2269 3792 el

1297 3840 1402 3910 utiles
1419 3841 1565 3910 labores.
1618 3837 1705 3930 Cap.
1721 3841 1779 3912 9.:
1806 3841 1904 3912 Vade
1926 3857 1959 3911 ct
1973 3843 2118 3913 comede
2141 3837 2180 3905 in
2202 3833 2270 3900 lae·

1297 3940 1380 4011 ticia
1397 3965 1522 4033 panem
1537 3953 1657 4026 tuum,
1683 3943 1766 4036 quia
1780 3942 1857 4015 Deo
1873 3943 2012 4034 placent
2028 3963 2136 4034 opera
2154 3950 2224 4006 tua.

264 4087 341 4164 pter
355 4073 551 4162 speciosum
568 4073 754 4140 consilinm
771 4075 957 4142 discedunt
973 4097 991 4142 a
1009 4073 1117 4142 verbo
1130 4087 1163 4142 et
1181 4099 1242 4141 vo·
1398 4073 1475 4144 Hae
1502 4075 1594 4144 vitae
1621 4078 1763 4166 regulae
1794 4091 1827 4146 ct
1854 4075 2114 4146 consolationes
2140 4079 2268 4153 temper
2313 4137 2314 4140 ,

264 4176 402 4244 catione
422 4172 597 4244 lsrae'litae
613 4198 690 4242 cum
709 4189 830 4262 petunt
845 4197 978 4263 regem,
1006 4191 1039 4245 et
1062 4176 1187 4244 v'olunt
1204 4174 1242 4242 in
1296 4169 1368 4246 sint
1389 4178 1428 4244 in
1442 4191 1648 4264 conspectu,
1672 4202 1738 4247 nec
1760 4179 1921 4250 turbetur
1944 4176 2099 4247 assensio
2123 4176 2167 4244 de
2192 4186 2269 4257 Ρΐθ·

146 4285 147 4290 ’
264 4271 330 4344 bac
349 4275 652 4364 politiadivioitns
669 4277 856 4346 constituta
873 4299 1001 4346 novam
1016 4277 1165 4346 sormam
1182 4299 1242 4345 sua
1296 4279 1452 4346 videntia
1477 4277 1586 4348 variis
1609 4279 1832 4370 spectaculis,
1864 4302 1953 4372 qnae
1977 4301 2050 4347 non
2075 4273 2269 4362 congruunt

265 4375 434 4465 sapientia
452 4376 674 4446 constituere.
711 4374 900 4444 Discedita
923 4376 1134 4458 verboDei‚
1156 4401 1243 4447 con·
1296 4401 1377 4449 cum
1397 4379 1541 4463 ordine,
1575 4395 1614 4452 ut
1638 4405 1717 4451 cnm
1740 4380 1824 4450 insti
1845 4380 2115 4471 opprimuntur,
2146 4373 2269 4442 floccnl

264 4479 412 4549 stitucns
435 4502 567 4546 novum
592 4478 748 4554 cultum,
777 4475 976 4563 leroboam,
1002 4479 1084 4572 qnia
1100 4480 1243 4572 nolebat
1296 4479 1398 4578 impii
1417 4493 1500 4566 etc.,
1526 4506 1590 4552 nec
1614 4483 1829 4552 obiiciantur
1851 4480 2007 4550 mandati
2028 4481 2168 4550 labores
2190 4489 2268 4561 pro·

264 4580 378 4649 videri
402 4603 438 4648 se
463 4603 536 4646 non
562 4603 634 4648 esse
656 4603 774 4670 parem
798 4579 871 4666 regi
900 4577 984 4650 luda
1004 4594 1069 4651 etc.
1124 4581 1241 4649 Multo
1295 4595 1411 4673 pterea
1429 4572 1649 4676 qu'odmulta
1665 4584 1915 4674 impedimenta
1932 4593 2136 4652 occurrunt.

264 4681 376 4770 tnagis
391 4681 581 4750 discedunt
596 4704 614 4747 a
628 4685 812 4749 vocatione
824 4681 970 4764 Marius,
982 4679 1148 4763 Catilina,
1163 4682 1241 4752 An-

263 4775 400 4866 tonius,
426 4782 488 4876 qui
510 4783 616 4850 motis
640 4783 874 4854 seditionibus
895 4805 1001 4868 regua
1027 4784 1241 4852 constituere

264 4898 449 4956 conantur.
507 4880 702 4951 Discedunt
733 4909 753 4953 a
777 4886 884 4952 verbo
909 4883 976 4956 Dei
1009 4885 1109 4956 fracti
1135 4886 1241 4954 rebus

263 4985 430 5054 adversus
452 4983 651 5076 pontifices,
680 4983 882 5070 Menelaus,
915 4984 1078 5057 Alcimus
1109 5000 1144 5056 et
1177 4987 1238 5055 alii

262 5083 553 5156 Maccahaeorum
576 5086 812 5183 temporibus,
844 5101 877 5157 et
912 5112 1009 5158 ntrnc
1034 5088 1138 5157 multi
1162 5111 1240 5158 mo-

1394 4710 1459 4788 Est
1475 4717 1583 4806 igitur
1597 4716 1844 4816 principaliter
1858 4710 1925 4785 hoc
1940 4715 2111 4807 scriptum
2127 4705 2263 4803 δογμα-

1293 4812 1398 4889 stada
1412 4819 1485 4887 sive
1499 4812 1787 4908 διδασκαλικὸν,
1813 4816 1978 4888 videlicet
2001 4809 2207 4888 asseveratio
2226 4799 2267 4865 dr

1292 4920 1516 5018 providentia
1538 4919 1749 4989 confirmans
1779 4921 1857 5010 pios
1881 4934 2001 4989 contra
2025 4917 2213 5009 Epicureas
2236 4908 2267 4964 ²1

1292 5022 1519 5093 Academicos
1547 5021 1747 5122 opiniones.
1798 5021 1936 5091 Deinde
1964 5023 2146 5104 adduntur
2173 5023 2268 5099 prtfl·

1291 5136 1389 5211 cepta
1411 5147 1470 5192 seu
1489 5124 1630 5210 regulae
1648 5123 1740 5191 vitae
1758 5137 1790 5192 et
1807 5124 2084 5202 consolationes,
2110 5113 2196 5186 haec
2215 5123 2267 5172 1⁶·

262 5199 392 5257 ventur
412 5189 569 5277 potentia
594 5203 628 5258 et
651 5189 761 5277 gloria
784 5191 883 5280 regni
899 5189 1043 5262 Tuccici
1067 5204 1101 5261 et
1117 5191 1238 5282 ponti·
1292 5223 1365 5316 ipsa
1382 5247 1518 5295 mmm,
1534 5245 1581 5295 ω
1597 5221 1704 5296 huius
1717 5225 1853 5317 scripti·

259 5287 328 5360 ficii
337 5343 347 5374 ,
373 5301 413 5360 ut
424 5289 621 5362 deficianta
638 5313 720 5360 vero
735 5285 823 5362 Deo·
1366 5309 1373 5320 ’
