4616 5818
239 156 311 228 179

239 327 332 422 quit:
360 321 473 394 Filius
495 319 556 411 qui
579 333 629 392 est
653 320 691 388 in
708 320 789 390 sinu
807 321 935 411 patris,
962 320 1037 409 ipse
1061 319 1231 390 revelavit

239 429 354 498 nobis.
407 423 476 493 Hic
492 421 607 491 Filius
627 423 766 492 locutus
791 437 842 490 εει
865 446 944 490 cum
962 423 1140 512 patribus,
1167 425 1231 488 ‹le-

240 533 294 600 dit
320 527 590 618 promissiones,
623 524 775 592 servavit
795 518 916 607 Nohe,
942 519 1146 606 Abraham,
1172 521 1230 591 lo·

241 625 348 721 sepb,
384 625 526 696 Moisen
556 641 714 716 ereptum
745 650 784 693 ex
809 627 934 715 undis,
969 625 1072 694 affuit
1097 624 1228 715 populo

241 759 323 802 curu
348 732 581 798 educerentur
595 751 635 794 ex
651 726 831 818 Aegypto,
859 727 949 797 sicut
964 727 1082 820 inquit
1099 725 1229 794 Pardus

240 839 285 904 de
316 831 507 902 comitante
536 843 651 918 petra,
691 828 903 921 gubernavit
935 852 1061 898 rnauus
1096 824 1231 910 losuae,

242 932 444 1016 Gedeonis,
469 927 616 998 Davidis
639 944 761 997 contra
786 929 981 1000 diabolum.
1034 927 1153 1020 Quare
1177 953 1227 996 sr-

240 1051 299 1106 cut
323 1059 403 1105 eum
426 1033 662 1120 agnoscebant
679 1045 891 1118 venturum,
918 1032 963 1102 ita
982 1053 1046 1098 nos
1062 1053 1227 1118 agnosca-

242 1161 320 1208 mus
338 1130 556 1214 exhibitum,
582 1145 616 1201 et
634 1134 838 1200 invocemus
855 1149 895 1202 ut
912 1157 976 1200 uos
991 1133 1153 1214 adiuvet,
1180 1131 1228 1198 si-

240 1254 298 1312 cut
316 1241 360 1308 de
379 1260 419 1304 eo
440 1229 616 1302 lohannes
631 1233 877 1305 concionatur:
907 1231 1020 1302 Filius
1037 1231 1103 1300 Dei
1120 1232 1226 1316 venit,

239 1356 280 1411 ut
296 1343 451 1408 destruat
468 1359 572 1425 opera
591 1335 746 1417 diaboli,
772 1333 865 1422 Ergo
881 1337 1086 1404 invocemus
1096 1334 1226 1405 Filium

239 1441 326 1524 Dei,
353 1454 394 1508 ut
416 1438 580 1507 defendat
598 1432 790 1508 Ecclesiam
815 1459 913 1505 suam
939 1449 1060 1504 contra
1078 1434 1227 1524 Turcas,

240 1557 277 1614 et
299 1542 388 1610 alios
412 1535 539 1611 hostes.
601 1535 706 1620 item,
741 1552 778 1606 ut
802 1551 899 1626 regat
923 1552 1055 1606 mentes
1079 1551 1229 1620 nostras,

239 1659 273 1715 et
298 1643 487 1713 sanctificet
504 1637 642 1728 Spiritu
664 1653 799 1720 sancto,
823 1641 912 1707 sicut
933 1640 1069 1731 iuquit:
1099 1637 1228 1706 Venie-

183 1791 186 1796 ·
240 1769 320 1815 mus
336 1745 380 1812 ad
396 1767 496 1826 eum,
523 1753 557 1809 et
574 1742 792 1810 mansionem
810 1741 988 1810 iaciemus.
1015 1739 1202 1832 Sequitur:

292 1910 342 1984 In
360 1911 440 2008 ipso
456 1910 532 1980 vita
547 1918 636 1982 erat.

345 2047 386 2118 ld
413 2062 481 2126 est,
517 2043 574 2116 bic
597 2038 705 2142 λόγος
729 2060 780 2115 εει
805 2047 1021 2129 vivificator,
1055 2068 1129 2112 nou
1151 2057 1226 2112 tan·

838 145 963 220 elul.
990 141 1345 224 transumere.
1372 147 1673 225 extulerint.

2197 155 2266 228 tto

1256 367 1258 372 -
1281 319 1366 392 Filii
1387 320 1473 409 Dei,
1504 347 1566 394 seu
1593 324 1630 394 in
1652 323 1781 418 quibus
1803 346 1903 394 suam
1926 325 2039 398 lucem
2061 347 2124 416 per
2148 322 2266 394 Evan-

1280 426 1410 514 gelium
1427 428 1597 496 accendit.

1380 557 1501 628 Habes
1517 561 1626 649 igitur
1642 561 1791 651 primam
1807 561 2007 631 doctrinam
2023 561 2061 629 in
2077 555 2145 630 boc
2161 575 2264 644 textu,

1279 665 1323 730 de
1338 660 1433 730 Filio
1449 659 1536 746 Dei,
1562 665 1657 756 quod
1680 664 1724 730 sit
1748 685 1897 753 persona
1921 663 2038 752 genita
2061 663 2106 731 ab
2124 678 2262 734 aeterno

1280 777 1378 854 patre
1405 765 1449 831 de
1480 763 1555 832 eius
1588 757 1783 834 substantia
1817 778 1851 836 et
1881 779 2081 846 coaeterna,
2115 777 2148 832 ct
2172 767 2262 858 quod

1197 929 1204 944 ,
1281 865 1412 934 nonsit
1428 865 1563 936 ociosa:
1592 867 1651 934 sed
1667 868 1761 958 quod
1780 885 1931 956 peream
1946 887 2002 934 res
2017 869 2130 933 bonae
2146 887 2264 934 omnes

1280 969 1442 1036 conditae
1464 967 1553 1050 sint,
1586 981 1619 1036 et
1642 967 1751 1035 iactae
1773 966 1956 1034 mirandae
1979 967 2206 1035 liberationes
2227 968 2263 1034 in

1278 1067 1453 1151 Ecclesia,
1478 1083 1512 1138 et
1535 1071 1629 1158 quod
1648 1068 1692 1135 sit
1709 1067 1922 1153 vivificator,
1949 1071 2116 1144 liberator
2134 1082 2168 1137 et
2184 1067 2263 1136 illu·

1280 1170 1435 1238 minator
1449 1165 1638 1250 Ecclesiae.
1694 1167 1852 1258 Sequens
1877 1171 2000 1240 concio
2022 1171 2196 1239 describet
2212 1193 2263 1238 as·

1279 1271 1490 1342 sumtionem
1509 1267 1685 1338 humanae
1703 1285 1858 1342 naturae.

1384 1440 1512 1510 luserit
1524 1455 1639 1508 autem
1655 1442 1751 1530 prius
1763 1438 2005 1509 testimonium
2016 1436 2261 1510 lobannisBa·

1280 1543 1424 1632 ptistae,
1450 1559 1482 1611 et
1497 1543 1626 1611 diserte
1641 1543 1745 1622 dicit,
1776 1538 1967 1609 iohannem
1978 1538 2171 1631 Baptistam
2187 1541 2262 1609 lon·

1280 1669 1321 1733 ge
1337 1644 1428 1713 intra
1440 1642 1603 1711 Messium
1622 1667 1712 1725 esse,
1739 1643 1900 1712 videlicet
1917 1643 2120 1713 ministrum
2135 1641 2263 1710 doctri-

1283 1769 1367 1829 nae,
1403 1769 1468 1812 nec
1499 1768 1572 1812 esse
1602 1745 1852 1812 vivificatorem
1886 1757 1946 1812 attt
1978 1744 2263 1824 illuminatorem,

1281 1870 1369 1939 quae
1385 1847 1528 1938 proprie
1542 1842 1941 1935 competuntFitioDei,
1968 1845 2097 1913 efficaci
2114 1846 2152 1913 in
2167 1867 2261 1910 men·

1282 1949 1376 2018 tibus
1392 1947 1543 2029 nostris,
1570 1962 1602 2015 et
1618 1948 1716 2014 danti
1730 1946 1903 2036 Spiritum
1919 1961 2091 2017 sanctum.
2144 1944 2259 2013 Postea

1281 2051 1439 2142 sequitur
1461 2049 1623 2138 repetitio
1648 2052 1692 2116 de
1714 2045 1807 2116 Filio
1831 2045 1918 2116 Dei:
1945 2041 1994 2114 In
2020 2049 2155 2114 mundo
2180 2060 2259 2128 erat,

242 2167 317 2224 tum
344 2153 431 2218 deins
456 2148 652 2218 naturalem
679 2147 784 2215 vitam
809 2163 842 2216 et
867 2163 1000 2217 motum
1018 2147 1142 2228 rebus,
1169 2147 1227 2212 sed
1281 2166 1314 2220 et
1336 2153 1492 2219 uutndns
1510 2151 1701 2240 peripsum
1719 2151 1830 2220 factus
1847 2161 1909 2222 est.
1960 2145 2029 2224 Hic
2045 2172 2124 2219 cum
2141 2147 2261 2238 loqua-

240 2253 345 2323 etiam
376 2249 602 2342 peculiariter
623 2245 816 2317 Ecclesiam
846 2251 1000 2322 liberans
1022 2250 1066 2316 ab
1088 2262 1227 2316 aeterna
1282 2268 1339 2322 rur
1367 2255 1410 2322 (lo
1432 2245 1574 2321 Christo
1602 2252 1662 2342 qui
1687 2251 1870 2341 apparuit,
1905 2251 2089 2319 manifeste
2114 2249 2261 2318 ostendit

240 2357 370 2423 murlo:
398 2351 541 2420 interim
567 2349 660 2418 enirn
684 2348 855 2434 significat
872 2350 1020 2442 seluqui
1037 2349 1081 2416 de
1098 2347 1228 2414 libera·
1282 2355 1318 2422 in
1336 2368 1553 2423 conaturam
1570 2352 1728 2420 divinam
1745 2377 1837 2436 esse,
1864 2352 1945 2442 quia
1962 2351 2062 2420 dicit:
2090 2343 2261 2418 Mundus

241 2454 400 2526 tionibus
418 2453 456 2518 in
472 2447 641 2524 Ecclesia.
695 2449 799 2519 iacob
816 2457 982 2520 adsersus
997 2452 1140 2519 fratrem
1157 2473 1228 2516 ser·
1278 2477 1343 2549 per
1373 2479 1452 2523 eum
1472 2451 1606 2552 sactus
1637 2462 1700 2526 est,
1753 2453 1835 2522 Non
1865 2467 1940 2522 erat
1966 2466 2083 2522 autem
2113 2455 2262 2520 mundus

242 2570 343 2628 vatus
368 2567 438 2636 est,
464 2551 598 2624 Moites
622 2577 662 2620 ex
689 2551 795 2620 undis
820 2567 970 2643 ereptus·
1024 2551 1073 2620 ila
1099 2549 1227 2618 servati
1280 2558 1445 2626 conditus
1459 2579 1521 2644 per
1540 2551 1731 2623 humanam
1748 2566 1922 2625 naturam,
1989 2633 1992 2644 Ι

241 2673 275 2728 ει
299 2655 466 2725 vivificati
488 2670 571 2725 sunt
594 2669 627 2724 et
650 2654 775 2724 caeteri
794 2655 904 2725 sancti
923 2679 984 2744 per
999 2651 1131 2720 Filium
1149 2648 1229 2737 Dei,

240 2769 304 2851 ρει
318 2753 423 2852 qu'ern
441 2771 475 2827 et
490 2757 534 2826 ab
551 2770 690 2827 aeterna
708 2770 819 2827 morte
835 2755 976 2825 liberati
994 2770 1086 2825 sunt.

291 2923 345 2998 Et
362 2925 438 2996 vita
453 2934 531 2996 erat
548 2921 619 2996 lux
633 2919 837 3000 dominum.

341 3058 410 3129 Hic
438 3059 513 3150 ipse
541 3059 737 3129 vivificator
766 3073 801 3130 et
825 3083 963 3149 semper
983 3063 1028 3128 ab
1051 3059 1154 3128 initio
1179 3071 1229 3124 est

241 3162 465 3234 illuminator
477 3159 673 3252 Ecclesiae,
700 3161 790 3232 sicut
805 3175 907 3230 antea
923 3163 1056 3232 dictum
1075 3175 1140 3229 est:
1167 3157 1227 3227 Fi-

241 3267 311 3335 lius
338 3263 400 3357 qui
422 3278 473 3335 est
496 3263 535 3330 in
558 3263 638 3332 sinu
663 3264 788 3353 patris,
822 3265 897 3354 ipse
918 3263 1088 3332 revelavit
1112 3261 1228 3349 nobis,

242 3382 276 3439 et
290 3381 409 3458 postea
423 3389 503 3434 curn
517 3365 697 3455 apparuit,¹
712 3363 1101 3435 illuminatEcclesiam.
1130 3363 1226 3431 ldem

243 3469 339 3538 enim
355 3467 501 3536 verbum
517 3480 550 3533 et
565 3467 724 3556 patribus
739 3480 773 3535 et
785 3469 887 3536 nobis
903 3467 1071 3556 impertit,
1092 3480 1125 3534 et
1136 3478 1229 3534 creat

242 3567 311 3641 hoc
340 3570 448 3638 verbo
475 3569 588 3638 luceru
613 3591 760 3646 novam,
792 3569 827 3636 id
854 3583 923 3653 est,
955 3571 1109 3647 firmam,
1145 3567 1227 3636 illu-

243 3685 349 3742 strem
371 3685 404 3739 et
427 3669 600 3737 vivificam
626 3669 791 3737 noticiam
808 3667 874 3738 Dei
900 3672 937 3738 iu
962 3672 1138 3741 mentibus
1153 3693 1228 3738 cre-

244 3772 424 3854 dentium,
451 3771 540 3840 sicut
562 3770 648 3838 alibi
673 3771 821 3840 dicitur:
848 3770 943 3841 Haec
965 3787 1015 3842 est
1031 3773 1102 3839 vita
1118 3787 1227 3840 aeter-

243 3898 309 3958 na,
335 3888 375 3942 ut
399 3886 588 3962 agnoscant
613 3887 647 3942 te
661 3868 775 3941 Deum
801 3898 946 3986 verum,
973 3889 1006 3942 et
1033 3897 1136 3965 quem
1161 3872 1228 3938 mi-

133 3967 150 4073 J
246 3976 321 4045 sisti
339 3974 452 4043 lesum
469 3972 661 4044 Christum.

347 4073 443 4145 Haec
465 4090 516 4146 est
538 4075 687 4170 simplex
709 4077 752 4144 ‹le
774 4078 852 4146 luce
874 4077 1064 4146 sententia:
1094 4075 1153 4142 alii
1171 4068 1229 4143 hic

247 4181 291 4248 de
319 4177 397 4246 luce
427 4179 600 4267 corporali
623 4179 815 4268 disputant.
874 4177 1087 4270 Quanquam
1112 4191 1228 4242 autem

246 4303 369 4348 verum
394 4293 462 4364 est,
488 4294 522 4350 et
545 4281 762 4367 corporalem
785 4281 897 4348 lucem
921 4303 985 4370 per
1006 4303 1086 4346 eum
1104 4275 1229 4345 condi-

246 4395 318 4450 tam
347 4403 438 4460 esse‚
475 4395 513 4450 ut
545 4394 678 4449 caetera
709 4403 872 4471 corpora,
908 4397 1024 4450 tamen
1047 4374 1106 4446 bic
1129 4377 1229 4468 loqui

246 4477 443 4552 Iohannem
460 4482 645 4571 praecipue
662 4482 710 4548 de
723 4481 790 4551 alia
808 4483 902 4567 luce,
927 4507 1015 4575 quae
1034 4496 1083 4550 est
1099 4479 1228 4549 noticia

248 4584 442 4654 uoluntatis
454 4584 530 4666 Dei,
555 4599 589 4652 et
605 4583 757 4652 incoatio
773 4585 864 4652 vitae
882 4598 1054 4660 aeternae,
1079 4605 1229 4675 sequen-

248 4685 297 4754 tia
319 4687 426 4754 verba
450 4686 628 4766 indicant,
656 4709 736 4753 cum
761 4687 908 4754 dicitur:
934 4684 980 4754 Ει
997 4687 1160 4754 tenebrae
1174 4685 1230 4751 lu-

1383 2690 1489 2780 Quod
1522 2690 1626 2758 dicit:
1668 2683 1871 2758 Illuminat
1903 2709 2042 2757 omnem
2072 2682 2261 2772 hominem,

1281 2795 1453 2884 significat
1491 2793 1645 2883 primum
1681 2815 1744 2882 per
1778 2792 1893 2881 ipsum
1924 2791 2073 2859 revelari
2108 2793 2260 2874 verlmm,

1282 2898 1376 2989 quod
1402 2898 1445 2962 ad
1469 2917 1593 2962 omnes
1617 2893 1780 2981 pertinet.
1834 2891 1904 2962 Seu
1928 2893 2110 2963 illuminat
2124 2915 2259 2962 onmem

1282 2993 1482 3078 hominem,
1517 2995 1649 3064 scilicet
1685 2995 1745 3084 qui
1775 2994 2017 3072 illuminatur,
2052 2995 2145 3065 sicut
2174 2994 2258 3060 iufra

1281 3099 1413 3190 inquit:
1441 3097 1495 3168 De
1509 3096 1733 3186 plenitudine
1751 3097 1826 3164 eius
1843 3119 1964 3164 omnes
1980 3096 2187 3185 accepimus.

1383 3227 1447 3300 Est
1475 3232 1578 3300 etiam
1602 3230 1732 3298 inserta
1756 3209 1996 3298 sententta'de
2012 3230 2259 3320 appellatione:

1281 3337 1461 3426 quomodo
1487 3355 1745 3425 consequamur
1772 3333 1878 3399 vitam
1905 3343 1939 3399 et
1962 3331 2097 3418 lucem,
2137 3331 2259 3402 scilicet

1280 3437 1358 3504 fide.

1331 3602 1450 3675 Dedit
1474 3603 1524 3674 eis
1548 3611 1759 3698 potestatem
1771 3595 1883 3696 filios
1900 3598 1980 3671 Dei
1986 3597 2096 3694 fieri,
2123 3599 2257 3674 creden-

1382 3706 1481 3776 tibus
1497 3705 1535 3774 in
1551 3729 1680 3775 nomen
1696 3705 1783 3779 eius.
2138 3729 2146 3758 ι

1382 3841 1430 3912 Ει
1445 3842 1562 3923 addit,
1587 3843 1887 3930 regenerationem
1905 3855 2080 3925 nostram,
2107 3869 2177 3912 non
2193 3864 2258 3910 esse

1281 3945 1475 4028 carnalem,
1512 3942 1892 4038 sicutudnabaptistae
1927 3942 2184 4030 imaginantur,
2222 3965 2257 4009 ex

1281 4049 1409 4118 sanctis
1426 4045 1520 4114 nasci
1535 4043 1625 4112 lilios
1641 4046 1716 4112 sine
1734 4059 1894 4138 peccato,
1922 4045 2005 4140 quia
2028 4047 2130 4114 dicit:

1331 4175 1420 4254 Non
1436 4175 1759 4272 exsanguinibus.

1386 4349 1425 4422 ld
1444 4364 1515 4435 est,
1540 4351 1631 4421 fiunt
1646 4351 1709 4419 lilii
1728 4375 1801 4418 non
1820 4351 1952 4420 carnali
1969 4355 2203 4441 generatione.

1332 4516 1460 4620 Neque
1476 4545 1522 4592 ex
1537 4517 1721 4592 voluntate
1737 4519 1872 4602 carnis,
1899 4529 1965 4591 aut
1984 4519 2168 4592 voluntate
2185 4515 2257 4588 viri.

1385 4675 1427 4745 ld
1441 4690 1502 4758 est,
1526 4699 1600 4744 non
1617 4675 1807 4760 adoptione
1823 4671 1976 4744 humana
1991 4676 2047 4745 vel
2062 4636 2180 4764 legali,
2200 4695 2259 4740 nec

248 4811 323 4857 cern
348 4811 421 4857 non
443 4781 797 4876 comprehenderunt.
850 4784 919 4856 Hic
942 4787 1035 4869 enim
1060 4785 1230 4854 discerni·
1283 4776 1442 4849 humano
1464 4778 1581 4847 studio
1605 4800 1666 4846 seu
1689 4777 1897 4850 imitatione.
1966 4775 2127 4867 Respicit
2149 4790 2256 4846 alitem

248 4903 308 4957 tur
323 4884 477 4958 Ecclesia
503 4911 583 4955 vera
600 4889 644 4955 ab
660 4889 869 4978 impiisnon
887 4890 1158 4977 agnoscentibus
1176 4887 1232 4954 lu·
1284 4875 1462 4951 lohannes
1484 4881 1526 4946 ad
1553 4879 1723 4969 populum
1747 4880 1851 4967 legis,
1876 4878 2078 4966 significans
2095 4879 2259 4970 populum

249 5011 345 5068 cem,
370 4989 508 5059 scilicet·
525 4987 656 5057 Filium
680 4987 764 5074 Dei,
790 5016 855 5060 nec
881 4985 1089 5060 habentibus
1113 5011 1231 5058 veram
1283 4983 1348 5054 Dei
1373 5007 1446 5052 esse
1469 5003 1542 5048 rton
1564 4993 1701 5050 tantum
1725 5003 1845 5053 semen
1864 4976 2053 5065 Abrahae,
2078 5004 2190 5072 neque
2212 4977 2259 5044 le-

249 5087 318 5160 Dei
349 5092 528 5164 noticiam.
585 5087 651 5160 Est
677 5105 794 5160 alitem
822 5094 1010 5180 diligenter
1040 5095 1232 5161 observan-
1284 5087 1376 5176 gates
1398 5083 1509 5164 filios,
1536 5077 1603 5150 hoc
1624 5095 1693 5164 est,
1719 5083 1942 5152 circumcisos
1965 5105 2003 5152 ex
2020 5085 2200 5172 gentibus,
2224 5077 2258 5142 id

250 5193 358 5271 dum,
384 5196 478 5284 quod
501 5207 615 5263 totum
638 5213 749 5280 genus
771 5190 985 5277 humanum,
1011 5208 1113 5263 vocat
1133 5206 1232 5261 tene·
1284 5201 1350 5270 est,
1384 5188 1534 5256 insertos
1570 5184 1714 5273 politiae
1744 5182 1939 5266 Mosaicae,
1969 5186 2046 5255 sore
2085 5183 2258 5274 populum¹

251 5293 352 5377 brat,
386 5309 528 5386 praeter
551 5295 633 5364 illos
663 5294 777 5381 solos,
807 5298 844 5364 in
875 5297 1005 5389 quibus
1030 5311 1082 5368 est
1103 5293 1233 5366 noticia
1258 5341 1261 5376 ,
1283 5291 1343 5359 sed
1366 5286 1574 5400 simpliciter
1597 5281 1789 5358 Ecclesiam
1809 5283 1876 5354 Dei
1899 5309 1993 5371 esse,
2020 5310 2142 5358 omnes
2165 5303 2260 5352 rena·
