4674 5822
62 207 156 280 1061
339 201 423 312 nu
482 177 881 278 annonarmuus
908 197 976 274 aa
1001 189 1287 271 condonas
1312 191 1365 268 ra
1391 189 1575 273 avarae.
1602 192 1818 275 roanms.
1994 208 2091 284 1062

59 380 163 450 idest
184 350 389 468 cognitione
410 377 543 470 gloriae
564 372 652 461 Dei,
678 373 838 446 iusticias
859 384 893 442 et
911 370 1049 443 miseri·
1099 369 1251 452 minem,
1277 368 1328 440 ita
1343 391 1439 440 nune
1453 368 1517 442 ait:
1544 363 1599 442 Ex
1615 365 1693 442 Deo
1711 369 1787 443 nati
1800 388 1893 446 sunt.
1932 372 2006 448 lam
2021 375 2090 452 boo

59 480 199 553 cordiae
226 477 293 552 Dei
317 483 471 553 donatae
492 479 531 550 in
555 472 711 552 Christo.
737 551 741 560 ,
763 474 823 574 Sic
844 475 980 570 quoties
999 471 1049 543 ‘de
1100 473 1205 543 etiam
1227 471 1480 564 significantius
1501 485 1574 563 est,
1606 472 1703 566 quod
1725 473 1837 546 aitex
1851 473 1946 564 Deo,
1972 502 2048 552 non
2064 505 2088 552 u

57 585 275 654 renascendo
304 582 466 678 loquitur
494 581 687 671 scriptura,
736 580 928 650 damnatur
949 587 1050 646 vetus
1099 571 1192 662 Deo;
1218 597 1301 645 nam
1319 597 1360 642 ex
1377 569 1454 644 Deo
1470 575 1567 645 nasci
1587 587 1637 646 est
1662 575 1870 669 participem
1892 577 2090 656 fierinatu.
2180 597 2183 611 ·

56 685 221 758 nativitas
237 709 316 758 cum
331 685 499 757 omnibus
516 682 654 754 viribus
670 695 704 754 et
722 681 889 774 operibns
905 679 1050 750 suis.-
1098 700 1158 746 rae
1174 675 1269 762 eius,
1296 671 1445 762 horest,
1472 672 1512 747 in
1534 677 1680 748 eandem
1704 677 1896 768 imaginem
1919 686 2089 758 transfor-

56 782 287 882 Sanguinem
313 802 414 860 vocat
437 785 636 858 naturalem
659 783 947 876 propagationem
972 803 1048 851 car·
1098 777 1188 848 mari
1205 779 1425 870 speculantes
1440 777 1590 867 gloriam
1606 777 1755 853 domini.
1782 779 2088 862 2.C0rinth,111,2

56 890 125 977 nis,
151 905 291 962 etcum
313 891 418 972 dicit,
444 913 518 961 non
536 914 577 958 ex
593 885 827 978 sanguinibus
843 885 940 954 nasci
956 877 1048 953 lilios
1097 880 1284 972 participes
1309 880 1385 950 fieri
1408 879 1515 964 lucis,
1547 879 1756 975 sapientiae,
1782 883 1960 973 veritatis,
1986 889 2089 962 iusti·
2168 883 2172 892 ’

55 987 136 1077 Dei,
163 993 313 1064 damnat
329 993 367 1062 in
383 1005 495 1064 totum
512 1003 666 1062 veterem
682 987 915 1072 nativitatem,
940 987 1047 1055 adeo·
1096 982 1170 1053 ciae
1194 979 1262 1054 Dei
1285 997 1351 1056 etc.
1408 979 1505 1054 Haec
1529 1007 1668 1056 necesse
1692 997 1743 1056 est
1767 985 1895 1078 spiritu
1925 988 2089 1085 intelligi,

56 1119 120 1187 que
136 1107 170 1164 et
196 1117 323 1164 omnes
349 1095 440 1166 vires
465 1106 633 1176 naturae,
664 1114 754 1185 quae
781 1088 937 1160 naturali
963 1111 1047 1179 pro·
1097 1108 1142 1154 ne
1155 1085 1236 1179 quis
1252 1085 1404 1166 iudicet,
1431 1085 1537 1156 talem
1555 1087 1856 1177 regenerationem
1871 1111 1945 1160 esse
1961 1086 2088 1166 buma-

55 1196 240 1286 pagatione
265 1195 564 1269 transfunduntur
594 1192 632 1263 in
656 1194 829 1266 sobolem.
887 1187 1046 1260 Proinde
1096 1211 1160 1258 nas
1176 1188 1418 1278 cogitationes.
1461 1185 1551 1258 Nam
1570 1189 1632 1283 qui
1649 1213 1715 1280 pro
1729 1189 2004 1279 cogitationibus
2016 1189 2088 1269 hu-

55 1297 172 1367 lumen
198 1308 366 1384 naturae,
390 1298 544 1370 liberum
568 1295 757 1366 arbltrium
778 1289 873 1394 nihil
891 1292 961 1363 nisi
977 1291 1046 1361 im·
1096 1289 1363 1361 manistantum
1379 1284 1499 1375 habet,
1527 1290 1556 1361 is
1574 1289 1669 1362 filius
1684 1303 1736 1362 est
1751 1313 1792 1361 ex
1809 1293 2088 1386 voluntateviri,

37 1399 410 1490 ‘piavorabntasunt
954 1474 957 1484 ,
1094 1415 1168 1460 non
1190 1389 1324 1463 exDeo
1345 1404 1460 1462 natus.

262 1543 390 1646 Neque
415 1570 462 1618 ex
489 1542 677 1616 voluntate
702 1541 839 1629 caruis,
1278 1541 1340 1659 xEt
1376 1544 1519 1615 verbum
1548 1569 1635 1616 curo
1652 1533 1805 1644 sactum
1830 1557 1893 1620 est.

58 1685 157 1776 Quod
181 1698 300 1756 autem
323 1685 431 1771 dixit,
466 1679 863 1772 nonexsanguinibus,
896 1700 1045 1768 genera·
1196 1682 1324 1754 Mirari
1341 1708 1467 1777 queas,
1493 1706 1556 1755 cur
1579 1707 1658 1754 cum
1681 1685 1725 1754 de
1750 1685 1911 1776 ingressu
1930 1689 2029 1760 verbi
2047 1690 2086 1760 in
2135 1747 2139 1765 .

56 1787 131 1856 liter
144 1779 294 1858 damnat
315 1800 497 1871 naturam,
524 1799 558 1856 et
575 1786 699 1870 docet,
726 1801 791 1854 nos
807 1795 931 1851 omnes
947 1779 1043 1850 nasci
1095 1787 1269 1856 mundum
1288 1799 1389 1856 antea
1413 1785 1560 1870 dixerit,
1585 1809 1659 1856 non
1674 1786 1774 1878 prius
1789 1788 1893 1860 etiam
1908 1791 1954 1861 de
1969 1790 2088 1863 incar-

57 1889 142 1960 filios
163 1890 252 1962 irae.
305 1886 408 1959 Nunc
428 1886 564 1959 adiicit:
590 1885 673 1958 Non
694 1908 736 1954 ex
760 1885 943 1955 voluntate
966 1907 1044 1952 car·
1095 1888 1239 1968 natione
1267 1888 1406 1959 locutus
1435 1887 1491 1961 sit.
1543 1885 1775 1982 Respondeo:
1811 1887 2026 1986 Quanquam
2043 1897 2087 1966 de

57 1991 117 2064 nis.
169 1990 300 2081 Quod,
335 2014 539 2085 quanquam
563 2013 604 2058 eo
625 1988 818 2081 pertineat,
844 2008 919 2055 non
945 1983 1043 2054 nasci
1094 1990 1252 2080 ingressu
1280 1989 1318 2058 in
1342 1989 1516 2084 mundum
1537 1988 1678 2059 locutus
1702 2005 1772 2077 est,
1806 2005 1925 2063 tamen
1951 1997 2087 2083 omnia,

56 2093 139 2163 filios
152 2090 224 2166 Dei
243 2094 442 2176 carnaliter,
466 2107 585 2164 tamen
603 2090 747 2184 proprie
761 2083 850 2158 mibi
868 2085 1044 2180 pertinere
1094 2117 1183 2186 quae
1204 2093 1248 2162 de
1269 2115 1311 2162 eo
1333 2093 1427 2164 dicta
1448 2103 1549 2176 sunt,
1576 2093 1620 2161 ad
1642 2092 1745 2162 verbi
1768 2095 1980 2184 potentiam,
2013 2123 2087 2169 non

56 2197 191 2267 videtur
206 2197 250 2266 ad
267 2219 347 2280 eos,
373 2195 434 2289 qui
457 2219 496 2264 ex
524 2194 701 2286 patribus,
738 2191 868 2286 quihus
891 2189 1043 2281 promis-
1094 2195 1139 2264 ad
1164 2191 1406 2265 infirmitatem
1433 2194 1548 2263 carnis
1573 2187 1707 2292 Christi
1731 2195 1855 2264 referri
1875 2197 2089 2288 debuemnt,

57 2297 101 2367 sio
122 2299 213 2369 facta
232 2310 301 2382 est,
333 2298 408 2369 nati
432 2311 532 2383 sunt,
565 2297 666 2390 quasi
686 2293 736 2365 sic
758 2294 867 2365 dicati
887 2290 1042 2384 primum
1079 2295 1177 2391 ¹quia
1209 2319 1290 2366 caro
1314 2290 1451 2368 Christi
1487 2319 1561 2366 non
1576 2294 1792 2384 illuminat,
1824 2320 1900 2367 non
1920 2299 2087 2389 vivificat,

58 2423 156 2490 nego,
185 2399 388 2483 filiosesse,
415 2420 617 2494 quanquam
642 2410 746 2468 natos
770 2396 1042 2466 secundumna-
1094 2423 1169 2470 non
1186 2411 1344 2472 renovat.
1394 2397 1480 2470 ldeo
1494 2420 1590 2468 nunc
1605 2398 1747 2468 tandem
1774 2401 1818 2469 de
1840 2400 2088 2476 incarnatione

58 2514 185 2589 turam3
231 2497 361 2571 deinde
384 2495 577 2592 boseham
601 2523 690 2590 nego
719 2497 811 2568 filios
843 2520 935 2581 esse,
970 2495 1043 2589 qui,
1094 2501 1272 2595 loquitur,
1309 2501 1368 2571 sed
1398 2514 1432 2571 et
1453 2494 1523 2572 boc
1547 2513 1629 2594 apto
1652 2501 1778 2571 ordine
1807 2503 2004 2576 subiectum
2026 2521 2089 2594 est,

60 2627 256 2698 quanquam
282 2628 301 2674 e
325 2605 487 2696 patribus
512 2625 664 2700 quorum
688 2600 874 2693 promissio
898 2611 950 2668 est
966 2599 1042 2668 nati
1093 2604 1197 2698 quia,
1224 2604 1315 2673 sicut
1330 2598 1522 2674 inchristo
1540 2603 1688 2672 verbum
1706 2604 1934 2678 caroiactum
1948 2621 2010 2690 est,
2037 2609 2088 2680 ita

57 2719 147 2792 sunt,
172 2720 294 2777 tamen
308 2707 490 2777 voluntate
504 2705 620 2774 carnis
635 2703 711 2774 nati
726 2716 820 2773 sunt.
859 2699 1041 2770 Postremo
1094 2708 1133 2776 in
1150 2706 1254 2775 nobis
1271 2707 1418 2776 verbum
1435 2727 1577 2776 carnem
1593 2705 1670 2774 fieri
1683 2719 1833 2797 oportet.
1885 2706 2087 2784 lddemnm

58 2808 163 2880 addit:
191 2807 267 2878 Nee
292 2833 333 2878 ex
348 2809 531 2880 voluntate
549 2806 636 2892 viri,
663 2805 698 2874 id
723 2819 791 2890 est,
823 2826 897 2873 non
918 2825 958 2871 ex
978 2826 1042 2871 vo-
1093 2821 1144 2878 est
1168 2809 1319 2880 renasci.
1378 2806 1509 2895 Quoad
1540 2807 1709 2893 verbum,
1741 2804 1897 2884 humana
1921 2813 2087 2903 cogitatio

58 2907 183 2982 luntate
200 2935 264 2982 seu
281 2911 429 2982 arbitrio
445 2905 613 2982 hominis.
665 2905 762 2976 Haec
777 2905 879 2978 tertia
896 2927 1042 2993 genera·
1093 2924 1230 2981 tantum
1248 2924 1315 2982 est:
1343 2909 1426 2980 Non
1445 2907 1511 2978 filii
1525 2907 1613 2994 Dei,
1637 2911 1698 2979 sed
1721 2909 1784 2978 lilii
1809 2912 2002 2984 voluntatis
2017 2916 2088 2986 viri

56 3009 100 3080 tio
123 3014 311 3086 arbitraria
338 3027 406 3099 est,
441 3026 482 3084 ut
505 3033 574 3106 qua
600 3008 770 3106 proselyti
801 3032 837 3078 se
858 3008 904 3077 ad
926 3005 1040 3096 legem
1093 3035 1215 3086 sumus
1236 3009 1294 3108 ⁸⁸).
1353 3009 1488 3100 Porro,
1523 3009 1664 3096 omissis
1683 3006 1941 3107 philosophicis
1961 3016 2087 3111 dispu-

59 3109 164 3200 Mosi,
194 3129 229 3186 et
258 3117 304 3186 ad
326 3116 497 3208 populum
522 3113 632 3185 lsrael
660 3111 901 3183 conferebant·
967 3107 1040 3196 Qui
1091 3115 1287 3187 tationibus
1313 3115 1358 3184 de
1389 3113 1656 3206 incarnatione,
1697 3114 1854 3187 breviter
1882 3117 1929 3189 ita
1961 3119 2089 3208 sentio,

59 3235 90 3282 se
105 3219 144 3286 ad
161 3219 336 3310 populum
359 3218 498 3288 fidelem
517 3216 702 3287 conferunt
720 3208 829 3283 bodie
846 3209 969 3281 ludaei
984 3209 1041 3279 vel
1093 3215 1264 3290 loannem
1289 3214 1507 3290 ταπεινώσει
1533 3239 1673 3308 capere‘
1689 3215 1813 3303 nasci,
1849 3219 1994 3317 πωπω)
2018 3223 2084 3295 ait:

59 3311 178 3404 Tucci,
218 3315 259 3389 bi
284 3321 466 3391 voluntate
489 3314 642 3390 bumana
667 3340 742 3386 non
764 3313 893 3407 spiritu
927 3313 1041 3383 renati
1092 3318 1252 3391 Verbum
1269 3320 1497 3390 carolactum
1516 3331 1583 3404 est,
1611 3318 1647 3386 id
1672 3332 1743 3404 est,
1770 3322 1865 3412 qnod
1885 3317 2008 3393 Esaias
2025 3323 2087 3411 ait,

60 3431 190 3491 externa
205 3421 254 3515 ⁴⁴)
269 3421 517 3493 observatione
531 3421 620 3512 legis
643 3418 880 3490 communiter
901 3428 1041 3487 utentes
1093 3423 1327 3492 novissimum
1342 3416 1549 3506 hominum;
1572 3433 1607 3490 et
1624 3418 1757 3490 Paulus
1770 3423 1809 3495 2.
1826 3417 1908 3492 Cor.
1927 3421 1988 3499 V.:
2013 3422 2086 3497 Pro
2127 3437 2140 3454 “

59 3541 131 3592 tum
145 3527 279 3616 populo
297 3524 413 3609 fideli,
438 3547 514 3593 non
537 3537 620 3594 sunt
633 3521 698 3592 filii
711 3518 791 3590 Dei·
831 3515 1039 3607 Videaergo
1092 3526 1196 3596 nobis
1222 3536 1402 3618 peecatum
1422 3523 1534 3594 lactus
1549 3534 1611 3592 est.
1650 3517 1698 3594 Et
1714 3519 1831 3596 Galat.
1849 3521 1929 3598 nt:
1957 3524 2086 3600 Faetus

60 3637 210 3695 naturam
240 3640 273 3699 et
297 3627 417 3696 omnia
456 3625 591 3710 studia,
637 3623 756 3694 omnia
789 3621 937 3694 consilia
964 3621 1040 3690 eius
1091 3652 1155 3719 pro
1174 3625 1531 3698 nobismaledictum.
1579 3623 1701 3716 Quare
1717 3649 1797 3696 cum
1815 3648 1955 3698 earnem
1972 3643 2087 3718 vocat,

59 3722 222 3804 damnari.
274 3727 435 3799 Primum
460 3726 525 3796 blii
542 3726 609 3798 Dei
630 3751 704 3796 non
727 3739 829 3811 sunt,
865 3721 927 3818 qui
949 3747 1039 3816 quo·
1090 3729 1249 3820 intellige
1272 3731 1461 3798 extremam
1488 3721 1774 3810 humiliationem
1791 3723 1944 3816 Christi,
1968 3731 2085 3802 inex-

60 3845 187 3922 cunque
213 3832 320 3901 modo
344 3831 538 3900 secundum
563 3843 724 3900 naturam
746 3840 957 3910 nascuntur3
984 3847 1039 3894 δὲ·
1091 3848 1200 3904 trema
1217 3826 1467 3902 humiliatione
1493 3830 1737 3900 remissionem
1755 3831 1889 3923 peccati
1906 3831 1963 3900 vel
1979 3834 2084 3905 satis-
2177 3827 2214 3914 J

61 3931 186 4016 tundo,
208 3957 254 4002 ne
270 3933 323 4002 illi
346 3933 508 4027 quidem,
535 3931 597 4026 qui
614 3953 654 4000 ex
670 3929 829 4022 patribus
845 3927 918 3998 nati
937 3939 1038 4014 sunt3
1089 3935 1300 4015 factionem,
1333 3934 1491 4025 adeoque
1522 3931 1766 4000 effusissimam
1792 3925 1998 4006 charitatem
2020 3959 2084 4028 pa-

62 4032 173 4119 tertio,
199 4034 359 4115 necilli,
391 4033 453 4129 qul
476 4037 625 4104 eandem
647 4033 777 4123 legem,
804 4032 900 4102 idem
915 4025 1038 4099 Evan·
1091 4039 1174 4116 tris,
1209 4037 1269 4129 qui
1297 4033 1489 4127 pronobis
1513 4032 1625 4103 lilium
1649 4032 1815 4120 tradidit,
1840 4030 1949 4110 Rom.
1965 4033 2082 4112 Vlll.:

61 4132 178 4212 gelium
197 4138 357 4221 discunt,
390 4135 560 4219 audiunt,
596 4138 785 4206 observant
809 4147 953 4204 externo
973 4127 1038 4201 ha·
1089 4139 1268 4208 Videntur
1290 4138 1329 4207 in
1353 4130 1495 4206 Christo
1519 4129 1677 4205 thesauri
1701 4135 1913 4228 sapientiae,
1945 4138 2000 4208 ira
2014 4136 2083 4211 Dei

60 4228 136 4304 bitu.
186 4238 285 4311 Haec
315 4239 435 4309 omnia
455 4263 530 4310 uno
552 4239 660 4308 verbo
682 4238 773 4308 dixit
793 4227 1036 4308 Psalm·XV·:
1088 4245 1257 4314 adversus
1278 4251 1478 4330 peccatum,
1517 4236 1710 4308 ineffabilis
1738 4238 1984 4310 misericordia
2014 4242 2083 4312 do-

60 4325 131 4406 Non
148 4342 366 4433 congregabo
380 4341 628 4412 conventicula
648 4364 771 4412 eornm
789 4341 833 4409 de
852 4329 1036 4428 sanguini·
1088 4345 1206 4416 nantis
1220 4341 1351 4425 filium,
1377 4340 1465 4410 ad'eo
1481 4351 1520 4410 ut
1539 4339 1639 4408 nullo
1665 4354 1825 4431 respectu
1847 4363 1996 4432 operum
2013 4367 2081 4415 no·

62 4431 127 4512 bus·
177 4441 442 4519 Erasmus:
478 4440 564 4513 Non
585 4443 649 4535 qui
676 4465 796 4512 semen
819 4434 1037 4512 suntAbra-
1087 4464 1241 4520 strorum
1264 4443 1430 4514 iustificet
1450 4455 1513 4512 etc.
1565 4437 1662 4512 Haec
1684 4435 1819 4514 Christi
1843 4443 1999 4534 cognitio
2022 4445 2080 4517 iu·

61 4525 116 4606 hae
132 4559 253 4618 ornnes
268 4545 333 4616 blii
350 4559 447 4617 sunt.
1086 4550 1186 4622 sticia
1202 4559 1271 4634 est,
1298 4570 1372 4616 non
1396 4567 1473 4614 esca
1501 4543 1558 4613 vel
1580 4556 1702 4636 potus,
1733 4558 1797 4618 eut
1818 4546 2080 4643 qualiacunque

1086 4666 1240 4724 externa.
1353 4719 1356 4729 ,

150 4825 221 4900 lam
241 4849 322 4904 ante
336 4837 380 4905 de
400 4833 577 4904 nascendo
596 4833 729 4903 dictum
745 4844 812 4916 est;
839 4820 899 4897 hic
921 4827 1034 4898 addit:
1337 4797 1392 4872 El
1419 4793 1608 4870 ''alilah''
1635 4799 1675 4872 ln
1702 4797 1820 4872 Mhi&
1870 4807 1885 4832 ⁹

64 4909 107 4988 Ex
122 4923 212 5024 Deo,
239 4937 322 5029 qnia
340 4935 449 5008 solius
466 4933 534 5005 Dei
550 4957 639 5025 opus
664 4947 715 5006 est
737 4929 921 5002 renovatio
936 4953 1033 5000 crea·
1169 4905 1339 5013 'Carnem
1369 4910 1466 5024 fied,
1507 4950 1559 5008 est
1587 4937 1815 5034 maledictum
1839 4950 1874 5007 et
1896 4952 2076 5030 peccatum

64 5027 158 5130 fuste·
208 5035 524 5129 Sicutergoantea
547 5037 653 5108 dixit:
689 5035 731 5105 ln
754 5036 831 5127 ipso
856 5045 929 5102 “³1
950 5033 1034 5115 rita,
1083 5046 1179 5133 lieri,
1210 5057 1254 5116 'ut
1282 5043 1468 5128 tolleretur
1498 5038 1703 5112 maledictio
1725 5041 1764 5109 in
1798 5063 1904 5111 carne
1942 5055 2073 5114 nostra.

64 5131 158 5200 rtem·
172 5133 256 5209 Erat
277 5145 338 5212 lux
362 5165 464 5222 vera,
491 5164 581 5234 quae
603 5140 784 5210 illuminat
807 5158 949 5209 omnem
966 5129 1033 5203 bo·
1612 5157 1617 5168 '

300 4695 375 4771 Sed
395 4720 442 4795 ex
466 4692 552 4767 Deo
576 4693 661 4766 noti
685 4704 783 4768 sunt.

64 5292 246 5328 ⁵⁸⁸5...-

1116 5333 1165 5392 45)
1183 5333 1234 5385 red
1248 5329 1306 5398 grta
1323 5356 1358 5370 -
1374 5348 1412 5372 ι-
1427 5331 1542 5390 smnus]
1553 5339 1622 5386 ,nou
1642 5327 1774 5394 leguntur
1791 5323 1821 5380 ln
1838 5295 1883 5384 sti.
1903 5327 1970 5382 tub.
2096 5288 2103 5302 ,

92 5396 135 5456 ⁴⁴)
151 5409 242 5466 secor.
259 5415 408 5476 ostreata,
423 5409 565 5464 mentem.
1117 5404 1167 5464 46)
1184 5403 1263 5462 cam]
1282 5401 1349 5454 aab.
1367 5400 1413 5452 att
1430 5411 1502 5452 cem

1399 5463 1487 5542 67·
