4622 5818
63 148 128 244 eri

297 169 380 251 xn.
431 167 828 252 annonarronns
853 152 925 251 nr
946 159 1225 251 conmotus
1252 168 1303 246 m
1316 161 1516 298 ‚avano
1541 169 1822 250 marsuam.

1995 160 2073 248 old

57 361 62 372 ’
151 319 255 412 Talia
274 321 385 416 mulla
407 323 491 418 sunt
506 347 668 418 omnium
683 346 897 420 Sanctorum
911 329 1036 430 errata,
1085 339 1279 429 dientiam,
1304 343 1650 436 propterDomirmm
1663 359 1825 418 nostrum
1840 339 2070 417 lesumChri-

57 465 138 537 quae
157 441 257 516 Deus
285 443 456 518 immensa
487 448 646 520 bonitate
674 453 837 520 emendat
863 462 899 521 et
920 463 1035 521 sanat.

57 543 151 616 Hanc
178 546 378 641 doctrinam
407 549 500 620 bene
524 549 715 636 discamus,
747 575 793 620 ne
816 551 1034 622 confidamus

50 659 187 742 ,nostrae
199 648 405 739 sapientiae,
431 652 528 732 item,
542 665 600 720 'ne
615 648 720 722 aDeo
735 653 939 724 deficiamus
954 667 1034 744 post

16 827 20 839 1
53 751 202 840 lapsum,
229 751 289 820 sed
310 752 354 821 ad
371 776 452 823 eum
466 753 671 840 redeamus,
698 769 731 826 et
747 769 906 848 petamus
922 769 956 826 et
973 778 1033 824 ex-

54 863 241 947 spectemus
255 850 516 930 liberationem.

401 1080 539 1196 Gaput
576 1084 677 1172 XV.

144 1249 299 1343 Insignis
315 1252 475 1324 doctrina
492 1248 559 1323 hoc
576 1254 656 1324 loco
665 1252 877 1339 continetur,
903 1251 1032 1325 dedis-

54 1353 194 1426 crimine
223 1377 395 1426 ¹cecorum
425 1367 460 1425 et
484 1355 656 1426 salsorum
684 1355 862 1442 cultuum,
895 1379 957 1426 seu
986 1357 1031 1424 de

54 1457 250 1528 discrimine
276 1457 525 1528 mandatorum
545 1457 771 1544 divinorum,
804 1470 837 1528 et
858 1453 1031 1528 humana-

53 1579 124 1628 mm
145 1559 400 1644 traditionum,
426 1581 515 1651 quae
537 1559 699 1629 doctrina
719 1558 822 1627 valde
837 1559 1030 1628 necessaria

54 1673 108 1732 est.
157 1658 253 1750 Quia
275 1661 504 1731 usitatissima
526 1660 728 1752 superstitio
744 1672 797 1731 est
810 1661 947 1749 generis
963 1656 1031 1730 hu-

54 1762 161 1848 mani,
185 1761 319 1833 relictis
338 1761 511 1834 mandatis
525 1755 611 1847 Dei,
637 1761 809 1831 collocare
823 1762 1031 1852 religionem

54 1863 86 1930 in
107 1864 358 1936 traditionibus
382 1860 568 1946 humanis,
593 1875 634 1933 ut
651 1885 774 1932 omnes
789 1885 888 1933 senes
905 1863 1032 1932 merni-

55 1977 192 2054 nerunt,
217 1963 328 2035 fuisse
348 1960 440 2034 hanc
462 1966 684 2056 opinionem:
710 1963 831 2034 Maius
851 1979 1030 2055 peccatum

56 2089 138 2151 esse,
163 2067 193 2136 si
209 2064 381 2137 Sacerdos
402 2068 546 2136 duceret
569 2089 734 2148 uxorem,
759 2089 866 2157 quam
890 2065 918 2134 si
938 2065 1031 2136 occi-

57 2167 144 2240 deret
170 2163 366 2244 h‘ominem.
425 2168 514 2238 Item
537 2167 652 2236 maios
674 2179 856 2264 peccatum
878 2168 1031 2238 duceba-

54 2281 117 2356 tur,
141 2272 327 2340 comedere
342 2293 461 2340 carnes
478 2271 537 2339 die
551 2283 658 2353 sexta,
686 2291 791 2362 quam
806 2269 1030 2343 adulterium.

144 2387 243 2459 Haec
264 2388 368 2460 stulta
391 2403 425 2460 et
441 2389 549 2480 impia
567 2387 690 2478 opinio
706 2409 807 2478 saepe
823 2384 860 2455 in
874 2383 1030 2456 Ecclesia

56 2503 202 2578 vagatur.
252 2489 299 2562 Et
328 2487 423 2559 Deus
450 2514 525 2560 eam
558 2489 709 2559 subinde
737 2509 800 2580 per
825 2483 1032 2580 Prophetas,

58 2585 251 2680 Christum,
282 2587 492 2684 Apostolos,
523 2603 559 2662 et
579 2591 668 2662 alios
690 2591 769 2684 pios
789 2591 951 2661 doctores
973 2613 1031 2659 re·

54 2695 180 2766 inlevit.

146 2793 196 2869 Ut
227 2807 346 2866 autem
374 2789 461 2864 haec
489 2793 650 2865 doctrina
679 2805 773 2864 recte
799 2791 1031 2882 intelligatur,

56 2895 207 2971 volumus
246 2898 373 2968 ordine
410 2896 617 2986 procedere,
656 2909 691 2966 et
718 2896 873 2986 primum
904 2895 1032 2980 dicere,

57 2999 108 3090 qui
135 3002 206 3073 sint
235 2999 310 3070 veri
333 2997 448 3068 cultus
470 2994 557 3080 Dei,
589 3020 678 3090 quos
700 2994 796 3066 Deus
819 2997 974 3086 postulat
995 3008 1031 3067 ct

55 3105 235 3193 appmbat,
261 3117 296 3174 et
311 3101 372 3194 qui
389 3113 471 3170 sunt
487 3121 632 3190 prorsus
647 3097 845 3168 necessarii.
941 3151 944 3160 ff

144 3215 192 3292 Ec
212 3219 386 3290 volumus
412 3218 518 3286 nobis
539 3238 739 3308 proponere
760 3215 894 3285 dictum
916 3211 1031 3300 Pauli,

58 3323 314 3414 quodsemper
342 3318 476 3390 debetis
506 3317 722 3389 meminisse:
755 3314 874 3386 Milite
899 3317 1029 3386 bonam

9 3451 12 3456 ·
58 3422 231 3510 militiam,
254 3421 411 3525 retinens
425 3421 528 3490 hdem
547 3433 580 3489 et
595 3419 725 3488 bonam
741 3416 1002 3489 conscientiam.

145 3542 242 3616 Sunt
262 3540 372 3632 igitur
391 3539 506 3609 cultus
528 3535 735 3622 necessarii,
758 3535 915 3627 primum
933 3538 1030 3622 fides,

58 3665 135 3736 quae
155 3660 206 3717 est
229 3666 310 3713 vcra
330 3641 464 3731 agnitio
479 3637 544 3710 Dei
565 3640 661 3709 iuxta
680 3652 793 3709 totum
808 3635 1030 3732 Symbolum,

58 3756 85 3810 et
97 3760 144 3817 est
157 3745 288 3818 fiducia
303 3743 587 3826 misericordiae,
614 3764 682 3833 qua
698 3739 888 3830 accipimus
905 3741 1029 3810 remis-

57 3845 178 3919 sionem
205 3858 448 3940 pcccatorum,
478 3858 513 3915 et
541 3854 747 3934 reputamur
774 3840 880 3929 iusti,
913 3857 949 3918 et
970 3865 1032 3912 ex-

55 3951 208 4022 audimur
225 3961 371 4044 propter
388 3946 499 4017 filium
517 3943 598 4021 Dei.

145 4068 225 4142 Hoc
243 4069 365 4138 lumen
380 4067 419 4134 in
434 4066 540 4136 corde
555 4077 608 4134 est
621 4065 759 4158 primus
773 4077 807 4133 et
824 4059 1029 4153 principalis

57 4179 86 4242 et
105 4193 261 4241 summus
283 4165 416 4251 cultus,
447 4166 530 4260 quia
550 4180 690 4259 oportet
712 4189 776 4259 per
798 4162 910 4232 hlium
932 4185 1029 4234 acce-

57 4269 129 4342 dere
148 4275 193 4344 ad
213 4269 354 4344 Patrem
376 4269 472 4340 iuxta
495 4268 602 4338 illud:
636 4267 750 4338 Nemo
773 4264 872 4335 venit
892 4265 937 4334 ad
959 4262 1028 4333 Pa-

57 4382 153 4456 trem,
178 4375 249 4444 nisi
270 4394 334 4464 per
352 4369 496 4444 Filium.
549 4367 660 4454 Item,
686 4366 761 4458 Qui
783 4390 858 4438 non
881 4361 1029 4437 honori-

55 4469 126 4548 ficat
139 4475 292 4556 Filium,
319 4497 393 4566 non
411 4467 621 4542 honorificat
634 4467 788 4541 Patrem.

145 4595 190 4668 Et
207 4589 279 4666 hoc
301 4593 422 4663 lumen
445 4613 584 4680 semper
596 4589 701 4659 debet
714 4588 849 4669 lucere,
874 4585 1030 4658 inomni

59 4691 287 4781 invocatione,
311 4706 348 4765 et
368 4693 407 4762 in
427 4692 595 4762 omnibus
616 4690 695 4759 aliis
715 4688 895 4780 operibus.
945 4684 1028 4757 Non

57 4792 149 4870 debet
161 4795 268 4872 homo
283 4797 403 4866 vivere
419 4795 457 4864 in
472 4789 539 4864 hac
555 4790 742 4884 opinione:
768 4787 845 4879 Ego
860 4787 1029 4879 displiceo

57 4887 140 4981 Deo,
163 4923 227 4992 ego
248 4898 373 4970 dubito
395 4920 441 4968 au
463 4895 638 4986 placeam,
659 4892 789 4980 dubito
807 4915 853 4962 an
867 4913 924 4960 me
939 4890 1029 4960 reci-

57 4997 139 5086 piat,
160 5002 286 5074 dubito
304 5021 351 5070 au
370 4999 516 5090 recipiat
531 5019 651 5090 preces
667 5017 775 5068 meas.

147 5120 223 5194 Hae
239 5117 485 5206 'dubitationes
505 5115 716 5186 naturaliter
737 5111 882 5198 suntin
898 5111 1029 5185 menti-

58 5216 132 5310 bus,
154 5227 213 5296 sed
228 5219 336 5296 bomo
351 5218 458 5290 debet
471 5240 574 5308 agere
586 5214 855 5310 poenitentiam,
882 5227 915 5285 et
929 5227 1026 5306 post·

58 5341 95 5394 es
113 5339 275 5416 statuere,
299 5337 396 5400 cerco
416 5343 454 5394 ac
472 5319 603 5414 recipi,
627 5332 662 5392 et
677 5320 757 5391 Deo
780 5317 919 5412 placere
940 5315 1026 5390 obe-

1085 457 1199 530 stum,
1224 456 1259 564 et
1280 444 1319 514 in
1339 439 1405 516 hac
1426 447 1555 520 fiducia
1576 450 1682 522 debet
1703 449 1870 520 accedere
1884 449 1928 518 ad
1943 444 2070 527 Deum,
2135 493 2139 503 ι

1083 558 1118 615 ει
1133 569 1213 615 eum
1229 569 1406 623 rovocare.
1516 615 1530 622 -
1800 577 1802 582 ·

1185 662 1371 757 Secundo,
1398 669 1513 741 cultus
1534 683 1617 740 sunt
1637 667 1841 754 necessarii,
1865 670 1959 740 bona
1982 692 2069 738 con-

1082 763 1248 851 scientia,
1271 770 1465 839 secundum
1479 766 1739 853 mandataDei,
1763 771 1883 856 idest,
1908 765 2068 842 uthomo

1082 866 1178 938 iuxta
1198 867 1319 938 omnia
1335 873 1499 943 mandata
1516 868 1645 944 habeat
1658 871 1789 940 bonam
1805 871 2069 944 conscientiam.

1081 965 1165 1038 Nou
1193 971 1240 1040 sit
1271 969 1425 1058 adulter,
1460 998 1535 1045 non
1560 984 1750 1058 scortator,
1780 995 1854 1044 non
1884 973 1962 1058 fur,
1993 997 2068 1042 non

1081 1071 1251 1151 mendax,
1275 1095 1351 1142 non
1365 1068 1553 1161 homicida,
1578 1098 1652 1146 nou
1668 1087 1764 1163 gerat
1780 1073 1818 1144 in
1833 1075 1939 1145 corde
1953 1075 2068 1143 sciens

1082 1182 1117 1240 ει
1138 1172 1263 1242 voleus
1284 1172 1459 1246 iniustum
1480 1179 1602 1250 odium
1620 1189 1741 1246 contra
1757 1177 1978 1274 proximum,
2003 1186 2068 1248 etc.

1083 1270 1314 1444 Taliafippera
1338 1272 1450 1350 aDeo
1470 1282 1655 1365 mandata,
1678 1291 1761 1350 sunt
1777 1279 1852 1349 veri
1867 1278 1983 1350 cultus
1997 1273 2068 1346 Dei

1081 1395 1161 1444 cum
1227 1399 1259 1448 e.

1181 1489 1379 1566 Ezechielis
1396 1497 1478 1570 20.:
1505 1492 1548 1566 In
1565 1497 1757 1590 praeceptis
1775 1511 1916 1591 patrum
1931 1507 2066 1566 vestro·

1079 1617 1161 1665 rum
1183 1619 1228 1665 ne
1250 1598 1457 1681 ambuletis,
1481 1599 1540 1668 sed
1566 1600 1605 1668 in
1626 1601 1817 1694 praeceptis
1834 1598 1922 1668 meis
1939 1599 2066 1666 ambu-

1079 1696 1171 1773 late,
1211 1696 1281 1772 Hic
1303 1723 1462 1791 expresse
1483 1695 1634 1773 retrahit
1655 1725 1723 1772 nos
1744 1704 1789 1774 ad
1806 1699 1972 1770 mandata
1986 1696 2067 1779 Dei,

1081 1811 1116 1868 et
1128 1798 1243 1884 iubet,
1268 1814 1307 1871 ut
1320 1800 1490 1872 iaciamus
1503 1825 1564 1884 ea,
1590 1828 1680 1897 quae
1695 1803 1769 1896 ipse
1785 1797 1972 1896 praecepit.
2020 1797 2068 1868 Et

1080 1893 1167 1970 baec
1190 1901 1351 1972 doctrina
1374 1926 1476 1996 saepe
1498 1906 1645 1994 repetita
1665 1917 1734 1984 est,
1774 1919 1809 1976 ct
1830 1925 1956 1992 magna
1980 1924 2064 1971 con-

1080 2000 1206 2071 solatio
1231 2016 1283 2073 est
1302 2003 1391 2094 piis,
1417 2004 1526 2086 scire,
1554 2008 1649 2098 qnod
1673 2006 1789 2077 cultus
1803 2003 1871 2074 Dei
1892 2004 1964 2074 sint
1980 1999 2066 2071 hae'c

1080 2101 1155 2194 ipsa
1171 2125 1277 2193 opera
1291 2105 1473 2174 communi
1490 2105 1584 2176 vitae
1599 2107 1805 2192 necessaria,
1830 2100 1977 2175 honesta
1992 2104 2067 2172 vita

1081 2202 1297 2292 coniugalis,
1324 2199 1471 2277 honesta
1492 2230 1599 2298 opera
1618 2208 1686 2278 alia
1703 2207 1910 2309 vocationis.
1962 2203 2065 2287 Item,

1081 2317 1201 2373 nostra
1232 2307 1401 2401 patientia
1433 2307 1472 2376 in
1502 2323 1625 2392 cruce,
1657 2312 1747 2380 sicut
1777 2307 1861 2380 dicit
1886 2307 2063 2378 Psalmus:

1080 2403 1298 2477 Sacrificium
1314 2405 1391 2480 Deo
1409 2406 1563 2500 Spiritus
1576 2411 1849 2483 contribulatus.

1164 2522 1226 2596 'Et
1239 2525 1277 2594 in
1292 2520 1349 2596 his
1363 2528 1530 2598 omnibus
1544 2552 1685 2622 semper
1700 2531 1830 2626 debent
1848 2527 1964 2626 lucere
1980 2527 2066 2595 fides

1079 2641 1113 2700 et
1141 2624 1340 2713 invocatio,
1373 2629 1412 2698 in
1442 2631 1610 2701 omnibus
1638 2631 1803 2721 operibus
1829 2644 1862 2700 et
1886 2629 2065 2720 periculis.

1080 2725 1210 2800 lnvoca
1231 2741 1267 2797 et
1286 2742 1364 2821 pete
1386 2742 1420 2800 et
1436 2745 1593 2823 exspecta
1609 2733 1780 2802 auxilium
1797 2729 1882 2816 Dei,
1908 2744 1947 2801 ut
1964 2728 2064 2799 Psal-

1078 2854 1158 2902 mus
1186 2829 1291 2903 dicit:
1324 2827 1543 2906 Commenda
1566 2831 1644 2905 Deo
1671 2832 1765 2905 viam
1786 2847 1902 2920 tuam,
1934 2833 2065 2923 etipse

1078 2933 1192 3008 faciet.
1304 2951 1308 2958 ’

1426 3137 1597 3190 secunde
1623 3111 1718 3204 pars.

1183 3249 1376 3346 Postquam
1405 3253 1501 3338 dixi,
1532 3254 1594 3348 qui
1625 3257 1696 3327 sint
1726 3259 1912 3328 necessarii
1935 3259 2063 3340 cultus,

1079 3351 1151 3422 iam
1172 3353 1288 3423 dicam
1311 3355 1356 3424 de
1378 3356 1641 3427 traditionibus.
1690 3357 1739 3430 Et
1759 3359 1882 3431 scitote
1905 3361 2064 3459 duplices

1078 3476 1152 3524 esse
1187 3454 1414 3540 traditiones,
1453 3455 1542 3526 aliae
1581 3473 1665 3530 sunt
1695 3473 1818 3555 contra
1847 3460 1982 3547 Deum,
2024 3475 2065 3532 ut

1078 3577 1203 3639 omnes
1226 3579 1316 3649 quae
1336 3557 1559 3650 praecipiunt
1580 3561 1833 3651 impossibilia,
1865 3563 1920 3633 vel
1943 3563 2064 3656 impia,

1077 3670 1117 3728 ut
1136 3653 1332 3747 probibitio
1349 3659 1516 3750 coniugii.
1566 3659 1656 3734 ltem
1673 3665 1915 3736 ordinationes
1931 3665 2063 3738 Mona-

1077 3752 1239 3841 chorum‚
1264 3761 1446 3842 etmissae,
1473 3768 2063 3860 quasservaverunttanquamcul·

1077 3871 1146 3945 tus,
1172 3873 1207 3932 et
1224 3861 1347 3931 merita
1363 3863 1581 3933 remissionis
1596 3867 1830 3956 peccatorum.
1880 3865 1976 3941 Haec
1992 3867 2061 3938 im·

1076 3960 1135 4054 pia
1151 3961 1359 4053 simpliciter
1373 3963 1547 4035 abolenda
1562 3979 1659 4037 sunt.

1179 4079 1232 4150 lle
1257 4079 1388 4151 talibus
1415 4082 1667 4152 traditionibus
1690 4079 1748 4154 bic
1771 4081 1933 4158 Christus
1956 4086 2059 4160 dicit:

1080 4180 1203 4270 Quare
1226 4197 1368 4272 pmpter
1389 4195 1540 4253 vestram
1562 4184 1790 4255 traditionem
1807 4189 1945 4260 violatis
1959 4213 2061 4260 man·

1077 4285 1198 4354 datum
1209 4280 1301 4353 Dei?
1352 4281 1419 4354 His
1434 4284 1550 4356 verbis
1564 4285 1752 4376 significat,
1777 4292 1983 4362 mandatum
1994 4288 2063 4362 Dei

1076 4387 1344 4456 anteferendum
1370 4407 1444 4456 esse
1465 4389 1641 4458 mandatis
1657 4383 1840 4475 humanis,
1865 4405 1900 4464 et
1916 4396 2060 4486 quando

1077 4487 1241 4559 mandata
1257 4480 1444 4556 hominum
1460 4491 1681 4582 praecipiunt
1694 4491 1830 4584 aliquid
1846 4494 1958 4564 facere
1974 4518 2061 4564 cou-

1077 4601 1130 4659 tra
1157 4590 1323 4658 mandata
1345 4585 1432 4674 Dei,
1463 4605 1548 4662 tunc
1577 4593 1765 4662 debeamus
1795 4617 1934 4666 servare
1958 4619 2062 4686 regu-

1077 4690 1164 4760 lam:
1191 4685 1347 4780 Oportet
1361 4686 1438 4761 Deo
1460 4690 1571 4782 magis
1591 4693 1752 4780 obedire,
1780 4720 1884 4789 quam
1904 4694 2061 4766 homini-

1077 4791 1160 4863 bus,
1206 4788 1303 4859 Haec
1325 4792 1444 4880 regula
1466 4808 1517 4864 est
1537 4794 1703 4875 immota,
1729 4809 1766 4868 ct
1781 4821 1919 4897 semper
1935 4789 1974 4866 i'n
1988 4793 2060 4868 Ec-

1076 4890 1180 4962 clesia
1196 4885 1290 4962 hanc
1302 4893 1459 4981 regulam
1475 4895 1693 4966 notissimam
1709 4921 1782 4969 esse
1798 4913 1947 4990 oportet.
2165 4887 2168 4894 ⁴

1175 5007 1223 5078 Et
1236 5009 1281 5078 de
1293 5004 1352 5077 his
1366 5011 1618 5083 traditionibus
1632 5017 1856 5088 manifestum
1870 5027 1940 5099 est,
1962 5019 2059 5112 quod

1076 5133 1151 5180 non
1166 5109 1239 5179 sint
1255 5107 1463 5198 cultusDei,
1489 5114 1550 5184 sed
1566 5126 1607 5185 ut
1619 5112 1751 5188 Paulus
1766 5115 1870 5202 dicit,
1896 5133 1979 5190 sunt
1993 5122 2060 5191 do·

1075 5213 1186 5283 ctrina
1203 5209 1494 5283 Daemoniorum.
1542 5213 1589 5287 Et
1614 5231 1755 5288 econtra
1776 5218 1891 5292 cultus
1906 5217 1973 5294 Dei
1997 5235 2061 5310 est,

1074 5314 1236 5388 resistere
1251 5313 1383 5386 talibus
1397 5315 1553 5390 cultibus
1567 5330 1602 5391 et
1617 5319 1800 5400 doctrinis.
1933 5325 1937 5332 “
