4616 5818
244 142 313 218 ror
835 127 961 202 rura
989 89 1668 208 nnn.sen1rmuxnonnoa;
1696 157 1698 160 ·
2194 134 2258 210 ns

244 329 334 386 stem
347 333 412 404 pro
427 329 490 378 sua
505 299 737 386 crudelitate,
762 299 824 370 scd
838 299 985 392 reprimi
1005 323 1086 372 enm
1102 295 1239 374 aChri·
1261 315 1265 350 ι
1287 318 1363 375 tum
1380 319 1524 395 propter
1538 302 1689 390 Filium3
1715 320 1751 380 et
1767 306 1957 392 laetitiam,
1991 306 2026 376 id
2052 320 2119 393 est,
2150 332 2258 378 reram

245 432 319 502 sto,
352 436 418 483 nec
436 408 516 502 plus
540 426 688 488 nocere,
717 400 789 472 nisi
809 417 983 497 quantum
1005 401 1038 472 ei
1063 403 1239 495 permitti·
1287 405 1514 477 dilectionem
1538 401 1628 482 Dei'
1668 407 1766 480 Haec
1782 433 1861 480 eum
1884 423 1991 482 ertrnt
2016 425 2257 496 consummata,

245 537 322 600 tur,
357 515 450 584 sient
474 500 793 600 iuquitChristus:
828 501 961 598 Capilli
982 506 1109 596 eapitis
1131 505 1239 576 vestri
1288 509 1483 600 eruntipsa
1500 509 1743 585 vitaaeterna.

176 683 179 690 ,
245 616 427 693 numerati
456 625 540 682 sunt
567 621 634 680 etc.
691 603 783 678 Cum
816 621 934 678 autem
961 601 1077 676 adhuc
1100 620 1239 678 maneat
1389 605 1455 680 Est
1487 631 1569 700 ergo
1603 606 1758 706 hymnus
1793 613 1983 704 descriptio
2018 611 2259 686 beneficiorum

246 744 344 796 mors
374 713 551 808 corporis,
585 724 753 781 maneant
786 723 821 780 et
847 722 1002 779 caeterae
1024 708 1239 779 calamitates
1287 707 1434 796 Christi,
1458 736 1521 782 seu
1530 736 1666 784 summa
1676 711 1877 802 Evangelii,
1893 739 1954 786 seu
1974 716 2261 806 descriptioregni

248 841 455 898 communes
469 813 609 906 generis
623 805 795 897 humani,
821 826 855 881 et
872 810 1037 888 diabolus
1053 834 1128 880 non
1145 809 1238 896 deal·
1288 815 1420 885 aeterni
1448 809 1644 896 Ecclesiae,
1685 818 1784 910 quod
1810 830 1928 888 tamen
1956 817 1995 885 in
2023 811 2090 886 hac
2115 817 2184 887 rita
2210 818 2260 884 in·

248 940 311 998 nat
331 939 537 1019 oppugnare
553 911 768 998 Ecclesiam,
793 913 956 982 nondum
983 935 1049 1004 pax
1071 917 1239 982 eonsum-
1289 928 1423 989 coelur.

248 1042 344 1100 mata
361 1038 426 1095 εει.
472 1011 804 1098 Arcenturhostes,
827 1015 1240 1084 etiamsinondumsunt
1390 1015 1573 1087 Praeterea
1600 1033 1641 1090 ut
1663 1019 1779 1109 augeli
1810 1033 1892 1090 sunt
1927 1032 2189 1111 praecentores,
2218 1018 2262 1089 ita

250 1150 397 1226 prorsus
410 1119 581 1217 oppressi.
634 1115 706 1188 Sed
724 1116 791 1186 erit
806 1116 942 1204 integra
962 1140 1049 1206 par,
1073 1141 1153 1186 eum
1169 1111 1240 1188 Eo-
1289 1118 1401 1188 sciant
1424 1143 1547 1190 omnes
1571 1135 1728 1210 pastores
1750 1144 1787 1189 se
1810 1113 1907 1190 hunc
1937 1117 2111 1214 hymnum
2143 1122 2262 1190 debere

251 1235 356 1304 ciceia
372 1241 452 1319 post
466 1217 760 1296 resurrectionem
777 1217 967 1288 ornabitur
982 1241 1043 1286 sna
1066 1217 1189 1308 gloria.
1282 1216 1466 1292 Ecclesiae
1490 1223 1712 1314 praecinere,
1744 1222 1780 1291 id
1802 1235 1873 1306 est,
1905 1225 2044 1292 tradere
2064 1245 2181 1294 veram
2203 1224 2262 1290 do·

305 1411 309 1418 ,
353 1323 538 1402 Laetitia.
579 1315 718 1392 Omnes
732 1314 896 1391 homines
910 1335 1088 1412 quaerunt
1102 1318 1237 1412 aliquid
1260 1399 1262 1405 ¹
1289 1322 1459 1407 ctrinam,
1492 1347 1561 1416 qna
1581 1338 1791 1414 agnoscatur
1810 1321 1927 1408 Deus,
1968 1324 2185 1396 annunciare
2207 1346 2261 1414 pa-

251 1439 418 1511 ultimum
436 1432 475 1498 in
493 1449 564 1520 quo
580 1423 828 1516 acquiescunt,
854 1434 887 1490 et
904 1446 975 1514 quo
999 1445 1080 1492 vere
1105 1421 1239 1491 laeten—
1290 1447 1365 1494 cem
1383 1424 1636 1508 conscientiae,
1655 1439 1797 1516 propter
1812 1423 1949 1496 Filium
1966 1423 2051 1511 Dei,
2071 1441 2105 1498 et
2119 1447 2191 1494 esse
2207 1447 2263 1494 au·

252 1557 334 1634 tur„
376 1535 476 1606 Sicut
489 1549 595 1598 avaro
611 1547 790 1614 summum
809 1524 943 1593 bonum
960 1537 1029 1604 est,
1062 1548 1134 1616 quo
1156 1545 1239 1591 vere
1291 1539 1384 1597 tores
1410 1530 1505 1616 pacis
1530 1539 1565 1596 et
1596 1527 1805 1596 concordiae
1838 1527 1877 1594 in
1902 1523 2080 1612 Ecclesia,
2100 1603 2102 1608 ,
2120 1528 2263 1596 retinere

253 1645 425 1719 laetatur,
451 1633 576 1721 ingens
589 1627 739 1696 accessio
757 1626 947 1715 pecuniae,
980 1641 1015 1696 et
1038 1648 1118 1693 vere
1142 1624 1240 1694 dolet
1291 1627 1395 1697 ctiam
1410 1626 1580 1696 laetitiam
1597 1629 1914 1710 conscientiarum,
1942 1629 2062 1712 idest,
2089 1651 2207 1700 cavere
2225 1651 2263 1694 ne

253 1739 391 1832 ingenti
415 1737 562 1804 iactura.
625 1726 678 1797 lta
704 1726 864 1817 Scipioni
892 1749 1069 1796 summum
1104 1726 1241 1807 honum
1290 1727 1494 1798 saucientur
1509 1730 1743 1801 conscientiae
1760 1731 1816 1800 vel
1838 1731 2110 1819 perturbentur,
2144 1754 2210 1822 qua
2232 1751 2264 1796 re

255 1859 307 1917 est
338 1837 493 1930 gloriosa
517 1830 686 1913 victoria,
724 1824 790 1896 hac
818 1828 968 1896 maxime
996 1829 1164 1912 laetatur,
1205 1839 1240 1896 et
1291 1831 1487 1920 impeditur
1500 1830 1691 1902 invocatio.
1724 1831 1830 1924 Impii
1847 1833 2009 1900 doctores
2024 1831 2145 1900 omnia
2163 1855 2264 1900 mem·

256 1957 382 2018 contra
395 1937 546 2008 maxime
568 1931 722 2014 doleret,
747 1928 778 1997 si
802 1928 1012 2000 vinceretur.
1058 1927 1159 1999 ,Haec
1179 1953 1241 1998 ex·
1292 1933 1354 2000 bra
1381 1932 1607 2003 conturbant.
1666 1931 1844 2016 Primum,
1883 1932 1966 2026 quia
1993 1933 2079 2001 salsa
2113 1933 2264 2000 doctrina

258 2045 374 2137 empla
390 2047 608 2113 monstrant,
644 2030 759 2124 qualis
784 2031 830 2102 sit
855 2026 912 2100 hic
933 2021 1097 2116 allectus,
1131 2040 1241 2124 qu'ae-
1292 2033 1401 2102 laedit
1417 2034 1565 2121 gloriam
1581 2031 1660 2110 Dei.
1711 2032 1872 2113 Deinde,
1905 2035 2023 2105 turbat
2047 2034 2263 2102 concordiam

262 2171 345 2219 rens
359 2135 497 2236 aliquid
514 2137 703 2218 ultimum,
730 2157 802 2225 quo
817 2132 968 2203 laetetur
987 2135 1138 2207 animus.
1290 2129 1481 2209 Ecclesiae.
1533 2133 1676 2222 Tertio,
1702 2135 1836 2206 sauciat
1851 2150 2005 2215 mentes,
2032 2159 2078 2202 ne
2102 2148 2193 2204 recte
2214 2135 2265 2200 in·

361 2246 432 2319 Sed
449 2261 555 2332 supra
571 2258 776 2326 communes
789 2231 977 2303 hominum
999 2234 1161 2324 affectus,
1189 2249 1241 2304 εει
1291 2250 1417 2307 vocent
1439 2235 1567 2306 Deum.
1620 2235 1733 2308 lulius
1759 2239 1877 2308 turbat
1904 2237 1942 2305 in
1970 2240 2126 2307 secundo
2153 2237 2266 2326 gradu,

163 2397 168 2404 .
258 2356 296 2424 in
320 2346 497 2427 Ecclesia,
522 2354 563 2411 ut
583 2335 814 2415 inleremia,
839 2338 878 2404 in
898 2334 1029 2420 Paulo,
1055 2337 1241 2429 peculiaris
1291 2341 1510 2408 contendens
1525 2341 1620 2408 dere
1634 2365 1708 2410 non
1725 2338 1939 2423 necessaria,
1967 2341 2012 2408 de
2033 2353 2191 2428 tempore
2205 2335 2266 2405 Pa-

188 2503 191 2508 -
259 2455 424 2532 affectus,
449 2442 670 2536 acquiescere
696 2439 735 2508 in
757 2437 855 2526 Deo,
890 2460 951 2507 seu
975 2437 1099 2508 laetari
1120 2440 1240 2529 agnito
1290 2435 1431 2512 sehatis.
1484 2439 1601 2510 David
1620 2465 1823 2536 quanquam
1841 2442 2046 2510 eratbonus
2067 2443 2208 2519 doctor,
2233 2460 2266 2504 ac

259 2555 356 2638 Deo,
397 2570 503 2644 quem
537 2544 654 2614 sciunt
677 2541 748 2610 iam
775 2563 812 2609 se
834 2536 964 2609 habere
986 2541 1184 2631 propicium
1208 2552 1243 2609 et
1290 2541 1486 2614 retinuerat
1512 2544 1757 2620 concordiam,
1802 2555 1918 2612 tamen
1947 2541 2135 2611 contristat
2161 2542 2266 2608 botros

259 2655 461 2735 custodem,
488 2667 598 2741 quare
613 2645 646 2713 ei
660 2641 818 2717 volentes
834 2656 867 2711 et
881 2642 964 2711 laeti
982 2643 1241 2733 obtemperant,
1290 2664 1354 2712 suo
1371 2645 1556 2727 scandalo,
1587 2660 1686 2738 rapta
1708 2643 1852 2715 alterius
1875 2641 2037 2734 coniuge.
2089 2641 2172 2716 Sint
2191 2664 2266 2730 ergo

260 2773 294 2830 et
313 2755 379 2827 hac
393 2751 526 2824 laetitia
543 2759 710 2841 superant
722 2759 854 2818 metum
865 2757 1117 2829 etmoerorem,
1134 2767 1239 2838 quem
1290 2743 1420 2838 intenti
1444 2747 1606 2816 doctores
1623 2747 1662 2814 in
1679 2740 1744 2815 hos
1759 2759 1830 2814 tres
1844 2745 1993 2834 gradm,
2018 2757 2060 2814 ut
2076 2769 2159 2812 vere
2176 2766 2267 2834 prae-

259 2861 425 2931 adierunt
440 2851 599 2944 pericula
613 2847 790 2939 corporis,
815 2847 927 2914 famae
951 2858 1012 2916 aut
1036 2870 1175 2926 rerum,
1201 2857 1242 2914 nt
1290 2845 1411 2918 einant
1438 2841 1614 2942 hymnum
1647 2846 1848 2938 angelicum
1875 2845 2027 2938 populo,
2067 2846 2198 2928 idest,
2232 2857 2266 2912 ut

260 2985 340 3034 cum
357 2954 573 3030 Laurentius
587 2953 678 3020 iacet
694 2951 739 3037 in,
757 2947 943 3031 craticula,
968 2961 1087 3018 tamen
1113 2948 1242 3018 retinet
1290 2973 1372 3018 vera
1387 2949 1555 3031 doceant,
1580 2971 1699 3041 pacem
1717 2948 1785 3041 piis
1802 2948 2028 3019 conscientiis
2043 2945 2267 3022 annuncient,

259 3059 542 3151 magnitudinem
559 3051 670 3121 animi
691 3049 944 3144 requiescentis
967 3051 1006 3118 in
1021 3048 1117 3135 Deo,
1150 3073 1241 3145 quae
1289 3063 1457 3120 tueantur
1482 3054 1728 3134 concordiam,
1768 3067 1801 3122 et
1828 3061 1975 3118 caveant
2001 3049 2184 3132 scandala,
2227 3069 2266 3112 ne

260 3189 336 3236 nnn
359 3172 473 3254 potest
494 3155 658 3237 existere,
692 3155 763 3222 nisi
785 3153 925 3222 animus
947 3153 1096 3225 laetetur
1118 3167 1153 3223 et
1178 3155 1241 3221 de·
1291 3175 1435 3245 quoquo
1450 3154 1557 3221 modo
1572 3153 1738 3224 sauciatis
1753 3151 1932 3222 mentibus
1947 3149 2145 3243 impediant
2168 3149 2265 3218 invo-

242 3271 410 3338 'laetetur
423 3261 513 3334 Deo.
566 3255 625 3328 Sic
639 3252 757 3325 David
772 3255 908 3346 inquit:
942 3253 1048 3325 Pater
1072 3267 1107 3324 et
1129 3268 1241 3324 mater
1290 3255 1464 3324 rationem
1478 3251 1555 3322 Dei.

136 3386 139 3392 '
261 3367 528 3458 dereliquerunt
551 3383 627 3444 me,
657 3356 834 3429 Dominus
856 3369 972 3428 autem
998 3357 1149 3447 suscepit
1174 3379 1241 3430 me.

259 3476 365 3542 Item:
408 3464 547 3537 Dedisti
567 3460 736 3532 laetitiam
759 3461 797 3528 in
822 3461 929 3529 corde
950 3483 1048 3544 meo,
1083 3460 1242 3528 afruetu
1622 3455 1680 3508 ΙΝ
1714 3457 1942 3520 septimo.

261 3569 433 3644 frumenti
457 3562 685 3656 multiplicati
701 3574 795 3632 sunt.
849 3559 980 3630 Porros
1008 3559 1094 3632 Sine
1108 3555 1243 3631 Christi
1391 3559 1500 3650 Signa
1522 3560 1724 3653 plerunque
1741 3573 1913 3650 vocantur
1931 3585 2039 3651 opera
2064 3561 2229 3631 inusitata
2248 3581 2264 3625 a

262 3673 443 3767 agnitione
457 3690 531 3736 non
547 3677 662 3757 potest
678 3664 818 3731 animus
834 3662 957 3731 laetari
982 3664 1022 3730 in
1035 3662 1132 3746 Deo,
1158 3663 1242 3754 quia
1290 3660 1366 3733 Dea
1383 3661 1493 3740 facta,
1510 3675 1550 3732 ut
1566 3674 1738 3731 testentur
1753 3663 1889 3756 aliquid
1907 3663 2070 3732 nuntiari
2088 3663 2266 3736 divinitus,

262 3771 379 3849 adhuc
393 3771 484 3860 fugit
496 3768 640 3836 iratum.
695 3761 801 3834 ltem:
827 3762 990 3834 Nonscit
1014 3765 1151 3852 placere
1165 3762 1241 3833 Deo
1291 3777 1330 3834 ut
1346 3763 1564 3832 resuscitatio
1581 3761 1702 3832 Lazari
1722 3777 1795 3834 erat
1815 3786 1905 3855 opus
1927 3761 2039 3834 aDco
2061 3763 2210 3848 lactum,
2232 3777 2267 3830 ut

261 3873 521 3961 obedientiam,
561 3867 600 3935 in
620 3879 716 3936 tanta
740 3878 860 3935 nostra
895 3866 1112 3940 infirmitate.
1172 3863 1242 3936 Sed
1292 3879 1478 3936 testaretur
1497 3860 1681 3934 Christum
1697 3863 1904 3934 vereaDeo
1923 3865 2170 3936 missumesse.
2214 3861 2267 3932 An

261 3981 341 4068 illas
355 3977 491 4070 priores
507 3983 623 4062 partes
638 3963 763 4063 hymni
778 3968 968 4039 comitatur
979 3967 1122 4040 laetitia.
1148 3959 1244 4036 Glo-
1293 3963 1360 4036 hoc
1377 3966 1454 4036 loco
1470 3967 1575 4036 etiam
1594 3966 1645 4034 sic
1662 3966 1829 4057 intelligit
1845 3967 2003 4056 signum,
2021 3991 2102 4036 eum
2120 3969 2186 4037 ait:
2212 3963 2267 4034 In-

220 4116 224 4122 ·
263 4081 322 4152 rio
356 4075 531 4175 significat
562 4095 681 4141 veram
703 4070 866 4140 notitiam
890 4069 956 4140 Dei
985 4071 1023 4138 in
1046 4066 1243 4159 Evangelio
1294 4068 1444 4138 venietis
1459 4068 1629 4138 infantem
1654 4068 1693 4136 in
1717 4069 1900 4160 praesepi?
1929 4064 2030 4139 Alias
2048 4071 2154 4139 aliter
2178 4070 2267 4155 sigua

261 4182 481 4276 patefactam.
533 4165 806 4262 Paxsignifieat
830 4195 950 4262 pacem
979 4195 1060 4242 cum
1079 4169 1176 4256 Deo,
1210 4183 1246 4240 et
1293 4170 1553 4258 intelliguntur.
1585 4167 1683 4262 ,llic
1714 4169 2016 4262 simplicissimum
2054 4185 2106 4241 est
2148 4172 2268 4244 dicere,

263 4280 434 4358 custodiri
450 4303 472 4348 a
486 4277 585 4359 Deo,
612 4271 666 4344 Ex
681 4271 738 4343 his
750 4275 865 4344 oritur
879 4274 1012 4346 laetitia
1031 4288 1065 4343 et
1078 4274 1245 4343 rolcrnta-
1293 4274 1390 4364 quod
1405 4273 1545 4361 signum
1562 4284 1680 4354 vocet,
1704 4295 1778 4342 non
1793 4273 2005 4342 miraculum
2022 4275 2118 4366 quod
2135 4275 2178 4342 de
2192 4292 2269 4340 nar·

227 4373 230 4384 ’
263 4379 545 4459 riaobedientia.
582 4375 653 4448 Sed
672 4370 758 4446 haec
772 4377 905 4448 laetitia
920 4377 960 4445 in
976 4371 1041 4445 hae
1055 4375 1127 4446 vita
1141 4398 1245 4465 saepe
1292 4374 1432 4444 ratione
1457 4373 1680 4452 testificetur,
1721 4376 1781 4443 sed
1810 4397 1883 4442 rem
1910 4398 1981 4465 qua
2014 4374 2102 4444 velit
2136 4368 2270 4462 agnosci

263 4484 523 4560 interturbatur
538 4477 674 4566 magnis
696 4479 892 4548 terroribus
914 4492 949 4549 et
972 4477 1178 4562 doloribus,
1203 4499 1245 4546 ex
1293 4474 1390 4546 hunc
1408 4477 1592 4559 infantem,
1618 4489 1653 4545 et
1668 4476 1822 4545 discerni
1839 4498 1860 4544 a
1877 4475 2033 4563 caeteris,
2057 4479 2157 4568 quasi
2175 4475 2271 4551 dicat,

263 4591 393 4687 q'uibus
407 4599 528 4655 tamen
544 4581 734 4661 eluctatur,
758 4581 818 4650 sed
834 4573 1020 4672 posthanc
1043 4579 1152 4652 vitam
1178 4580 1245 4650 crit
1293 4577 1363 4650 Hic
1379 4579 1495 4648 inians
1512 4591 1562 4646 est
1578 4574 1746 4661 Messias,
1781 4599 1887 4669 quem
1911 4577 2101 4646 invenietis
2126 4577 2270 4668 positum

262 4697 411 4783 integra.
1294 4683 1333 4750 in
1350 4680 1528 4772 praesepi,
1554 4679 1594 4746 in
1611 4675 1783 4763 fasciolis,
1811 4681 1858 4748 ita
1883 4680 2097 4748 discernitur
2120 4680 2233 4747 infans
2253 4697 2270 4740 a

306 4830 311 4841 =
368 4789 415 4863 tt
429 4795 548 4858 autem
571 4784 749 4873 intelligas
772 4776 947 4876 hymnum
972 4783 1178 4854 concionari
1201 4783 1245 4852 de
1294 4783 1440 4852 caeteris
1457 4779 1635 4864 omnibus,
1650 4781 1734 4871 quia
1750 4779 1845 4849 Deus
1860 4795 1956 4850 certo
1972 4781 2162 4850 monstrari
2172 4775 2272 4848 Chri·

264 4894 413 4968 summis
435 4889 540 4960 bonis
562 4897 597 4955 et
618 4887 663 4955 de
687 4887 758 4957 vita
783 4899 941 4967 aeterna,
976 4886 1148 4957 intuearis
1170 4887 1246 4978 pri·
1294 4899 1387 4956 stum
1413 4882 1546 4962 voluit,
1587 4882 1702 4951 voluit
1725 4883 1810 4952 sciri
1836 4883 1916 4976 quis
1942 4897 2050 4962 esset,
2088 4881 2151 4952 ubi
2178 4891 2272 4957 esset,

263 5023 362 5071 mum
377 5004 621 5088 praeceptum,
646 5010 790 5078 prorsus
807 4989 902 5056 enim
917 4989 1162 5080 complectitur
1178 4983 1245 5082 hy·
1295 5008 1385 5082 quae
1409 4996 1523 5054 mater
1545 4999 1642 5054 esset.
1696 4983 1785 5055 Vult
1809 4982 1906 5054 enim
1927 4977 2025 5068 Deus
2047 4997 2164 5054 extare
2184 4992 2271 5052 certa

263 5123 370 5169 mnus
402 5095 591 5186 praecipua
618 5113 724 5182 opera
747 5105 782 5161 et
807 5113 963 5160 summos
995 5092 1111 5161 cultus
1137 5089 1245 5180 primi
1294 5087 1495 5160 testimonia
1512 5099 1629 5156 tantae
1643 5087 1696 5155 rei
1714 5087 1753 5154 in
1767 5081 1934 5159 Ecclesia.
2264 5161 2270 5172 ,

262 5187 457 5296 praecepti,
483 5196 614 5266 scilicet
637 5201 762 5262 veram'
779 5193 997 5278 agnitionem
1012 5191 1098 5275 Dei,
1123 5213 1243 5284 pacem
1394 5187 1582 5260 Caeterum
1615 5190 1689 5281 ipse
1723 5202 1929 5280 conspectus
1963 5188 2169 5276 angelorum
2204 5195 2273 5252 erat

263 5299 459 5379 eaneo,
486 5299 607 5381 idest,
640 5297 781 5365 credere
797 5295 911 5368 Deum
937 5319 1011 5366 esse
1036 5287 1244 5365 reconcilia·
1294 5291 1456 5382 signum,
1478 5289 1601 5372 idest,
1635 5291 1847 5360 miraculum
1872 5291 2063 5360 testificans
2089 5292 2131 5360 de
2156 5305 2272 5354 neura·
