4616 5818
58 146 123 224 ιιι
542 89 667 212 ἰιι
719 91 1115 212 Αιιιιοτιιιοιιιιε
1143 133 1193 208 ιιι
1219 95 1522 214 nvancuua.
1993 121 2068 220 aso

1 311 2 398 J
60 319 168 396 fidem,
195 289 421 386 dilectionem
437 307 504 380 Dei
514 343 530 396 ,·
551 309 776 404 patientiam,
798 309 878 381 ideo
895 310 1028 380 dictum
1079 320 1139 376 tur
1154 309 1198 376 de
1213 306 1329 378 officio
1346 263 1588 409 magistratus,
1613 311 1709 404 quod
1732 335 1805 382 non
1828 325 1880 383 est
1901 309 2067 406 prohibi-

58 434 115 490 est:
140 415 215 487 Nisi
231 413 467 487 abundaverit
484 426 562 499 etc,
575 425 614 482 ut
625 409 742 484 David
759 435 834 480 non
848 415 949 482 ardet
967 435 1029 482 cu·
1079 421 1174 492 tum,
1198 409 1271 478 imo
1285 424 1466 481 exercetur
1479 413 1645 482 mandato
1661 410 1740 486 Dei.
1788 409 1893 485 Aliae
1908 416 2066 512 loquun-

58 521 190 614 piditate
211 517 406 602 vindictae,
441 527 482 584 ut
506 513 614 598 Saul,
647 526 681 583 ει
705 527 823 584 tamen
846 537 891 582 ne
910 512 1027 583 David
1079 525 1138 582 tur
1152 512 1196 581 de
1212 512 1346 603 privata
1363 511 1539 598 vindicta,
1566 537 1656 606 quae
1683 509 1864 606 prohibita
1887 533 1946 590 est.
1999 515 2065 593 Εει

58 622 184 715 quidem
202 619 371 690 satisfacit
384 617 455 707 legi
467 613 555 702 Dei,
570 615 727 706 agnoscit
740 637 777 684 se
793 608 924 686 habere
938 614 1028 687 alios
1077 627 1196 683 autem
1212 614 1405 684 acerrimus
1421 630 1559 702 motus,
1585 618 1792 706 praesertim
1809 618 1846 686 in
1863 622 2064 694 excellenti·

57 723 191 792 viciosos
215 721 377 803 affectus,
411 716 572 817 agnoscit
602 717 707 788 etiam
727 731 875 788 naturae
899 718 1029 809 depra-
1077 715 1145 786 bus
1172 715 1310 786 naturis
1341 715 1515 807 cupiditas
1536 716 1732 805 vindictae,
1764 733 1805 790 ut
1825 720 1968 794 dicitur.
2015 721 2065 796 At

1 877 2 885 a
55 825 237 895 rationem:
269 845 352 892 nam
366 820 548 892 interdum
574 817 742 888 oriuntur
763 818 928 888 flammae
951 817 1027 889 odii
1077 816 1234 887 vindicta
1255 817 1388 887 bonum
1406 830 1476 904 est,
1501 831 1536 888 et
1553 819 1625 890 vita
1642 821 1783 896 dulcius
1799 821 1892 914 ipsa,
1912 837 1948 895 et
1962 849 2064 916 saepe

54 928 209 996 adversus
222 922 385 1008 Saulem,
407 943 495 1017 quas
518 936 638 995 tamen
662 919 790 1011 spiritu
814 919 943 990 iterum
967 943 1027 990 cx·
1079 918 1260 1010 perturbat
1273 915 1433 1010 Respub.
1450 933 1484 990 et
1499 915 1685 996 Ecclesiae.
1737 920 1791 994 Ac
1806 925 1962 998 arbitror
1980 927 2061 997 ideo

54 1027 184 1118 tinguit.
365 1091 366 1096 ,
754 1095 757 1106 ,
1077 1020 1154 1090 lieri
1187 1020 1404 1091 mentionem
1435 1021 1627 1092 oblationis
1654 1024 1693 1092 in
1712 1019 1779 1094 hac
1806 1025 1880 1116 ipsa
1907 1031 2064 1115 materia,

143 1124 312 1216 Quaestio
339 1138 391 1195 est
410 1125 538 1214 igitur,
571 1125 753 1218 memorio
778 1122 912 1214 placeat
939 1116 1026 1193 haec
1077 1122 1160 1215 quia
1176 1146 1218 1191 ex
1233 1123 1427 1212 cupiditate
1442 1123 1618 1194 vindictae
1634 1125 1786 1194 maxima
1807 1128 1961 1199 existunt
1987 1156 2063 1201 cer-

54 1231 241 1320 imperiecta
263 1225 491 1297 obedientia?
521 1223 753 1318 Respondeas
789 1223 876 1294 Tria
903 1223 1025 1318 requi·
1078 1223 1210 1295 taurina
1242 1225 1281 1294 in
1303 1220 1474 1296 Ecclesia.
1534 1222 1745 1298 Praemonet
1769 1229 1877 1318 igitur
1899 1227 2064 1308 Christus

1 1383 2 1396 ,
55 1345 171 1400 nmtur
183 1331 227 1400 ad
248 1324 335 1413 hoc,
367 1341 408 1399 nt
430 1328 566 1420 placeat
587 1323 793 1418 imperfecta
813 1324 1026 1397 obedientia.
1077 1325 1342 1410 utofferamus,
1374 1327 1508 1407 idest,
1542 1340 1581 1398 ut
1602 1328 1771 1400 iaciamus
1800 1330 1917 1400 officia
1950 1335 2061 1404 eccle-

55 1431 199 1501 Primum
214 1431 443 1501 statuendum
467 1444 536 1514 est,
565 1451 752 1522 personam
776 1426 846 1496 fide
868 1427 1026 1498 reconci-
1076 1426 1212 1497 siastica
1227 1429 1304 1498 sine
1318 1426 1429 1514 odiis,
1455 1428 1533 1498 sine
1548 1431 1739 1523 cupiditate
1763 1432 1950 1509 vindictae.
2003 1435 2062 1508 Si·
2101 1431 2105 1440 ’

55 1534 222 1602 liationem
252 1531 412 1622 accipere
435 1532 581 1617 debere,
613 1544 759 1622 propter
781 1531 1024 1599 mediatorem.

56 1633 204 1705 Secundo
220 1634 484 1722 agnoscendum
500 1646 552 1703 est
565 1655 631 1702 nos
656 1626 790 1703 habere
800 1645 966 1722 peccam,
992 1644 1026 1701 ct

1 1769 2 1824 ι
55 1759 117 1806 non
139 1735 339 1806 satisfacere
361 1735 430 1825 legi
445 1731 530 1818 Dei,
565 1748 605 1806 ut
628 1730 747 1803 David
770 1733 904 1827 inquit:
937 1731 1019 1803 Non

57 1837 151 1907 intres
176 1838 215 1906 in
242 1835 416 1906 iudicium
439 1857 520 1904 cum
542 1857 644 1904 servo
664 1850 738 1906 tuo.
799 1833 903 1904 ltem:
939 1832 1026 1904 Tibi

56 1953 177 2009 tantum
192 1961 272 2008 sum
289 1951 486 2027 peccatum,
512 1949 553 2006 ut
568 1936 769 2008 iustificeris
789 1937 829 2005 in
851 1936 1025 2007 sermoni-

58 2040 111 2109 bus
138 2038 216 2112 tuis.
282 2037 407 2109 Tertio
431 2041 659 2109 statuendum
682 2050 752 2119 est,
789 2038 884 2132 quod
907 2052 1026 2108 tamen

56 2139 137 2210 lleus
151 2140 312 2234 requirat
327 2139 503 2210 incoatam
520 2140 776 2225 obedientiam,
810 2152 845 2212 et
865 2141 908 2209 ad
931 2133 1025 2208 hanc

58 2243 249 2314 incoandam
274 2243 333 2312 det
352 2240 525 2333 Spiritum
550 2255 730 2324 sanctum,
761 2240 857 2310 etin
882 2236 937 2309 bis
962 2239 1024 2333 qui

57 2359 125 2414 sunt
152 2342 371 2414 reconciliati
403 2344 471 2412 fide
501 2343 648 2434 recipiat
683 2342 790 2413 etiam
811 2335 878 2411 hos
897 2342 1026 2426 cultus,

1 2423 2 2454 ¹
58 2459 181 2534 propter
194 2444 449 2527 mediatorem,
483 2456 519 2515 et
533 2444 712 2514 condonet
735 2443 774 2513 id
798 2446 891 2536 qrrod
916 2446 1025 2535 deest,

1 2759 4 2918 l

57 2557 88 2614 ut
104 2543 221 2617 Petrus
254 2546 390 2639 inquit:
424 2539 563 2616 Offerte
591 2542 724 2618 bestias
739 2545 923 2637 placentes
947 2543 1025 2616 Deo

58 2661 182 2740 propter
197 2646 317 2718 lesum
335 2642 531 2719 Christum.

410 2811 659 2866 nerexto.

140 2913 229 2988 Cum
247 2925 362 2983 antem
377 2911 523 2998 dicitur,
544 2937 687 2984 manere
702 2927 884 3005 peecatum
899 2915 938 2985 in
946 2937 1026 2986 san-

56 3017 116 3100 ctis,
127 3031 159 3089 et
173 3030 296 3087 tamen
313 3014 447 3108 requiri
458 3015 634 3086 incoatam
643 3016 894 3100 obedientiam,
917 3043 1025 3112 qnae-

57 3117 150 3204 ritur,
172 3141 267 3214 quae
282 3113 421 3207 peccata
438 3117 512 3188 sint
535 3116 574 3186 in
595 3119 724 3189 sanctis
746 3119 904 3212 reliqna,
937 3143 1027 3214 quae

56 3243 123 3288 vero
142 3219 320 3290 excutiant
341 3217 510 3308 gratiam,
550 3232 584 3289 et
614 3222 824 3310 perturbent
848 3220 1024 3313 Spiritum

56 3321 221 3391 sanctum?
257 3317 492 3411 Respondes,
519 3333 669 3392 manent
691 3321 729 3391 in
754 3322 883 3392 sanctis
904 3346 1025 3416 pecca·

56 3433 117 3488 tum
132 3421 300 3513 originis,
321 3434 362 3490 et
378 3421 481 3513 pravi
496 3421 662 3512 affectus,
696 3425 756 3492 sed
784 3423 832 3492 ita
853 3437 894 3495 nt
917 3448 1026 3518 repu-

1 3545 2 3550 ’
56 3538 147 3610 guent
160 3523 273 3594 sancti
289 3518 346 3592 his
364 3522 479 3596 malis.
530 3522 601 3594 Sed
617 3523 656 3595 ⁴si
680 3525 918 3618 assentiantur
939 3550 1026 3598 con-

55 3634 98 3693 tra
122 3625 391 3704 conscientiam,
425 3637 459 3694 et
487 3623 715 3715 indulgeant,
748 3652 788 3696 ac
818 3651 892 3697 non
916 3639 1025 3720 repu-

56 3740 162 3812 gnent,
186 3725 366 3798 amittitur
385 3723 516 3815 gratia,
542 3729 791 3809 conturbatur,
826 3742 860 3801 et
882 3731 1024 3800 eiicitur

56 3823 190 3916 Spiritus
215 3841 376 3912 sanctus,
410 3841 450 3898 nt
481 3825 519 3895 in
551 3825 658 3898 Saule
691 3843 829 3919 peccata
857 3833 1021 3903 mortalia

56 3944 137 4015 sunt,
166 3954 243 4001 non
262 3929 378 4010 ‚solum
403 3939 568 4000 externae
588 3930 742 4001 iniuriae
763 3946 886 4003 contra
909 3931 1022 4004 Davi-

56 4029 134 4116 dem,
159 4031 340 4102 sedetiam
358 4027 481 4102 odium
508 4029 625 4122 ipsum
649 4033 850 4119 internum,
880 4034 939 4106 cui
964 4037 1021 4104 in·-

1 4165 2 4168 =
55 4129 157 4222 dulget
172 4147 206 4204 et
223 4133 426 4204 assentitur.

136 4231 289 4305 Addidit
318 4233 430 4324 igitur
454 4226 618 4303 Christus
648 4228 710 4304 hic
740 4237 947 4322 concionem
976 4240 1021 4310 de

55 4333 140 4420 odio,
163 4338 219 4406 cui
237 4335 446 4428 indulgetur
463 4346 586 4404 contra
604 4336 874 4425 conscientiam,
900 4341 938 4408 id
962 4341 1020 4411 iu-

1077 1530 1152 1598 mul
1170 1530 1275 1599 etiam
1295 1532 1398 1600 docet
1411 1525 1471 1600 hic
1491 1529 1609 1614 locus,
1640 1534 1858 1604 ceremonias
1878 1559 1953 1606 non
1977 1561 2062 1628 pro-

1076 1633 1175 1700 desse
1193 1632 1284 1717 istis‚
1312 1632 1372 1724 qni
1389 1628 1522 1704 habent
1546 1647 1680 1706 mentes
1704 1637 1958 1708 contaminatas
1979 1663 2061 1730 pcc-

1076 1734 1161 1803 catis
1193 1747 1315 1803 contra
1349 1733 1620 1822 conscientiam,
1668 1738 1839 1809 videlicet
1868 1740 2058 1811 violatione

1075 1834 1284 1920 moralium,
1318 1836 1408 1908 sicut
1429 1836 1515 1906 alibi
1537 1837 1685 1910 dicitur:
1721 1837 1953 1911 Circumcisio
1978 1867 2061 1935 pro·

1077 1938 1174 2020 dest,
1201 1937 1232 2007 si
1250 1939 1362 2029 legem
1380 1940 1556 2012 observes.

1425 2122 1485 2173 De
1518 2125 1711 2176 ΟΗΗΟ.

1175 2221 1301 2294 Μοιιει
1317 2221 1423 2294 etiam
1438 2237 1570 2310 textus,
1595 2247 1710 2319 aquo
1733 2230 1975 2300 reconciliatio
2002 2233 2060 2302 in·
2178 2215 2183 2220 ¹

1078 2327 1213 2396 coanda
1246 2326 1301 2396 sit.
1359 2323 1455 2414 Quia
1488 2340 1601 2398 textus
1624 2327 1759 2422 inquit:
1792 2330 1831 2402 si
1856 2335 2059 2404 recordatus

1077 2427 1204 2513 fueris,
1231 2429 1324 2521 quod
1341 2429 1451 2498 irater
1465 2441 1548 2498 tuus
1565 2425 1693 2500 habeat
1713 2431 1850 2524 aliquid
1872 2436 2059 2505 adversum

1077 2541 1111 2599 te
1128 2545 1192 2602 etc.
1251 2527 1345 2619 Quia
1368 2529 1483 2600 laesus
1502 2526 1608 2601 habet
1632 2554 1772 2602 causam
1795 2537 1963 2607 adversus
1987 2539 2059 2606 lae-

1075 2633 1240 2717 dentem,
1265 2632 1482 2730 incos'itergo
1502 2632 1827 2705 reconciliationem
1843 2638 1875 2706 is
1900 2640 1962 2731 qui
1987 2640 2060 2708 lae-

1077 2733 1135 2806 sit.
1185 2733 1257 2806 Sed
1274 2733 1411 2804 etiamsi
1425 2733 1457 2802 is
1472 2733 1597 2804 durior
1612 2747 1681 2819 est,
1702 2759 1809 2829 quam
1825 2755 1865 2811 ut
1878 2739 1971 2810 flecti
1985 2763 2060 2810 sese

1077 2837 1123 2906 ad
1140 2836 1325 2908 sanitatem
1342 2833 1446 2917 velit,
1472 2848 1591 2906 tamen
1607 2836 1723 2908 laesus
1734 2860 1816 2910 ‚non
1838 2840 1943 2911 debet
1965 2843 2059 2912 alere

1078 2939 1222 3023 odium,
1245 2950 1304 3022 ut,
1328 2936 1466 3007 etiamsi
1480 2936 1567 3012 Saul
1582 2962 1658 3008 non
1672 2941 1812 3031 petebat
1826 2943 1978 3027 veniam,
2005 2957 2060 3013 ta-

1077 3063 1160 3109 men
1174 3038 1290 3110 David
1309 3062 1382 3108 non
1400 3041 1523 3110 oderat
1538 3064 1638 3127 eum,
1670 3065 1745 3110 non
1769 3041 1918 3114 indulsit
1939 3046 2058 3136 priva-

1076 3156 1132 3213 tae
1162 3141 1349 3233 cupiditati
1378 3141 1575 3228 vindictae,
1615 3145 1676 3214 sed
1706 3145 1858 3216 servavit
1885 3147 2058 3236 regulam:

1076 3241 1282 3329 Remittite,
1306 3256 1342 3315 et
1355 3243 1559 3314 remittetur
1575 3245 1689 3317 vobis.
1739 3245 1843 3317 Hanc
1860 3271 1962 3340 saepe
1984 3273 2057 3320 non

1076 3348 1267 3417 observant
1299 3345 1428 3416 irritati
1460 3344 1598 3415 levibus
1631 3346 1791 3432 iniuriis,
1831 3365 2059 3443 compensant

1075 3471 1133 3520 eas
1149 3447 1306 3519 vindicta
1322 3449 1437 3517 multo
1450 3447 1642 3534 atrociore,
1659 3471 1765 3542 quarn
1781 3451 1896 3522 fuerat
1912 3453 2058 3538 iniuria,
2154 3481 2155 3486 ¹
2260 3483 2268 3498 ·

1075 3573 1144 3642 qua
1162 3549 1230 3640 ipsi
1246 3549 1363 3620 affecti
1383 3561 1484 3633 sunt,
1515 3549 1588 3620 imo
1612 3551 1719 3622 etiam
1740 3551 1888 3643 privatis
1911 3570 2059 3627 conten-

1074 3650 1233 3722 tionibus
1248 3653 1396 3722 miscent
1411 3649 1552 3741 publica
1567 3655 1724 3744 negocia.

1176 3749 1254 3825 Hoc
1268 3754 1401 3824 malum
1418 3753 1608 3841 diligenter
1623 3755 1920 3840 considerandum
1939 3771 1972 3828 et
1999 3783 2056 3828 ca-

1073 3857 1227 3926 vendum
1250 3871 1320 3942 est,
1352 3880 1397 3924 ne
1419 3878 1565 3926 ruamus
1589 3874 1711 3928 corrtra
1733 3858 1953 3930 voluntatem
1978 3858 2056 3944 Dei,
2130 3947 2134 3954 ¹

1072 3971 1106 4028 et
1127 3971 1248 4028 nostra
1270 3957 1493 4051 impatientia
1515 3973 1547 4028 et
1570 3960 1762 4049 cupiditate
1788 3951 1967 4030 vindictae
1989 3985 2056 4031 no-

1072 4081 1212 4130 ceamus
1230 4057 1408 4131 Ecclesiae
1433 4057 1490 4128 vel
1507 4055 1663 4150 Reipub.
1715 4059 1785 4132 Sed
1817 4063 1935 4152 potius
1962 4063 2056 4132 obli-

1072 4163 1248 4232 viscamur
1275 4161 1445 4240 iniurias,
1487 4174 1521 4231 et
1547 4183 1729 4244 sanemus,
1769 4161 1860 4234 sicut
1891 4158 2056 4234 Christus

1071 4263 1341 4334 commonefacit
1358 4264 1424 4332 nos
1440 4261 1561 4332 lavans
1576 4265 1681 4353 pedes
1695 4264 1898 4354 Apostolis,
1931 4278 1966 4336 et
1990 4268 2055 4336 ad-

1071 4368 1160 4436 dens
1178 4380 1420 4458 praeceptum:
1456 4362 1603 4454 Diligite
1618 4367 1788 4449 invicem,
1819 4380 1855 4437 et
1876 4367 1966 4438 sicut
1988 4390 2075 4457 ego·
2133 4415 2136 4424 Δ

54 4432 101 4504 bil
130 4439 276 4529 d⁰P⁰¹¹ls
317 4450 352 4507 ‘³⁸
375 4436 475 4506 lubet
497 4435 678 4505 '‘dil‘'ln
702 4441 861 4526 Statim·
927 4438 1018 4512 cum
1069 4467 1154 4552 feci,
1179 4467 1229 4537 ita
1246 4491 1309 4538 vos
1323 4465 1470 4540 faciatis.
1525 4465 1613 4536 Nam
1632 4470 1720 4540 lotio
1738 4471 1868 4559 pedum
1884 4469 2055 4561 propriis-

55 4537 131 4606 enim
163 4540 297 4634 inquit:
338 4535 378 4610 Si
404 4529 610 4608 recordatus
631 4539 758 4624 fueris,
791 4543 885 4634 quod
910 4543 1020 4612 frater

1070 4570 1158 4638 sime
1177 4567 1363 4664 significat
1395 4568 1495 4637 illam
1520 4572 1738 4641 sanationem
1762 4568 1999 4641 offensionum
2021 4584 2056 4641 et

54 4647 119 4706 tuus
132 4641 265 4734 aliquid
281 4641 469 4710 adversum
483 4655 517 4710 te
531 4633 676 4721 habeat,
702 4641 784 4712 facit
801 4643 1018 4714 mentionem
1069 4681 1289 4759 matorum,
1314 4673 1370 4743 ,el
1385 4669 1612 4747 inguinum·

54 4737 178 4812 allectus
192 4755 315 4814 contra
332 4739 585 4810 conscientiam
602 4736 801 4829 haerentis,
826 4738 924 4814 hunc
940 4747 1018 4818 vult

54 4839 185 4931 deponi,
215 4842 352 4916 etiamsi
366 4844 514 4912 morbus
531 4844 703 4915 naturalis
717 4868 792 4916 non
816 4860 930 4938 potest
954 4850 1018 4918 de-

54 4963 132 5027 pona.

359 5078 418 5148 lte
451 5091 467 5129 ε
485 5090 501 5128 e
518 5091 536 5142 p
555 5081 567 5131 t
584 5077 593 5128 l
610 5093 636 5132 ιιι
660 5091 685 5134 ο.

136 5181 270 5254 lllultae
300 5195 386 5255 sunt
412 5184 606 5254 sententiae
636 5187 681 5254 de
703 5185 890 5267 uindicta,
926 5211 1015 5282 quae

1 5301 2 5342 ι
55 5283 224 5365 prudenter
236 5286 490 5356 discernendae
504 5300 597 5362 sunt.
630 5285 733 5358 Aliae
747 5290 842 5358 enim
859 5291 1014 5384 loquun-

1208 4873 1429 4958 Dominiea
1445 4873 1545 4960 Vll.
1563 4878 1661 4984 post
1677 4874 1911 4960 Trinitatis.
1967 4969 1973 4986 ,

1351 5037 1587 5130 Evangelium
1602 5037 1718 5108 Marci
1734 5039 1769 5110 8.

1117 5180 1169 5253 In
1185 5178 1313 5251 diebus
1336 5175 1436 5260 illis,
1472 5201 1551 5248 cum
1578 5173 1688 5246 turba
1710 5168 1911 5262 adrandum
1934 5171 2054 5244 nialla

1169 5290 1258 5355 esset
1268 5338 1278 5370 ,
1303 5303 1366 5352 nec
1379 5274 1557 5379 haberent
1569 5272 1674 5376 quod
1684 5272 1968 5358 manducarent,
1997 5299 2056 5344 vo-
