<?xml version="1.0" encoding="UTF-8"?>
<!DOCTYPE html PUBLIC "-//W3C//DTD XHTML 1.0 Transitional//EN"
    "http://www.w3.org/TR/xhtml1/DTD/xhtml1-transitional.dtd">
<html xmlns="http://www.w3.org/1999/xhtml" xml:lang="en" lang="en">
 <head>
  <title>
</title>
<meta http-equiv="Content-Type" content="text/html;charset=utf-8" />
  <meta name='ocr-system' content='tesseract 3.04.00' />
  <meta name='ocr-capabilities' content='ocr_page ocr_carea ocr_par ocr_line ocrx_word'/>
</head>
<body>
  <div class='ocr_page' id='page_1' title='image "./corpusreformato24melagoog/corpusreformato24melagoog_0020.png"; bbox 0 0 4714 5826; ppageno 0'>
   <div class='ocr_carea' id='block_1_1' title="bbox 82 189 2087 279">
    <p class='ocr_par' dir='ltr' id='par_1_1' title="bbox 82 159 2087 279">
     <span class='ocr_line' id='line_1_1' title="bbox 82 189 2087 279; baseline -0 -5"><span class='ocrx_word' id='word_1_1' title='bbox 82 203 123 274; x_wconf 84' lang='lat' dir='ltr'><strong>n</strong></span> <span class='ocrx_word' id='word_1_2' title='bbox 490 199 537 276; x_wconf 70' lang='lat' dir='ltr'><strong>n</strong></span> <span class='ocrx_word' id='word_1_3' title='bbox 588 194 892 279; x_wconf 78' lang='lat' dir='ltr'><strong>mantuano</strong></span> <span class='ocrx_word' id='word_1_4' title='bbox 923 189 1333 275; x_wconf 81' lang='lat' dir='ltr'><strong>raovnasronuu</strong></span> <span class='ocrx_word' id='word_1_5' title='bbox 1363 191 1665 270; x_wconf 75' lang='lat' dir='ltr'><strong>senonens.</strong></span> <span class='ocrx_word' id='word_1_6' title='bbox 2039 197 2087 274; x_wconf 83' lang='lat' dir='ltr'><strong>tt</strong></span> 
     </span>
    </p>
   </div>
   <div class='ocr_carea' id='block_1_2' title="bbox 75 367 2103 884">
    <p class='ocr_par' dir='ltr' id='par_1_2' title="bbox 75 367 2103 884">
     <span class='ocr_line' id='line_1_2' title="bbox 81 367 2087 465; baseline 0 -25"><span class='ocrx_word' id='word_1_7' title='bbox 81 372 211 462; x_wconf 88' lang='lat' dir='ltr'><strong>regulae</strong></span> <span class='ocrx_word' id='word_1_8' title='bbox 233 372 452 465; x_wconf 91' lang='lat' dir='ltr'><strong>respondent</strong></span> <span class='ocrx_word' id='word_1_9' title='bbox 465 375 632 446; x_wconf 85' lang='lat' dir='ltr'><strong>eventus:</strong></span> <span class='ocrx_word' id='word_1_10' title='bbox 659 371 877 445; x_wconf 81' lang='lat' dir='ltr'><strong>scortatores</strong></span> <span class='ocrx_word' id='word_1_11' title='bbox 898 385 932 443; x_wconf 92' lang='lat' dir='ltr'><strong>et</strong></span> <span class='ocrx_word' id='word_1_12' title='bbox 947 371 1050 442; x_wconf 93' lang='lat' dir='ltr'><strong>adul·</strong></span> <span class='ocrx_word' id='word_1_13' title='bbox 1204 367 1254 441; x_wconf 92' lang='lat' dir='ltr'><strong>Ut</strong></span> <span class='ocrx_word' id='word_1_14' title='bbox 1275 383 1392 442; x_wconf 88' lang='lat' dir='ltr'><strong>autem</strong></span> <span class='ocrx_word' id='word_1_15' title='bbox 1413 369 1575 441; x_wconf 89' lang='lat' dir='ltr'><strong>omnium</strong></span> <span class='ocrx_word' id='word_1_16' title='bbox 1596 377 1765 442; x_wconf 80' lang='lat' dir='ltr'><strong>virtutum</strong></span> <span class='ocrx_word' id='word_1_17' title='bbox 1786 368 1987 442; x_wconf 90' lang='lat' dir='ltr'><strong>intellectus</strong></span> <span class='ocrx_word' id='word_1_18' title='bbox 2003 369 2087 442; x_wconf 89' lang='lat' dir='ltr'><strong>ideo</strong></span> 
     </span>
     <span class='ocr_line' id='line_1_3' title="bbox 78 465 2084 567; baseline -0.002 -22"><span class='ocrx_word' id='word_1_19' title='bbox 78 488 163 545; x_wconf 92' lang='lat' dir='ltr'><strong>tcros</strong></span> <span class='ocrx_word' id='word_1_20' title='bbox 176 474 302 566; x_wconf 88' lang='lat' dir='ltr'><strong>puniet</strong></span> <span class='ocrx_word' id='word_1_21' title='bbox 317 475 425 550; x_wconf 89' lang='lat' dir='ltr'><strong>Deus.</strong></span> <span class='ocrx_word' id='word_1_22' title='bbox 475 471 523 545; x_wconf 83' lang='lat' dir='ltr'><strong>Et</strong></span> <span class='ocrx_word' id='word_1_23' title='bbox 537 470 596 544; x_wconf 89' lang='lat' dir='ltr'><strong>hic</strong></span> <span class='ocrx_word' id='word_1_24' title='bbox 612 499 687 567; x_wconf 88' lang='lat' dir='ltr'><strong>cap.</strong></span> <span class='ocrx_word' id='word_1_25' title='bbox 700 473 736 545; x_wconf 83' lang='grc' dir='ltr'><strong>θ.</strong></span> <span class='ocrx_word' id='word_1_26' title='bbox 763 469 914 545; x_wconf 80' lang='lat' dir='ltr'><strong>Adulter</strong></span> <span class='ocrx_word' id='word_1_27' title='bbox 930 471 1052 564; x_wconf 86' lang='lat' dir='ltr'><strong>perdet</strong></span> <span class='ocrx_word' id='word_1_28' title='bbox 1103 472 1281 542; x_wconf 91' lang='lat' dir='ltr'><strong>mentibus</strong></span> <span class='ocrx_word' id='word_1_29' title='bbox 1295 467 1634 558; x_wconf 88' lang='lat' dir='ltr'><strong>homiuumiuditus</strong></span> <span class='ocrx_word' id='word_1_30' title='bbox 1651 484 1714 557; x_wconf 91' lang='lat' dir='ltr'><strong>est,</strong></span> <span class='ocrx_word' id='word_1_31' title='bbox 1738 486 1779 543; x_wconf 91' lang='lat' dir='ltr'><strong>ut</strong></span> <span class='ocrx_word' id='word_1_32' title='bbox 1795 465 1863 542; x_wconf 87' lang='lat' dir='ltr'><strong>hoc</strong></span> <span class='ocrx_word' id='word_1_33' title='bbox 1878 471 1994 562; x_wconf 90' lang='lat' dir='ltr'><strong>ipsum</strong></span> <span class='ocrx_word' id='word_1_34' title='bbox 2010 471 2084 541; x_wconf 93' lang='lat' dir='ltr'><strong>dis-</strong></span> 
     </span>
     <span class='ocr_line' id='line_1_4' title="bbox 77 569 2085 669; baseline -0 -26"><span class='ocrx_word' id='word_1_35' title='bbox 77 577 220 644; x_wconf 89' lang='lat' dir='ltr'><strong>animam</strong></span> <span class='ocrx_word' id='word_1_36' title='bbox 244 599 365 656; x_wconf 79' lang='lat' dir='ltr'><strong>seram,</strong></span> <span class='ocrx_word' id='word_1_37' title='bbox 396 587 438 646; x_wconf 90' lang='lat' dir='ltr'><strong>nt</strong></span> <span class='ocrx_word' id='word_1_38' title='bbox 461 571 629 647; x_wconf 72' lang='lat' dir='ltr'><strong>historiae</strong></span> <span class='ocrx_word' id='word_1_39' title='bbox 652 577 810 669; x_wconf 86' lang='lat' dir='ltr'><strong>privatae</strong></span> <span class='ocrx_word' id='word_1_40' title='bbox 831 588 868 646; x_wconf 88' lang='lat' dir='ltr'><strong>et</strong></span> <span class='ocrx_word' id='word_1_41' title='bbox 889 574 1051 665; x_wconf 90' lang='lat' dir='ltr'><strong>publicae</strong></span> <span class='ocrx_word' id='word_1_42' title='bbox 1102 574 1237 643; x_wconf 87' lang='lat' dir='ltr'><strong>crimen</strong></span> <span class='ocrx_word' id='word_1_43' title='bbox 1265 569 1495 644; x_wconf 89' lang='lat' dir='ltr'><strong>honestorum</strong></span> <span class='ocrx_word' id='word_1_44' title='bbox 1521 585 1555 644; x_wconf 91' lang='lat' dir='ltr'><strong>ct</strong></span> <span class='ocrx_word' id='word_1_45' title='bbox 1578 573 1736 664; x_wconf 87' lang='lat' dir='ltr'><strong>turpium</strong></span> <span class='ocrx_word' id='word_1_46' title='bbox 1758 573 1806 643; x_wconf 87' lang='lat' dir='ltr'><strong>sit</strong></span> <span class='ocrx_word' id='word_1_47' title='bbox 1829 572 2085 652; x_wconf 87' lang='lat' dir='ltr'><strong>testimonium,</strong></span> 
     </span>
     <span class='ocr_line' id='line_1_5' title="bbox 77 671 2103 769; baseline -0.001 -23"><span class='ocrx_word' id='word_1_48' title='bbox 77 679 273 761; x_wconf 88' lang='lat' dir='ltr'><strong>ostendunt,</strong></span> <span class='ocrx_word' id='word_1_49' title='bbox 298 674 427 762; x_wconf 87' lang='lat' dir='ltr'><strong>David,</strong></span> <span class='ocrx_word' id='word_1_50' title='bbox 450 673 572 764; x_wconf 85' lang='lat' dir='ltr'><strong>Troia,</strong></span> <span class='ocrx_word' id='word_1_51' title='bbox 599 673 746 748; x_wconf 80' lang='lat' dir='ltr'>Thebae</span> <span class='ocrx_word' id='word_1_52' title='bbox 760 689 824 749; x_wconf 86' lang='lat' dir='ltr'><strong>cte.</strong></span> <span class='ocrx_word' id='word_1_53' title='bbox 871 671 921 747; x_wconf 81' lang='lat' dir='ltr'><strong>Et</strong></span> <span class='ocrx_word' id='word_1_54' title='bbox 936 697 1051 766; x_wconf 83' lang='lat' dir='ltr'><strong>quau-</strong></span> <span class='ocrx_word' id='word_1_55' title='bbox 1103 677 1199 769; x_wconf 90' lang='lat' dir='ltr'><strong>quod</strong></span> <span class='ocrx_word' id='word_1_56' title='bbox 1223 675 1270 747; x_wconf 89' lang='lat' dir='ltr'><strong>sit</strong></span> <span class='ocrx_word' id='word_1_57' title='bbox 1283 673 1398 763; x_wconf 86' lang='lat' dir='ltr'><strong>Deus,</strong></span> <span class='ocrx_word' id='word_1_58' title='bbox 1423 687 1458 746; x_wconf 91' lang='lat' dir='ltr'><strong>et</strong></span> <span class='ocrx_word' id='word_1_59' title='bbox 1476 675 1638 747; x_wconf 86' lang='lat' dir='ltr'><strong>ostendat</strong></span> <span class='ocrx_word' id='word_1_60' title='bbox 1658 671 1773 766; x_wconf 89' lang='lat' dir='ltr'><strong>qualis</strong></span> <span class='ocrx_word' id='word_1_61' title='bbox 1787 673 1851 759; x_wconf 91' lang='lat' dir='ltr'><strong>sit,</strong></span> <span class='ocrx_word' id='word_1_62' title='bbox 1877 687 1912 745; x_wconf 94' lang='lat' dir='ltr'><strong>et</strong></span> <span class='ocrx_word' id='word_1_63' title='bbox 1927 675 2022 766; x_wconf 86' lang='lat' dir='ltr'><strong>quod</strong></span> <span class='ocrx_word' id='word_1_64' title='bbox 2039 672 2103 759; x_wconf 50' lang='lat' dir='ltr'><strong>sit,</strong></span> 
     </span>
     <span class='ocr_line' id='line_1_6' title="bbox 75 772 2083 884; baseline -0.001 -37"><span class='ocrx_word' id='word_1_65' title='bbox 75 801 172 870; x_wconf 86' lang='lat' dir='ltr'><strong>quam</strong></span> <span class='ocrx_word' id='word_1_66' title='bbox 200 777 300 849; x_wconf 88' lang='lat' dir='ltr'><strong>Deus</strong></span> <span class='ocrx_word' id='word_1_67' title='bbox 327 776 465 870; x_wconf 87' lang='lat' dir='ltr'><strong>mitigat</strong></span> <span class='ocrx_word' id='word_1_68' title='bbox 493 799 626 871; x_wconf 84' lang='lat' dir='ltr'><strong>poenas</strong></span> <span class='ocrx_word' id='word_1_69' title='bbox 655 777 835 874; x_wconf 71' lang='lat' dir='ltr'><strong>aliquibus</strong></span> <span class='ocrx_word' id='word_1_70' title='bbox 864 777 1051 884; x_wconf 51' lang='lat' dir='ltr'><strong>agent‘pus</strong></span> <span class='ocrx_word' id='word_1_71' title='bbox 1102 777 1227 861; x_wconf 83' lang='lat' dir='ltr'><strong>iudex,</strong></span> <span class='ocrx_word' id='word_1_72' title='bbox 1258 777 1308 870; x_wconf 81' lang='lat' dir='ltr'><strong>ite</strong></span> <span class='ocrx_word' id='word_1_73' title='bbox 1338 789 1373 847; x_wconf 93' lang='lat' dir='ltr'><strong>et</strong></span> <span class='ocrx_word' id='word_1_74' title='bbox 1402 776 1597 848; x_wconf 74' lang='lat' dir='ltr'><strong>castitatem</strong></span> <span class='ocrx_word' id='word_1_75' title='bbox 1618 772 1821 857; x_wconf 80' lang='lat' dir='ltr'><strong>vultlDeus</strong></span> <span class='ocrx_word' id='word_1_76' title='bbox 1848 774 2017 863; x_wconf 81' lang='lat' dir='ltr'><strong>intelligi,</strong></span> <span class='ocrx_word' id='word_1_77' title='bbox 2049 787 2083 844; x_wconf 91' lang='lat' dir='ltr'><strong>ct</strong></span> 
     </span>
    </p>
   </div>
   <div class='ocr_carea' id='block_1_3' title="bbox 73 875 2192 975">
    <p class='ocr_par' dir='ltr' id='par_1_3' title="bbox 73 875 2192 975">
     <span class='ocr_line' id='line_1_7' title="bbox 73 875 2192 975; baseline -0.003 -27"><span class='ocrx_word' id='word_1_78' title='bbox 73 879 340 970; x_wconf 90' lang='lat' dir='ltr'><strong>poenitentiam,</strong></span> <span class='ocrx_word' id='word_1_79' title='bbox 372 892 491 951; x_wconf 90' lang='lat' dir='ltr'><strong>tamen</strong></span> <span class='ocrx_word' id='word_1_80' title='bbox 512 904 649 973; x_wconf 88' lang='lat' dir='ltr'><strong>semper</strong></span> <span class='ocrx_word' id='word_1_81' title='bbox 670 881 811 975; x_wconf 88' lang='lat' dir='ltr'><strong>aliquae</strong></span> <span class='ocrx_word' id='word_1_82' title='bbox 835 901 969 970; x_wconf 90' lang='lat' dir='ltr'><strong>poenae</strong></span> <span class='ocrx_word' id='word_1_83' title='bbox 990 903 1050 949; x_wconf 90' lang='lat' dir='ltr'><strong>co·</strong></span> <span class='ocrx_word' id='word_1_84' title='bbox 1101 877 1320 948; x_wconf 82' lang='lat' dir='ltr'><strong>severissime</strong></span> <span class='ocrx_word' id='word_1_85' title='bbox 1355 878 1459 970; x_wconf 91' lang='lat' dir='ltr'><strong>punit</strong></span> <span class='ocrx_word' id='word_1_86' title='bbox 1493 899 1598 967; x_wconf 89' lang='lat' dir='ltr'><strong>vagas</strong></span> <span class='ocrx_word' id='word_1_87' title='bbox 1631 875 1819 960; x_wconf 89' lang='lat' dir='ltr'><strong>libidines,</strong></span> <span class='ocrx_word' id='word_1_88' title='bbox 1856 889 1897 948; x_wconf 93' lang='lat' dir='ltr'><strong>ut</strong></span> <span class='ocrx_word' id='word_1_89' title='bbox 1932 877 2083 944; x_wconf 87' lang='lat' dir='ltr'><strong>sciamus</strong></span> <span class='ocrx_word' id='word_1_90' title='bbox 2190 889 2192 896; x_wconf 62' lang='lat'><strong>⁴</strong></span> 
     </span>
    </p>
   </div>
   <div class='ocr_carea' id='block_1_4' title="bbox 18 972 2094 2388">
    <p class='ocr_par' dir='ltr' id='par_1_4' title="bbox 18 972 2094 2388">
     <span class='ocr_line' id='line_1_8' title="bbox 72 972 2083 1074; baseline -0.001 -27"><span class='ocrx_word' id='word_1_91' title='bbox 72 980 256 1064; x_wconf 83' lang='lat' dir='ltr'><strong>mitantur,</strong></span> <span class='ocrx_word' id='word_1_92' title='bbox 282 994 318 1051; x_wconf 90' lang='lat' dir='ltr'><strong>ct</strong></span> <span class='ocrx_word' id='word_1_93' title='bbox 338 1001 440 1073; x_wconf 86' lang='lat' dir='ltr'><strong>saepe</strong></span> <span class='ocrx_word' id='word_1_94' title='bbox 460 995 600 1074; x_wconf 90' lang='lat' dir='ltr'><strong>peccata</strong></span> <span class='ocrx_word' id='word_1_95' title='bbox 623 981 767 1054; x_wconf 88' lang='lat' dir='ltr'><strong>seminis</strong></span> <span class='ocrx_word' id='word_1_96' title='bbox 790 980 991 1074; x_wconf 84' lang='lat' dir='ltr'><strong>puniuntur</strong></span> <span class='ocrx_word' id='word_1_97' title='bbox 1010 981 1049 1050; x_wconf 95' lang='lat' dir='ltr'><strong>in</strong></span> <span class='ocrx_word' id='word_1_98' title='bbox 1100 979 1216 1069; x_wconf 90' lang='lat' dir='ltr'><strong>ipsum</strong></span> <span class='ocrx_word' id='word_1_99' title='bbox 1238 1000 1312 1050; x_wconf 89' lang='lat' dir='ltr'><strong>esse</strong></span> <span class='ocrx_word' id='word_1_100' title='bbox 1329 992 1483 1050; x_wconf 90' lang='lat' dir='ltr'><strong>mentem</strong></span> <span class='ocrx_word' id='word_1_101' title='bbox 1498 992 1644 1061; x_wconf 89' lang='lat' dir='ltr'><strong>castam,</strong></span> <span class='ocrx_word' id='word_1_102' title='bbox 1669 983 1702 1048; x_wconf 87' lang='lat' dir='ltr'><strong>et</strong></span> <span class='ocrx_word' id='word_1_103' title='bbox 1717 972 1785 1048; x_wconf 91' lang='lat' dir='ltr'><strong>bac</strong></span> <span class='ocrx_word' id='word_1_104' title='bbox 1800 977 2083 1049; x_wconf 65' lang='lat' dir='ltr'><strong>consideratione</strong></span> 
     </span>
     <span class='ocr_line' id='line_1_9' title="bbox 70 1075 2083 1168; baseline -0 -19"><span class='ocrx_word' id='word_1_105' title='bbox 70 1083 217 1168; x_wconf 86' lang='lat' dir='ltr'><strong>semine,</strong></span> <span class='ocrx_word' id='word_1_106' title='bbox 243 1083 366 1168; x_wconf 88' lang='lat' dir='ltr'><strong>idest,</strong></span> <span class='ocrx_word' id='word_1_107' title='bbox 391 1082 428 1153; x_wconf 92' lang='lat' dir='ltr'><strong>in</strong></span> <span class='ocrx_word' id='word_1_108' title='bbox 448 1084 580 1158; x_wconf 88' lang='lat' dir='ltr'><strong>sobole.</strong></span> <span class='ocrx_word' id='word_1_109' title='bbox 1101 1081 1341 1151; x_wconf 87' lang='lat' dir='ltr'><strong>discernamus</strong></span> <span class='ocrx_word' id='word_1_110' title='bbox 1368 1105 1448 1152; x_wconf 89' lang='lat' dir='ltr'><strong>eum</strong></span> <span class='ocrx_word' id='word_1_111' title='bbox 1474 1103 1494 1150; x_wconf 87' lang='lat' dir='ltr'><strong>a</strong></span> <span class='ocrx_word' id='word_1_112' title='bbox 1517 1078 1655 1150; x_wconf 91' lang='lat' dir='ltr'><strong>naturis</strong></span> <span class='ocrx_word' id='word_1_113' title='bbox 1676 1078 1882 1150; x_wconf 90' lang='lat' dir='ltr'><strong>immundis.</strong></span> <span class='ocrx_word' id='word_1_114' title='bbox 1902 1151 1913 1162; x_wconf 74' lang='grc'>,</span> <span class='ocrx_word' id='word_1_115' title='bbox 1939 1075 2083 1168; x_wconf 86' lang='lat' dir='ltr'><strong>Cogite·</strong></span> 
     </span>
     <span class='ocr_line' id='line_1_10' title="bbox 167 1173 2082 1278; baseline -0.002 -26"><span class='ocrx_word' id='word_1_116' title='bbox 167 1181 303 1256; x_wconf 85' lang='lat' dir='ltr'><strong>inserta</strong></span> <span class='ocrx_word' id='word_1_117' title='bbox 332 1197 384 1255; x_wconf 90' lang='lat' dir='ltr'><strong>est</strong></span> <span class='ocrx_word' id='word_1_118' title='bbox 410 1199 526 1256; x_wconf 90' lang='lat' dir='ltr'><strong>autem</strong></span> <span class='ocrx_word' id='word_1_119' title='bbox 558 1184 760 1257; x_wconf 88' lang='lat' dir='ltr'><strong>dulcissima</strong></span> <span class='ocrx_word' id='word_1_120' title='bbox 776 1184 927 1268; x_wconf 83' lang='lat' dir='ltr'><strong>concio,</strong></span> <span class='ocrx_word' id='word_1_121' title='bbox 959 1209 1049 1278; x_wconf 89' lang='lat' dir='ltr'><strong>quae</strong></span> <span class='ocrx_word' id='word_1_122' title='bbox 1099 1205 1178 1253; x_wconf 89' lang='lat' dir='ltr'><strong>mus</strong></span> <span class='ocrx_word' id='word_1_123' title='bbox 1199 1193 1234 1252; x_wconf 94' lang='lat' dir='ltr'><strong>et</strong></span> <span class='ocrx_word' id='word_1_124' title='bbox 1255 1177 1343 1262; x_wconf 92' lang='lat' dir='ltr'><strong>boc,</strong></span> <span class='ocrx_word' id='word_1_125' title='bbox 1369 1183 1407 1250; x_wconf 90' lang='lat' dir='ltr'><strong>in</strong></span> <span class='ocrx_word' id='word_1_126' title='bbox 1429 1182 1502 1252; x_wconf 89' lang='lat' dir='ltr'><strong>sola</strong></span> <span class='ocrx_word' id='word_1_127' title='bbox 1517 1179 1673 1250; x_wconf 80' lang='lat' dir='ltr'><strong>Ecclesia</strong></span> <span class='ocrx_word' id='word_1_128' title='bbox 1691 1173 1757 1250; x_wconf 89' lang='lat' dir='ltr'><strong>Dei</strong></span> <span class='ocrx_word' id='word_1_129' title='bbox 1780 1181 1948 1250; x_wconf 87' lang='lat' dir='ltr'><strong>mansisse</strong></span> <span class='ocrx_word' id='word_1_130' title='bbox 1963 1181 2082 1252; x_wconf 89' lang='lat' dir='ltr'><strong>incor-</strong></span> 
     </span>
     <span class='ocr_line' id='line_1_11' title="bbox 18 1280 2080 1380; baseline -0.001 -28"><span class='ocrx_word' id='word_1_131' title='bbox 18 1371 19 1376; x_wconf 5' lang='grc' dir='ltr'>ἵ</span> <span class='ocrx_word' id='word_1_132' title='bbox 71 1286 239 1375; x_wconf 92' lang='lat' dir='ltr'><strong>approbat</strong></span> <span class='ocrx_word' id='word_1_133' title='bbox 262 1286 471 1380; x_wconf 38' lang='lat' dir='ltr'><strong>coniugium,</strong></span> <span class='ocrx_word' id='word_1_134' title='bbox 485 1301 519 1359; x_wconf 87' lang='lat' dir='ltr'><strong>et</strong></span> <span class='ocrx_word' id='word_1_135' title='bbox 534 1301 698 1358; x_wconf 90' lang='lat' dir='ltr'><strong>mutuum</strong></span> <span class='ocrx_word' id='word_1_136' title='bbox 713 1310 890 1379; x_wconf 90' lang='lat' dir='ltr'><strong>amorem,</strong></span> <span class='ocrx_word' id='word_1_137' title='bbox 918 1299 951 1356; x_wconf 89' lang='lat' dir='ltr'><strong>ct</strong></span> <span class='ocrx_word' id='word_1_138' title='bbox 967 1311 1047 1356; x_wconf 89' lang='lat' dir='ltr'><strong>sua·</strong></span> <span class='ocrx_word' id='word_1_139' title='bbox 1100 1297 1239 1376; x_wconf 89' lang='lat' dir='ltr'><strong>ruptam</strong></span> <span class='ocrx_word' id='word_1_140' title='bbox 1269 1284 1467 1356; x_wconf 89' lang='lat' dir='ltr'><strong>doctrinam</strong></span> <span class='ocrx_word' id='word_1_141' title='bbox 1492 1284 1536 1352; x_wconf 92' lang='lat' dir='ltr'><strong>de</strong></span> <span class='ocrx_word' id='word_1_142' title='bbox 1557 1281 1712 1354; x_wconf 73' lang='lat' dir='ltr'><strong>vitandis</strong></span> <span class='ocrx_word' id='word_1_143' title='bbox 1735 1281 1833 1376; x_wconf 86' lang='lat' dir='ltr'><strong>vagis</strong></span> <span class='ocrx_word' id='word_1_144' title='bbox 1857 1280 2080 1352; x_wconf 86' lang='lat' dir='ltr'><strong>libidinibus.</strong></span> 
     </span>
     <span class='ocr_line' id='line_1_12' title="bbox 70 1379 2081 1481; baseline 0.001 -33"><span class='ocrx_word' id='word_1_145' title='bbox 70 1387 207 1457; x_wconf 85' lang='lat' dir='ltr'><strong>vitatem</strong></span> <span class='ocrx_word' id='word_1_146' title='bbox 231 1388 407 1478; x_wconf 84' lang='lat' dir='ltr'><strong>coniugii,</strong></span> <span class='ocrx_word' id='word_1_147' title='bbox 433 1402 468 1460; x_wconf 94' lang='lat' dir='ltr'><strong>et</strong></span> <span class='ocrx_word' id='word_1_148' title='bbox 489 1384 654 1481; x_wconf 88' lang='lat' dir='ltr'><strong>prohibet</strong></span> <span class='ocrx_word' id='word_1_149' title='bbox 669 1387 852 1459; x_wconf 88' lang='lat' dir='ltr'><strong>adulteria.</strong></span> <span class='ocrx_word' id='word_1_150' title='bbox 903 1384 1047 1479; x_wconf 86' lang='lat' dir='ltr'><strong>Appro·</strong></span> <span class='ocrx_word' id='word_1_151' title='bbox 1098 1379 1147 1456; x_wconf 78' lang='lat' dir='ltr'><strong>Et</strong></span> <span class='ocrx_word' id='word_1_152' title='bbox 1168 1408 1269 1476; x_wconf 87' lang='lat' dir='ltr'><strong>saepe</strong></span> <span class='ocrx_word' id='word_1_153' title='bbox 1294 1409 1361 1456; x_wconf 90' lang='lat' dir='ltr'><strong>nos</strong></span> <span class='ocrx_word' id='word_1_154' title='bbox 1382 1383 1736 1458; x_wconf 81' lang='lat' dir='ltr'><strong>commonefaciamus</strong></span> <span class='ocrx_word' id='word_1_155' title='bbox 1759 1383 1956 1474; x_wconf 71' lang='lat' dir='ltr'><strong>deposcis.</strong></span> <span class='ocrx_word' id='word_1_156' title='bbox 2007 1380 2081 1451; x_wconf 87' lang='lat' dir='ltr'><strong>Pu-</strong></span> 
     </span>
     <span class='ocr_line' id='line_1_13' title="bbox 69 1483 2080 1582; baseline -0.001 -28"><span class='ocrx_word' id='word_1_157' title='bbox 69 1487 160 1557; x_wconf 86' lang='lat' dir='ltr'><strong>batio</strong></span> <span class='ocrx_word' id='word_1_158' title='bbox 176 1488 345 1579; x_wconf 82' lang='lat' dir='ltr'><strong>&#39;coniugii</strong></span> <span class='ocrx_word' id='word_1_159' title='bbox 371 1499 407 1560; x_wconf 91' lang='lat' dir='ltr'><strong>ct</strong></span> <span class='ocrx_word' id='word_1_160' title='bbox 425 1489 541 1561; x_wconf 91' lang='lat' dir='ltr'><strong>mutui</strong></span> <span class='ocrx_word' id='word_1_161' title='bbox 564 1489 695 1560; x_wconf 89' lang='lat' dir='ltr'><strong>amoris</strong></span> <span class='ocrx_word' id='word_1_162' title='bbox 716 1501 787 1572; x_wconf 90' lang='lat' dir='ltr'><strong>est,</strong></span> <span class='ocrx_word' id='word_1_163' title='bbox 813 1513 893 1559; x_wconf 91' lang='lat' dir='ltr'><strong>curn</strong></span> <span class='ocrx_word' id='word_1_164' title='bbox 913 1489 1047 1582; x_wconf 85' lang='lat' dir='ltr'><strong>inquit:</strong></span> <span class='ocrx_word' id='word_1_165' title='bbox 1099 1486 1250 1558; x_wconf 92' lang='lat' dir='ltr'><strong>niuntur</strong></span> <span class='ocrx_word' id='word_1_166' title='bbox 1271 1487 1365 1558; x_wconf 90' lang='lat' dir='ltr'><strong>enim</strong></span> <span class='ocrx_word' id='word_1_167' title='bbox 1383 1508 1488 1577; x_wconf 82' lang='lat' dir='ltr'><strong>vagae</strong></span> <span class='ocrx_word' id='word_1_168' title='bbox 1504 1485 1671 1555; x_wconf 89' lang='lat' dir='ltr'><strong>libidines</strong></span> <span class='ocrx_word' id='word_1_169' title='bbox 1687 1497 1722 1556; x_wconf 89' lang='lat' dir='ltr'><strong>et</strong></span> <span class='ocrx_word' id='word_1_170' title='bbox 1736 1483 1946 1554; x_wconf 77' lang='lat' dir='ltr'><strong>tristissimis</strong></span> <span class='ocrx_word' id='word_1_171' title='bbox 1963 1505 2080 1555; x_wconf 72' lang='lat' dir='ltr'><strong>mem-</strong></span> 
     </span>
     <span class='ocr_line' id='line_1_14' title="bbox 67 1582 2079 1684; baseline -0.001 -29"><span class='ocrx_word' id='word_1_172' title='bbox 67 1585 257 1660; x_wconf 88' lang='lat' dir='ltr'><strong>Delccteris</strong></span> <span class='ocrx_word' id='word_1_173' title='bbox 272 1613 382 1660; x_wconf 75' lang='lat' dir='ltr'><strong>errore</strong></span> <span class='ocrx_word' id='word_1_174' title='bbox 398 1591 652 1662; x_wconf 82' lang='lat' dir='ltr'><strong>adolescentiae</strong></span> <span class='ocrx_word' id='word_1_175' title='bbox 666 1603 765 1670; x_wconf 88' lang='lat' dir='ltr'><strong>tuae,</strong></span> <span class='ocrx_word' id='word_1_176' title='bbox 792 1591 913 1676; x_wconf 89' lang='lat' dir='ltr'><strong>idest,</strong></span> <span class='ocrx_word' id='word_1_177' title='bbox 939 1615 1045 1684; x_wconf 90' lang='lat' dir='ltr'><strong>quam</strong></span> <span class='ocrx_word' id='word_1_178' title='bbox 1098 1587 1168 1679; x_wconf 88' lang='lat' dir='ltr'><strong>plis</strong></span> <span class='ocrx_word' id='word_1_179' title='bbox 1193 1587 1232 1656; x_wconf 92' lang='lat' dir='ltr'><strong>in</strong></span> <span class='ocrx_word' id='word_1_180' title='bbox 1251 1582 1321 1658; x_wconf 88' lang='lat' dir='ltr'><strong>&#39;bac</strong></span> <span class='ocrx_word' id='word_1_181' title='bbox 1343 1589 1436 1672; x_wconf 86' lang='lat' dir='ltr'><strong>vita,</strong></span> <span class='ocrx_word' id='word_1_182' title='bbox 1461 1600 1497 1658; x_wconf 91' lang='lat' dir='ltr'><strong>ct</strong></span> <span class='ocrx_word' id='word_1_183' title='bbox 1519 1585 1671 1656; x_wconf 83' lang='lat' dir='ltr'><strong>aeternis</strong></span> <span class='ocrx_word' id='word_1_184' title='bbox 1692 1584 1924 1670; x_wconf 89' lang='lat' dir='ltr'><strong>cruciatibus,</strong></span> <span class='ocrx_word' id='word_1_185' title='bbox 1951 1584 1981 1652; x_wconf 92' lang='lat' dir='ltr'><strong>si</strong></span> <span class='ocrx_word' id='word_1_186' title='bbox 2004 1607 2079 1654; x_wconf 90' lang='lat' dir='ltr'><strong>non</strong></span> 
     </span>
     <span class='ocr_line' id='line_1_15' title="bbox 67 1683 2094 1783; baseline -0.001 -27"><span class='ocrx_word' id='word_1_187' title='bbox 67 1691 267 1761; x_wconf 85' lang='lat' dir='ltr'><strong>adolescens</strong></span> <span class='ocrx_word' id='word_1_188' title='bbox 282 1691 393 1767; x_wconf 90' lang='lat' dir='ltr'><strong>ducis.</strong></span> <span class='ocrx_word' id='word_1_189' title='bbox 427 1690 567 1764; x_wconf 90' lang='lat' dir='ltr'><strong>Deinde</strong></span> <span class='ocrx_word' id='word_1_190' title='bbox 581 1691 695 1783; x_wconf 89' lang='lat' dir='ltr'><strong>pingit</strong></span> <span class='ocrx_word' id='word_1_191' title='bbox 709 1714 864 1761; x_wconf 89' lang='lat' dir='ltr'><strong>amorem</strong></span> <span class='ocrx_word' id='word_1_192' title='bbox 881 1707 1044 1764; x_wconf 91' lang='lat' dir='ltr'><strong>mutuum</strong></span> <span class='ocrx_word' id='word_1_193' title='bbox 1096 1689 1159 1760; x_wconf 85' lang='lat' dir='ltr'><strong>fiat</strong></span> <span class='ocrx_word' id='word_1_194' title='bbox 1179 1689 1362 1760; x_wconf 79' lang='lat' dir='ltr'><strong>conversio</strong></span> <span class='ocrx_word' id='word_1_195' title='bbox 1384 1691 1428 1759; x_wconf 91' lang='lat' dir='ltr'><strong>ad</strong></span> <span class='ocrx_word' id='word_1_196' title='bbox 1447 1687 1581 1772; x_wconf 88' lang='lat' dir='ltr'><strong>Deum,</strong></span> <span class='ocrx_word' id='word_1_197' title='bbox 1604 1688 1702 1756; x_wconf 83' lang='lat' dir='ltr'><strong>iuxta</strong></span> <span class='ocrx_word' id='word_1_198' title='bbox 1719 1686 1851 1758; x_wconf 92' lang='lat' dir='ltr'><strong>dictum</strong></span> <span class='ocrx_word' id='word_1_199' title='bbox 1868 1686 1958 1756; x_wconf 92' lang='lat' dir='ltr'><strong>illud</strong></span> <span class='ocrx_word' id='word_1_200' title='bbox 1977 1683 2094 1754; x_wconf 88' lang='lat' dir='ltr'><strong>Pauli·</strong></span> 
     </span>
     <span class='ocr_line' id='line_1_16' title="bbox 68 1785 2079 1883; baseline -0.001 -26"><span class='ocrx_word' id='word_1_201' title='bbox 68 1791 194 1881; x_wconf 78' lang='lat' dir='ltr'><strong>insigni</strong></span> <span class='ocrx_word' id='word_1_202' title='bbox 215 1792 392 1883; x_wconf 81' lang='lat' dir='ltr'><strong>imagine,</strong></span> <span class='ocrx_word' id='word_1_203' title='bbox 424 1791 524 1863; x_wconf 87' lang='lat' dir='ltr'><strong>Talis</strong></span> <span class='ocrx_word' id='word_1_204' title='bbox 546 1794 593 1866; x_wconf 93' lang='lat' dir='ltr'><strong>sit</strong></span> <span class='ocrx_word' id='word_1_205' title='bbox 614 1817 732 1878; x_wconf 88' lang='lat' dir='ltr'><strong>arnor,</strong></span> <span class='ocrx_word' id='word_1_206' title='bbox 756 1805 798 1864; x_wconf 94' lang='lat' dir='ltr'><strong>ut</strong></span> <span class='ocrx_word' id='word_1_207' title='bbox 819 1806 871 1866; x_wconf 88' lang='lat' dir='ltr'><strong>est</strong></span> <span class='ocrx_word' id='word_1_208' title='bbox 894 1795 988 1864; x_wconf 87' lang='lat' dir='ltr'><strong>cervi</strong></span> <span class='ocrx_word' id='word_1_209' title='bbox 1011 1808 1046 1866; x_wconf 87' lang='lat' dir='ltr'><strong>et</strong></span> <span class='ocrx_word' id='word_1_210' title='bbox 1100 1790 1132 1861; x_wconf 93' lang='lat'><strong>1.</strong></span> <span class='ocrx_word' id='word_1_211' title='bbox 1149 1785 1313 1863; x_wconf 84' lang='lat' dir='ltr'><strong>Corinth.</strong></span> <span class='ocrx_word' id='word_1_212' title='bbox 1331 1793 1386 1864; x_wconf 58' lang='lat' dir='ltr'><strong>da</strong></span> <span class='ocrx_word' id='word_1_213' title='bbox 1412 1787 1630 1862; x_wconf 79' lang='lat' dir='ltr'><strong>scortatores</strong></span> <span class='ocrx_word' id='word_1_214' title='bbox 1651 1800 1686 1857; x_wconf 93' lang='lat' dir='ltr'><strong>et</strong></span> <span class='ocrx_word' id='word_1_215' title='bbox 1708 1787 1859 1858; x_wconf 87' lang='lat' dir='ltr'><strong>adulteri</strong></span> <span class='ocrx_word' id='word_1_216' title='bbox 1877 1811 1951 1857; x_wconf 90' lang='lat' dir='ltr'><strong>non</strong></span> <span class='ocrx_word' id='word_1_217' title='bbox 1966 1785 2079 1877; x_wconf 89' lang='lat' dir='ltr'><strong>possi-</strong></span> 
     </span>
     <span class='ocr_line' id='line_1_17' title="bbox 66 1883 2078 1985; baseline -0.001 -26"><span class='ocrx_word' id='word_1_218' title='bbox 66 1915 202 1978; x_wconf 88' lang='lat' dir='ltr'><strong>cervac,</strong></span> <span class='ocrx_word' id='word_1_219' title='bbox 228 1917 292 1964; x_wconf 89' lang='lat' dir='ltr'><strong>scu</strong></span> <span class='ocrx_word' id='word_1_220' title='bbox 315 1907 356 1966; x_wconf 90' lang='lat' dir='ltr'><strong>ut</strong></span> <span class='ocrx_word' id='word_1_221' title='bbox 379 1907 430 1965; x_wconf 91' lang='lat' dir='ltr'><strong>est</strong></span> <span class='ocrx_word' id='word_1_222' title='bbox 449 1917 595 1985; x_wconf 87' lang='lat' dir='ltr'><strong>capreae</strong></span> <span class='ocrx_word' id='word_1_223' title='bbox 613 1908 648 1965; x_wconf 91' lang='lat' dir='ltr'><strong>ct</strong></span> <span class='ocrx_word' id='word_1_224' title='bbox 661 1887 826 1980; x_wconf 88' lang='lat' dir='ltr'><strong>hinnuli,</strong></span> <span class='ocrx_word' id='word_1_225' title='bbox 850 1895 886 1965; x_wconf 90' lang='lat' dir='ltr'><strong>id</strong></span> <span class='ocrx_word' id='word_1_226' title='bbox 903 1909 973 1978; x_wconf 90' lang='lat' dir='ltr'><strong>est,</strong></span> <span class='ocrx_word' id='word_1_227' title='bbox 998 1895 1046 1967; x_wconf 91' lang='lat' dir='ltr'><strong>sit</strong></span> <span class='ocrx_word' id='word_1_228' title='bbox 1097 1891 1234 1964; x_wconf 88' lang='lat' dir='ltr'><strong>debunt</strong></span> <span class='ocrx_word' id='word_1_229' title='bbox 1260 1915 1408 1982; x_wconf 84' lang='lat' dir='ltr'><strong>reguum</strong></span> <span class='ocrx_word' id='word_1_230' title='bbox 1428 1889 1505 1962; x_wconf 84' lang='lat' dir='ltr'><strong>Dei.</strong></span> <span class='ocrx_word' id='word_1_231' title='bbox 1563 1888 1609 1964; x_wconf 87' lang='lat' dir='ltr'><strong>Et</strong></span> <span class='ocrx_word' id='word_1_232' title='bbox 1639 1889 1678 1958; x_wconf 89' lang='lat' dir='ltr'><strong>in</strong></span> <span class='ocrx_word' id='word_1_233' title='bbox 1706 1883 1865 1960; x_wconf 88' lang='lat' dir='ltr'><strong>historiis</strong></span> <span class='ocrx_word' id='word_1_234' title='bbox 1897 1901 1932 1958; x_wconf 90' lang='lat' dir='ltr'><strong>et</strong></span> <span class='ocrx_word' id='word_1_235' title='bbox 1956 1887 2078 1959; x_wconf 91' lang='lat' dir='ltr'><strong>multis</strong></span> 
     </span>
     <span class='ocr_line' id='line_1_18' title="bbox 65 1986 2067 2088; baseline -0.001 -28"><span class='ocrx_word' id='word_1_236' title='bbox 65 1996 188 2064; x_wconf 88' lang='lat' dir='ltr'><strong>ardens</strong></span> <span class='ocrx_word' id='word_1_237' title='bbox 208 2019 329 2079; x_wconf 89' lang='lat' dir='ltr'><strong>amor,</strong></span> <span class='ocrx_word' id='word_1_238' title='bbox 355 1995 432 2066; x_wconf 89' lang='lat' dir='ltr'><strong>sine</strong></span> <span class='ocrx_word' id='word_1_239' title='bbox 453 1995 680 2068; x_wconf 85' lang='lat' dir='ltr'><strong>simulatione</strong></span> <span class='ocrx_word' id='word_1_240' title='bbox 704 2009 739 2066; x_wconf 92' lang='lat' dir='ltr'><strong>et</strong></span> <span class='ocrx_word' id='word_1_241' title='bbox 760 1995 836 2065; x_wconf 90' lang='lat' dir='ltr'><strong>sine</strong></span> <span class='ocrx_word' id='word_1_242' title='bbox 855 1998 1046 2082; x_wconf 85' lang='lat' dir='ltr'><strong>coactione,</strong></span> <span class='ocrx_word' id='word_1_243' title='bbox 1096 1993 1275 2064; x_wconf 87' lang='lat' dir='ltr'><strong>aerumnis</strong></span> <span class='ocrx_word' id='word_1_244' title='bbox 1290 1992 1508 2088; x_wconf 85' lang='lat' dir='ltr'><strong>quotidianis</strong></span> <span class='ocrx_word' id='word_1_245' title='bbox 1524 1990 1787 2062; x_wconf 88' lang='lat' dir='ltr'><strong>consideremus</strong></span> <span class='ocrx_word' id='word_1_246' title='bbox 1801 1989 1972 2060; x_wconf 92' lang='lat' dir='ltr'><strong>iudicium</strong></span> <span class='ocrx_word' id='word_1_247' title='bbox 1988 1986 2067 2059; x_wconf 89' lang='lat' dir='ltr'><strong>Dei.</strong></span> 
     </span>
     <span class='ocr_line' id='line_1_19' title="bbox 64 2095 1045 2182; baseline 0.005 -21"><span class='ocrx_word' id='word_1_248' title='bbox 64 2095 103 2166; x_wconf 88' lang='lat' dir='ltr'><strong>sit</strong></span> <span class='ocrx_word' id='word_1_249' title='bbox 117 2095 257 2179; x_wconf 83' lang='lat' dir='ltr'><strong>suavis,</strong></span> <span class='ocrx_word' id='word_1_250' title='bbox 282 2097 359 2166; x_wconf 87' lang='lat' dir='ltr'><strong>sine</strong></span> <span class='ocrx_word' id='word_1_251' title='bbox 373 2096 577 2168; x_wconf 86' lang='lat' dir='ltr'><strong>morositate</strong></span> <span class='ocrx_word' id='word_1_252' title='bbox 589 2110 624 2169; x_wconf 89' lang='lat' dir='ltr'><strong>et</strong></span> <span class='ocrx_word' id='word_1_253' title='bbox 637 2097 791 2182; x_wconf 78' lang='lat' dir='ltr'><strong>fastidio,</strong></span> <span class='ocrx_word' id='word_1_254' title='bbox 817 2097 864 2167; x_wconf 90' lang='lat' dir='ltr'><strong>sit</strong></span> <span class='ocrx_word' id='word_1_255' title='bbox 877 2099 1045 2182; x_wconf 90' lang='lat' dir='ltr'><strong>sincerus,</strong></span> 
     </span>
     <span class='ocr_line' id='line_1_20' title="bbox 64 2196 1906 2304; baseline 0.001 -40"><span class='ocrx_word' id='word_1_256' title='bbox 64 2196 132 2265; x_wconf 87' lang='lat' dir='ltr'><strong>sine</strong></span> <span class='ocrx_word' id='word_1_257' title='bbox 153 2197 437 2288; x_wconf 80' lang='lat' dir='ltr'><strong>suspicionibus,</strong></span> <span class='ocrx_word' id='word_1_258' title='bbox 470 2211 505 2267; x_wconf 92' lang='lat' dir='ltr'><strong>et</strong></span> <span class='ocrx_word' id='word_1_259' title='bbox 516 2197 602 2267; x_wconf 41' lang='lat' dir='ltr'><strong>‘sine</strong></span> <span class='ocrx_word' id='word_1_260' title='bbox 626 2197 811 2289; x_wconf 91' lang='lat' dir='ltr'><strong>superbia,</strong></span> <span class='ocrx_word' id='word_1_261' title='bbox 844 2211 879 2268; x_wconf 93' lang='lat' dir='ltr'><strong>et</strong></span> <span class='ocrx_word' id='word_1_262' title='bbox 901 2199 1043 2291; x_wconf 86' lang='lat' dir='ltr'><strong>acquie-</strong></span> <span class='ocrx_word' id='word_1_263' title='bbox 1265 2209 1302 2280; x_wconf 87' lang='lat' dir='ltr'><strong>D</strong></span> <span class='ocrx_word' id='word_1_264' title='bbox 1319 2234 1337 2280; x_wconf 67' lang='lat' dir='ltr'><strong>e</strong></span> <span class='ocrx_word' id='word_1_265' title='bbox 1370 2210 1416 2280; x_wconf 57' lang='grc' dir='ltr'><strong>,ι</strong></span> <span class='ocrx_word' id='word_1_266' title='bbox 1433 2221 1448 2280; x_wconf 70' lang='grc' dir='ltr'>ι</span> <span class='ocrx_word' id='word_1_267' title='bbox 1465 2233 1483 2280; x_wconf 67' lang='lat' dir='ltr'><strong>e</strong></span> <span class='ocrx_word' id='word_1_268' title='bbox 1498 2233 1552 2280; x_wconf 64' lang='grc' dir='ltr'><strong>η</strong></span> <span class='ocrx_word' id='word_1_269' title='bbox 1588 2209 1618 2281; x_wconf 89' lang='grc' dir='ltr'>Ρ</span> <span class='ocrx_word' id='word_1_270' title='bbox 1633 2234 1685 2281; x_wconf 66' lang='grc' dir='ltr'><strong>η</strong></span> <span class='ocrx_word' id='word_1_271' title='bbox 1701 2235 1722 2280; x_wconf 63' lang='grc' dir='ltr'>ρ</span> <span class='ocrx_word' id='word_1_272' title='bbox 1738 2235 1757 2281; x_wconf 66' lang='lat'><strong>0</strong></span> <span class='ocrx_word' id='word_1_273' title='bbox 1772 2233 1792 2280; x_wconf 58' lang='grc' dir='ltr'>ρ</span> <span class='ocrx_word' id='word_1_274' title='bbox 1808 2235 1830 2304; x_wconf 71' lang='lat' dir='ltr'><strong>p</strong></span> <span class='ocrx_word' id='word_1_275' title='bbox 1847 2224 1906 2281; x_wconf 67' lang='grc' dir='ltr'><strong>ιο,</strong></span> 
     </span>
     <span class='ocr_line' id='line_1_21' title="bbox 64 2297 1045 2388; baseline 0.006 -23"><span class='ocrx_word' id='word_1_276' title='bbox 64 2311 154 2368; x_wconf 90' lang='lat' dir='ltr'><strong>scant</strong></span> <span class='ocrx_word' id='word_1_277' title='bbox 179 2297 352 2388; x_wconf 88' lang='lat' dir='ltr'><strong>coniuges</strong></span> <span class='ocrx_word' id='word_1_278' title='bbox 374 2299 414 2367; x_wconf 91' lang='lat' dir='ltr'><strong>iu</strong></span> <span class='ocrx_word' id='word_1_279' title='bbox 435 2310 560 2369; x_wconf 92' lang='lat' dir='ltr'><strong>mutuo</strong></span> <span class='ocrx_word' id='word_1_280' title='bbox 583 2320 726 2381; x_wconf 86' lang='lat' dir='ltr'><strong>amore,</strong></span> <span class='ocrx_word' id='word_1_281' title='bbox 757 2321 803 2366; x_wconf 89' lang='lat' dir='ltr'><strong>nc</strong></span> <span class='ocrx_word' id='word_1_282' title='bbox 827 2298 1045 2378; x_wconf 86' lang='lat' dir='ltr'><strong>divellantur</strong></span> 
     </span>
    </p>
   </div>
   <div class='ocr_carea' id='block_1_5' title="bbox 62 2355 1803 2494">
    <p class='ocr_par' dir='ltr' id='par_1_5' title="bbox 62 2355 1803 2494">
     <span class='ocr_line' id='line_1_22' title="bbox 62 2355 1803 2494; baseline -0.005 -28"><span class='ocrx_word' id='word_1_283' title='bbox 62 2413 304 2490; x_wconf 87' lang='lat' dir='ltr'><strong>autappctant</strong></span> <span class='ocrx_word' id='word_1_284' title='bbox 321 2398 421 2469; x_wconf 84' lang='lat' dir='ltr'><strong>alios.</strong></span> <span class='ocrx_word' id='word_1_285' title='bbox 470 2395 576 2470; x_wconf 82' lang='lat' dir='ltr'><strong>Extat</strong></span> <span class='ocrx_word' id='word_1_286' title='bbox 590 2399 728 2471; x_wconf 89' lang='lat' dir='ltr'><strong>ardoris</strong></span> <span class='ocrx_word' id='word_1_287' title='bbox 742 2399 931 2492; x_wconf 89' lang='lat' dir='ltr'><strong>descriptio</strong></span> <span class='ocrx_word' id='word_1_288' title='bbox 947 2402 1041 2494; x_wconf 92' lang='lat' dir='ltr'><strong>apud</strong></span> <span class='ocrx_word' id='word_1_289' title='bbox 1144 2355 1726 2462; x_wconf 53' lang='lat' dir='ltr'><strong>Blbw‘luam‘i‘ml&#39;smlb‘ss</strong></span> <span class='ocrx_word' id='word_1_290' title='bbox 1742 2370 1803 2434; x_wconf 53' lang='grc' dir='ltr'><strong>θη·</strong></span> 
     </span>
    </p>
   </div>
   <div class='ocr_carea' id='block_1_6' title="bbox 63 2492 2206 2596">
    <p class='ocr_par' dir='ltr' id='par_1_6' title="bbox 63 2492 2206 2596">
     <span class='ocr_line' id='line_1_23' title="bbox 63 2492 2206 2596; baseline 0.002 -30"><span class='ocrx_word' id='word_1_291' title='bbox 63 2494 267 2590; x_wconf 87' lang='lat' dir='ltr'><strong>Oppianum</strong></span> <span class='ocrx_word' id='word_1_292' title='bbox 282 2501 327 2571; x_wconf 90' lang='lat' dir='ltr'><strong>de</strong></span> <span class='ocrx_word' id='word_1_293' title='bbox 341 2499 471 2571; x_wconf 87' lang='lat' dir='ltr'><strong>cervis:</strong></span> <span class='ocrx_word' id='word_1_294' title='bbox 1196 2496 1314 2569; x_wconf 90' lang='lat' dir='ltr'><strong>Simul</strong></span> <span class='ocrx_word' id='word_1_295' title='bbox 1336 2497 1537 2589; x_wconf 84' lang='lat' dir='ltr'><strong>complexus</strong></span> <span class='ocrx_word' id='word_1_296' title='bbox 1559 2512 1613 2568; x_wconf 90' lang='lat' dir='ltr'><strong>cst</strong></span> <span class='ocrx_word' id='word_1_297' title='bbox 1633 2492 1693 2568; x_wconf 92' lang='lat' dir='ltr'><strong>hic</strong></span> <span class='ocrx_word' id='word_1_298' title='bbox 1713 2507 1896 2596; x_wconf 87' lang='lat' dir='ltr'><strong>praecepta</strong></span> <span class='ocrx_word' id='word_1_299' title='bbox 1914 2496 1959 2566; x_wconf 89' lang='lat' dir='ltr'><strong>de</strong></span> <span class='ocrx_word' id='word_1_300' title='bbox 1975 2493 2078 2567; x_wconf 88' lang='lat' dir='ltr'><strong>iusti-</strong></span> <span class='ocrx_word' id='word_1_301' title='bbox 2199 2557 2206 2570; x_wconf 89' lang='lat'>.</span> 
     </span>
    </p>
   </div>
   <div class='ocr_carea' id='block_1_7' title="bbox 61 2596 2078 3194">
    <p class='ocr_par' dir='ltr' id='par_1_7' title="bbox 61 2596 2078 3194">
     <span class='ocr_line' id='line_1_24' title="bbox 117 2596 2077 2690; baseline 0.005 -31"><span class='ocrx_word' id='word_1_302' title='bbox 117 2601 187 2678; x_wconf 85' lang='lat' dir='ltr'><strong>lpse</strong></span> <span class='ocrx_word' id='word_1_303' title='bbox 209 2609 312 2660; x_wconf 84' lang='lat' dir='ltr'><strong>tamen</strong></span> <span class='ocrx_word' id='word_1_304' title='bbox 333 2617 437 2660; x_wconf 76' lang='lat' dir='ltr'><strong>cerrus</strong></span> <span class='ocrx_word' id='word_1_305' title='bbox 458 2601 581 2680; x_wconf 88' lang='lat' dir='ltr'><strong>pedibus</strong></span> <span class='ocrx_word' id='word_1_306' title='bbox 602 2603 749 2662; x_wconf 72' lang='lat' dir='ltr'><strong>velocibus</strong></span> <span class='ocrx_word' id='word_1_307' title='bbox 768 2601 859 2682; x_wconf 86' lang='lat' dir='ltr'><strong>ipsam</strong></span> <span class='ocrx_word' id='word_1_308' title='bbox 1095 2597 1148 2669; x_wconf 87' lang='lat' dir='ltr'><strong>cia</strong></span> <span class='ocrx_word' id='word_1_309' title='bbox 1169 2599 1394 2690; x_wconf 86' lang='lat' dir='ltr'><strong>particulari,</strong></span> <span class='ocrx_word' id='word_1_310' title='bbox 1416 2599 1657 2670; x_wconf 75' lang='lat' dir='ltr'><strong>abstinentes</strong></span> <span class='ocrx_word' id='word_1_311' title='bbox 1679 2599 1785 2670; x_wconf 79' lang='lat' dir='ltr'><strong>rebus</strong></span> <span class='ocrx_word' id='word_1_312' title='bbox 1804 2596 1949 2683; x_wconf 85' lang='lat' dir='ltr'><strong>alienis,</strong></span> <span class='ocrx_word' id='word_1_313' title='bbox 1975 2610 2011 2668; x_wconf 86' lang='lat' dir='ltr'><strong>et</strong></span> <span class='ocrx_word' id='word_1_314' title='bbox 2033 2599 2077 2668; x_wconf 82' lang='lat' dir='ltr'><strong>de</strong></span> 
     </span>
     <span class='ocr_line' id='line_1_25' title="bbox 116 2697 2078 2792; baseline 0.005 -32"><span class='ocrx_word' id='word_1_315' title='bbox 116 2703 192 2760; x_wconf 92' lang='lat' dir='ltr'><strong>Cum</strong></span> <span class='ocrx_word' id='word_1_316' title='bbox 213 2701 294 2780; x_wconf 84' lang='lat' dir='ltr'><strong>iugit</strong></span> <span class='ocrx_word' id='word_1_317' title='bbox 314 2703 494 2780; x_wconf 87' lang='lat' dir='ltr'><strong>assequitur,</strong></span> <span class='ocrx_word' id='word_1_318' title='bbox 518 2703 652 2781; x_wconf 80' lang='lat' dir='ltr'><strong>sbtitque</strong></span> <span class='ocrx_word' id='word_1_319' title='bbox 673 2703 827 2783; x_wconf 80' lang='lat' dir='ltr'><strong>amplexus</strong></span> <span class='ocrx_word' id='word_1_320' title='bbox 847 2713 981 2762; x_wconf 89' lang='lat' dir='ltr'><strong>amatam.</strong></span> <span class='ocrx_word' id='word_1_321' title='bbox 1096 2700 1329 2791; x_wconf 77' lang='lat' dir='ltr'><strong>parsimonia,</strong></span> <span class='ocrx_word' id='word_1_322' title='bbox 1359 2713 1395 2770; x_wconf 87' lang='lat' dir='ltr'><strong>et</strong></span> <span class='ocrx_word' id='word_1_323' title='bbox 1415 2702 1460 2768; x_wconf 83' lang='lat' dir='ltr'><strong>de</strong></span> <span class='ocrx_word' id='word_1_324' title='bbox 1478 2699 1704 2774; x_wconf 83' lang='lat' dir='ltr'><strong>liberalitate.</strong></span> <span class='ocrx_word' id='word_1_325' title='bbox 1756 2697 1809 2770; x_wconf 82' lang='lat' dir='ltr'><strong>Ac</strong></span> <span class='ocrx_word' id='word_1_326' title='bbox 1830 2699 1987 2792; x_wconf 84' lang='lat' dir='ltr'><strong>primurn</strong></span> <span class='ocrx_word' id='word_1_327' title='bbox 2011 2700 2078 2770; x_wconf 90' lang='lat' dir='ltr'><strong>nb-</strong></span> 
     </span>
     <span class='ocr_line' id='line_1_26' title="bbox 110 2793 2076 2889; baseline 0.005 -29"><span class='ocrx_word' id='word_1_328' title='bbox 110 2793 213 2864; x_wconf 76' lang='lat' dir='ltr'><strong>&#39;Attd</strong></span> <span class='ocrx_word' id='word_1_329' title='bbox 235 2799 317 2863; x_wconf 79' lang='grc' dir='ltr'>ποσὶ</span> <span class='ocrx_word' id='word_1_330' title='bbox 337 2805 524 2883; x_wconf 79' lang='grc' dir='ltr'><strong><em>κραιπνοῖσι</em></strong></span> <span class='ocrx_word' id='word_1_331' title='bbox 545 2796 633 2864; x_wconf 75' lang='grc' dir='ltr'><strong>θεῶν</strong></span> <span class='ocrx_word' id='word_1_332' title='bbox 654 2797 780 2884; x_wconf 75' lang='grc' dir='ltr'><strong><em>ὲκίχανε</em></strong></span> <span class='ocrx_word' id='word_1_333' title='bbox 800 2802 943 2866; x_wconf 77' lang='grc' dir='ltr'><strong><em>θέουσαν</em></strong></span> <span class='ocrx_word' id='word_1_334' title='bbox 1095 2815 1254 2874; x_wconf 85' lang='lat' dir='ltr'><strong>servetur</strong></span> <span class='ocrx_word' id='word_1_335' title='bbox 1283 2796 1342 2872; x_wconf 92' lang='lat' dir='ltr'><strong>hic</strong></span> <span class='ocrx_word' id='word_1_336' title='bbox 1369 2800 1507 2889; x_wconf 84' lang='lat' dir='ltr'><strong>insigne</strong></span> <span class='ocrx_word' id='word_1_337' title='bbox 1536 2800 1775 2873; x_wconf 88' lang='lat' dir='ltr'><strong>testimonium</strong></span> <span class='ocrx_word' id='word_1_338' title='bbox 1799 2814 1922 2872; x_wconf 85' lang='lat' dir='ltr'><strong>contra</strong></span> <span class='ocrx_word' id='word_1_339' title='bbox 1944 2798 2076 2870; x_wconf 89' lang='lat' dir='ltr'><strong>Mona-</strong></span> 
     </span>
     <span class='ocr_line' id='line_1_27' title="bbox 116 2895 2076 2992; baseline -0.003 -16"><span class='ocrx_word' id='word_1_340' title='bbox 116 2897 303 2984; x_wconf 66' lang='grc' dir='ltr'><strong><em>φεύγουσαν</em></strong></span> <span class='ocrx_word' id='word_1_341' title='bbox 321 2897 460 2986; x_wconf 69' lang='lat' dir='ltr'><strong>pcipe-en</strong></span> <span class='ocrx_word' id='word_1_342' title='bbox 481 2902 516 2964; x_wconf 77' lang='grc' dir='ltr'><strong>δὲ</strong></span> <span class='ocrx_word' id='word_1_343' title='bbox 537 2905 592 2966; x_wconf 73' lang='grc' dir='ltr'><strong>καὶ</strong></span> <span class='ocrx_word' id='word_1_344' title='bbox 613 2895 711 2986; x_wconf 66' lang='lat' dir='ltr'><strong>dyada</strong></span> <span class='ocrx_word' id='word_1_345' title='bbox 728 2901 795 2986; x_wconf 65' lang='grc' dir='ltr'><strong>ἵκει</strong></span> <span class='ocrx_word' id='word_1_346' title='bbox 815 2899 1016 2988; x_wconf 71' lang='grc' dir='ltr'>παράκοιτιν·</span> <span class='ocrx_word' id='word_1_347' title='bbox 1094 2899 1180 2973; x_wconf 76' lang='lat' dir='ltr'><strong>clins</strong></span> <span class='ocrx_word' id='word_1_348' title='bbox 1202 2916 1236 2975; x_wconf 86' lang='lat' dir='ltr'><strong>et</strong></span> <span class='ocrx_word' id='word_1_349' title='bbox 1251 2901 1518 2992; x_wconf 86' lang='lat' dir='ltr'><strong>Anahaptistas,</strong></span> <span class='ocrx_word' id='word_1_350' title='bbox 1542 2903 1726 2974; x_wconf 87' lang='lat' dir='ltr'><strong>laudantes</strong></span> <span class='ocrx_word' id='word_1_351' title='bbox 1740 2899 1958 2973; x_wconf 88' lang='lat' dir='ltr'><strong>Platonicam</strong></span> <span class='ocrx_word' id='word_1_352' title='bbox 1978 2924 2076 2972; x_wconf 90' lang='lat' dir='ltr'><strong>com-</strong></span> 
     </span>
     <span class='ocr_line' id='line_1_28' title="bbox 153 2999 2076 3102; baseline -0.002 -26"><span class='ocrx_word' id='word_1_353' title='bbox 153 2999 359 3077; x_wconf 85' lang='lat' dir='ltr'><strong>Antitbesis</strong></span> <span class='ocrx_word' id='word_1_354' title='bbox 373 3029 458 3076; x_wconf 84' lang='lat' dir='ltr'><strong>vero</strong></span> <span class='ocrx_word' id='word_1_355' title='bbox 474 3006 674 3078; x_wconf 88' lang='lat' dir='ltr'><strong>declaratur</strong></span> <span class='ocrx_word' id='word_1_356' title='bbox 688 3008 868 3099; x_wconf 84' lang='lat' dir='ltr'><strong>exemplis.</strong></span> <span class='ocrx_word' id='word_1_357' title='bbox 920 3005 1041 3102; x_wconf 80' lang='lat' dir='ltr'><strong>Tyba·</strong></span> <span class='ocrx_word' id='word_1_358' title='bbox 1094 3004 1315 3077; x_wconf 88' lang='lat' dir='ltr'><strong>munionem.</strong></span> <span class='ocrx_word' id='word_1_359' title='bbox 1363 3001 1433 3074; x_wconf 89' lang='lat' dir='ltr'><strong>Hic</strong></span> <span class='ocrx_word' id='word_1_360' title='bbox 1455 3003 1550 3074; x_wconf 89' lang='lat' dir='ltr'><strong>enim</strong></span> <span class='ocrx_word' id='word_1_361' title='bbox 1574 3027 1732 3095; x_wconf 85' lang='lat' dir='ltr'><strong>expresse</strong></span> <span class='ocrx_word' id='word_1_362' title='bbox 1750 3003 1896 3076; x_wconf 87' lang='lat' dir='ltr'><strong>dicitur:</strong></span> <span class='ocrx_word' id='word_1_363' title='bbox 1923 2999 1982 3072; x_wconf 88' lang='lat' dir='ltr'><strong>Tu</strong></span> <span class='ocrx_word' id='word_1_364' title='bbox 1998 2999 2076 3074; x_wconf 88' lang='lat' dir='ltr'><strong>Do-</strong></span> 
     </span>
     <span class='ocr_line' id='line_1_29' title="bbox 61 3104 2074 3194; baseline 0.001 -21"><span class='ocrx_word' id='word_1_365' title='bbox 61 3105 127 3174; x_wconf 87' lang='lat' dir='ltr'><strong>rius</strong></span> <span class='ocrx_word' id='word_1_366' title='bbox 144 3107 284 3178; x_wconf 87' lang='lat' dir='ltr'><strong>invitus</strong></span> <span class='ocrx_word' id='word_1_367' title='bbox 299 3107 398 3178; x_wconf 90' lang='lat' dir='ltr'><strong>ducit</strong></span> <span class='ocrx_word' id='word_1_368' title='bbox 411 3105 562 3194; x_wconf 91' lang='lat' dir='ltr'><strong>luliam,</strong></span> <span class='ocrx_word' id='word_1_369' title='bbox 586 3104 646 3178; x_wconf 91' lang='lat' dir='ltr'><strong>bic</strong></span> <span class='ocrx_word' id='word_1_370' title='bbox 662 3109 841 3179; x_wconf 86' lang='lat' dir='ltr'><strong>simulatio</strong></span> <span class='ocrx_word' id='word_1_371' title='bbox 859 3123 894 3180; x_wconf 92' lang='lat' dir='ltr'><strong>ct</strong></span> <span class='ocrx_word' id='word_1_372' title='bbox 906 3105 1040 3182; x_wconf 85' lang='lat' dir='ltr'><strong>coactio</strong></span> <span class='ocrx_word' id='word_1_373' title='bbox 1093 3105 1212 3178; x_wconf 89' lang='lat' dir='ltr'><strong>minus</strong></span> <span class='ocrx_word' id='word_1_374' title='bbox 1234 3128 1354 3176; x_wconf 84' lang='lat' dir='ltr'><strong>rerum</strong></span> <span class='ocrx_word' id='word_1_375' title='bbox 1377 3120 1518 3177; x_wconf 86' lang='lat' dir='ltr'><strong>tuarum</strong></span> <span class='ocrx_word' id='word_1_376' title='bbox 1540 3117 1699 3192; x_wconf 90' lang='lat' dir='ltr'><strong>maneto,</strong></span> <span class='ocrx_word' id='word_1_377' title='bbox 1722 3119 1755 3177; x_wconf 92' lang='lat' dir='ltr'><strong>ct</strong></span> <span class='ocrx_word' id='word_1_378' title='bbox 1776 3129 1851 3176; x_wconf 90' lang='lat' dir='ltr'><strong>nou</strong></span> <span class='ocrx_word' id='word_1_379' title='bbox 1871 3105 1932 3175; x_wconf 86' lang='lat' dir='ltr'><strong>alii</strong></span> <span class='ocrx_word' id='word_1_380' title='bbox 1950 3117 2074 3177; x_wconf 89' lang='lat' dir='ltr'><strong>tecum.</strong></span> 
     </span>
    </p>
   </div>
   <div class='ocr_carea' id='block_1_8' title="bbox 61 3198 2252 3304">
    <p class='ocr_par' dir='ltr' id='par_1_8' title="bbox 61 3198 2252 3304">
     <span class='ocr_line' id='line_1_30' title="bbox 61 3198 2252 3304; baseline -0.002 -29"><span class='ocrx_word' id='word_1_381' title='bbox 61 3209 171 3278; x_wconf 82' lang='lat' dir='ltr'><strong>reddit</strong></span> <span class='ocrx_word' id='word_1_382' title='bbox 192 3208 400 3299; x_wconf 90' lang='lat' dir='ltr'><strong>coniugium</strong></span> <span class='ocrx_word' id='word_1_383' title='bbox 417 3209 575 3282; x_wconf 87' lang='lat' dir='ltr'><strong>insuave.</strong></span> <span class='ocrx_word' id='word_1_384' title='bbox 628 3208 673 3299; x_wconf 85' lang='lat' dir='ltr'><strong>Q.</strong></span> <span class='ocrx_word' id='word_1_385' title='bbox 690 3209 872 3294; x_wconf 87' lang='lat' dir='ltr'><strong>Ciceronis</strong></span> <span class='ocrx_word' id='word_1_386' title='bbox 885 3209 1041 3304; x_wconf 86' lang='lat' dir='ltr'><strong>Pompo·</strong></span> <span class='ocrx_word' id='word_1_387' title='bbox 1093 3206 1194 3279; x_wconf 87' lang='lat' dir='ltr'><strong>Sicut</strong></span> <span class='ocrx_word' id='word_1_388' title='bbox 1215 3207 1254 3277; x_wconf 95' lang='lat' dir='ltr'><strong>in</strong></span> <span class='ocrx_word' id='word_1_389' title='bbox 1279 3219 1482 3298; x_wconf 89' lang='lat' dir='ltr'><strong>praecepto,</strong></span> <span class='ocrx_word' id='word_1_390' title='bbox 1507 3205 1590 3278; x_wconf 88' lang='lat' dir='ltr'><strong>Non</strong></span> <span class='ocrx_word' id='word_1_391' title='bbox 1612 3207 1746 3280; x_wconf 84' lang='lat' dir='ltr'><strong>lurtum</strong></span> <span class='ocrx_word' id='word_1_392' title='bbox 1769 3198 1893 3291; x_wconf 82' lang='lat' dir='ltr'><strong>iacies,</strong></span> <span class='ocrx_word' id='word_1_393' title='bbox 1917 3204 2075 3276; x_wconf 87' lang='lat' dir='ltr'><strong>sancitur</strong></span> <span class='ocrx_word' id='word_1_394' title='bbox 2170 3244 2173 3250; x_wconf 92' lang='lat'><em>·</em></span> <span class='ocrx_word' id='word_1_395' title='bbox 2249 3260 2252 3270; x_wconf 69' lang='grc'>,</span> 
     </span>
    </p>
   </div>
   <div class='ocr_carea' id='block_1_9' title="bbox 18 3303 2074 4112">
    <p class='ocr_par' dir='ltr' id='par_1_9' title="bbox 18 3303 2074 4112">
     <span class='ocr_line' id='line_1_31' title="bbox 18 3303 2074 3385; baseline 0.001 -11"><span class='ocrx_word' id='word_1_396' title='bbox 18 3347 20 3358; x_wconf 72' lang='lat'>=</span> <span class='ocrx_word' id='word_1_397' title='bbox 61 3309 111 3376; x_wconf 88' lang='lat' dir='ltr'><strong>uia</strong></span> <span class='ocrx_word' id='word_1_398' title='bbox 140 3323 194 3380; x_wconf 88' lang='lat' dir='ltr'><strong>est</strong></span> <span class='ocrx_word' id='word_1_399' title='bbox 224 3310 412 3385; x_wconf 89' lang='lat' dir='ltr'><strong>morosior.</strong></span> <span class='ocrx_word' id='word_1_400' title='bbox 470 3307 609 3383; x_wconf 91' lang='lat' dir='ltr'><strong>Multae</strong></span> <span class='ocrx_word' id='word_1_401' title='bbox 640 3324 788 3382; x_wconf 86' lang='lat' dir='ltr'><strong>naturae</strong></span> <span class='ocrx_word' id='word_1_402' title='bbox 816 3311 975 3382; x_wconf 83' lang='lat' dir='ltr'><strong>virorum</strong></span> <span class='ocrx_word' id='word_1_403' title='bbox 1004 3327 1040 3383; x_wconf 89' lang='lat' dir='ltr'><strong>ct</strong></span> <span class='ocrx_word' id='word_1_404' title='bbox 1092 3309 1273 3382; x_wconf 89' lang='lat' dir='ltr'><strong>distinctio</strong></span> <span class='ocrx_word' id='word_1_405' title='bbox 1296 3308 1553 3380; x_wconf 89' lang='lat' dir='ltr'><strong>dominiorum:</strong></span> <span class='ocrx_word' id='word_1_406' title='bbox 1578 3308 1625 3380; x_wconf 91' lang='lat' dir='ltr'><strong>ita</strong></span> <span class='ocrx_word' id='word_1_407' title='bbox 1648 3309 1798 3380; x_wconf 90' lang='lat' dir='ltr'><strong>sciamus</strong></span> <span class='ocrx_word' id='word_1_408' title='bbox 1820 3332 1896 3379; x_wconf 86' lang='lat' dir='ltr'><strong>eam</strong></span> <span class='ocrx_word' id='word_1_409' title='bbox 1914 3303 2074 3377; x_wconf 89' lang='lat' dir='ltr'><strong>biccon·</strong></span> 
     </span>
     <span class='ocr_line' id='line_1_32' title="bbox 61 3407 2072 3505; baseline 0.001 -29"><span class='ocrx_word' id='word_1_410' title='bbox 61 3411 247 3482; x_wconf 90' lang='lat' dir='ltr'><strong>mulierum</strong></span> <span class='ocrx_word' id='word_1_411' title='bbox 267 3423 351 3483; x_wconf 90' lang='lat' dir='ltr'><strong>sunt</strong></span> <span class='ocrx_word' id='word_1_412' title='bbox 372 3411 589 3504; x_wconf 82' lang='lat' dir='ltr'><strong>suspiceres,</strong></span> <span class='ocrx_word' id='word_1_413' title='bbox 616 3413 805 3505; x_wconf 87' lang='lat' dir='ltr'><strong>superbae,</strong></span> <span class='ocrx_word' id='word_1_414' title='bbox 830 3413 1039 3500; x_wconf 80' lang='lat' dir='ltr'><strong>diffidentes,</strong></span> <span class='ocrx_word' id='word_1_415' title='bbox 1091 3410 1242 3493; x_wconf 86' lang='lat' dir='ltr'><strong>firmari,</strong></span> <span class='ocrx_word' id='word_1_416' title='bbox 1279 3433 1358 3480; x_wconf 92' lang='lat' dir='ltr'><strong>cum</strong></span> <span class='ocrx_word' id='word_1_417' title='bbox 1389 3410 1455 3479; x_wconf 89' lang='lat' dir='ltr'><strong>ait:</strong></span> <span class='ocrx_word' id='word_1_418' title='bbox 1490 3407 1547 3480; x_wconf 88' lang='lat' dir='ltr'><strong>Tu</strong></span> <span class='ocrx_word' id='word_1_419' title='bbox 1578 3407 1756 3482; x_wconf 88' lang='lat' dir='ltr'><strong>Dominus</strong></span> <span class='ocrx_word' id='word_1_420' title='bbox 1785 3433 1902 3479; x_wconf 89' lang='lat' dir='ltr'><strong>rerum</strong></span> <span class='ocrx_word' id='word_1_421' title='bbox 1932 3423 2072 3481; x_wconf 90' lang='lat' dir='ltr'><strong>tuarum</strong></span> 
     </span>
     <span class='ocr_line' id='line_1_33' title="bbox 62 3504 2072 3608; baseline 0.001 -32"><span class='ocrx_word' id='word_1_422' title='bbox 62 3533 124 3580; x_wconf 90' lang='lat' dir='ltr'><strong>non</strong></span> <span class='ocrx_word' id='word_1_423' title='bbox 147 3525 331 3583; x_wconf 86' lang='lat' dir='ltr'><strong>servantes</strong></span> <span class='ocrx_word' id='word_1_424' title='bbox 353 3513 599 3608; x_wconf 87' lang='lat' dir='ltr'><strong>aequalitatem</strong></span> <span class='ocrx_word' id='word_1_425' title='bbox 623 3515 663 3584; x_wconf 91' lang='lat' dir='ltr'><strong>in</strong></span> <span class='ocrx_word' id='word_1_426' title='bbox 677 3515 959 3585; x_wconf 85' lang='lat' dir='ltr'><strong>conversatione:</strong></span> <span class='ocrx_word' id='word_1_427' title='bbox 985 3530 1038 3587; x_wconf 85' lang='lat' dir='ltr'><strong>ta·</strong></span> <span class='ocrx_word' id='word_1_428' title='bbox 1090 3525 1252 3597; x_wconf 87' lang='lat' dir='ltr'><strong>maneto,</strong></span> <span class='ocrx_word' id='word_1_429' title='bbox 1284 3524 1320 3583; x_wconf 89' lang='lat' dir='ltr'><strong>ct</strong></span> <span class='ocrx_word' id='word_1_430' title='bbox 1345 3533 1420 3581; x_wconf 92' lang='lat' dir='ltr'><strong>non</strong></span> <span class='ocrx_word' id='word_1_431' title='bbox 1440 3509 1503 3581; x_wconf 92' lang='lat' dir='ltr'><strong>alii</strong></span> <span class='ocrx_word' id='word_1_432' title='bbox 1524 3519 1679 3604; x_wconf 68' lang='lat' dir='ltr'><strong>tecum.¹</strong></span> <span class='ocrx_word' id='word_1_433' title='bbox 1710 3504 1764 3582; x_wconf 79' lang='lat' dir='ltr'><strong>Ac</strong></span> <span class='ocrx_word' id='word_1_434' title='bbox 1788 3513 1832 3580; x_wconf 92' lang='lat' dir='ltr'><strong>dc</strong></span> <span class='ocrx_word' id='word_1_435' title='bbox 1857 3509 2072 3602; x_wconf 91' lang='lat' dir='ltr'><strong>parsimonia</strong></span> 
     </span>
     <span class='ocr_line' id='line_1_34' title="bbox 63 3603 2073 3711; baseline 0.001 -33"><span class='ocrx_word' id='word_1_436' title='bbox 63 3611 100 3680; x_wconf 86' lang='lat' dir='ltr'><strong>lia</strong></span> <span class='ocrx_word' id='word_1_437' title='bbox 127 3612 215 3684; x_wconf 84' lang='lat' dir='ltr'><strong>vitia</strong></span> <span class='ocrx_word' id='word_1_438' title='bbox 237 3613 360 3684; x_wconf 90' lang='lat' dir='ltr'><strong>omnia</strong></span> <span class='ocrx_word' id='word_1_439' title='bbox 380 3628 626 3698; x_wconf 90' lang='lat' dir='ltr'><strong>removentur,</strong></span> <span class='ocrx_word' id='word_1_440' title='bbox 656 3603 879 3686; x_wconf 85' lang='lat' dir='ltr'><strong>considerato</strong></span> <span class='ocrx_word' id='word_1_441' title='bbox 900 3617 1037 3688; x_wconf 90' lang='lat' dir='ltr'><strong>sincero</strong></span> <span class='ocrx_word' id='word_1_442' title='bbox 1090 3635 1196 3704; x_wconf 90' lang='lat' dir='ltr'><strong>supra</strong></span> <span class='ocrx_word' id='word_1_443' title='bbox 1218 3611 1403 3704; x_wconf 86' lang='lat' dir='ltr'><strong>praecipit:</strong></span> <span class='ocrx_word' id='word_1_444' title='bbox 1427 3605 1518 3685; x_wconf 84' lang='lat' dir='ltr'><strong>Non</strong></span> <span class='ocrx_word' id='word_1_445' title='bbox 1534 3607 1598 3682; x_wconf 86' lang='lat' dir='ltr'><strong>des</strong></span> <span class='ocrx_word' id='word_1_446' title='bbox 1603 3608 1813 3711; x_wconf 76' lang='lat' dir='ltr'><strong>facultates</strong></span> <span class='ocrx_word' id='word_1_447' title='bbox 1825 3617 1911 3682; x_wconf 82' lang='lat' dir='ltr'><strong>tuas</strong></span> <span class='ocrx_word' id='word_1_448' title='bbox 1925 3605 2073 3696; x_wconf 84' lang='lat' dir='ltr'><strong>alicnis,</strong></span> 
     </span>
     <span class='ocr_line' id='line_1_35' title="bbox 63 3707 2072 3808; baseline 0 -25"><span class='ocrx_word' id='word_1_449' title='bbox 63 3725 90 3783; x_wconf 88' lang='lat' dir='ltr'><strong>et</strong></span> <span class='ocrx_word' id='word_1_450' title='bbox 113 3715 211 3785; x_wconf 88' lang='lat' dir='ltr'><strong>dulci</strong></span> <span class='ocrx_word' id='word_1_451' title='bbox 236 3715 364 3787; x_wconf 85' lang='lat' dir='ltr'><strong>affectu</strong></span> <span class='ocrx_word' id='word_1_452' title='bbox 388 3739 531 3808; x_wconf 88' lang='lat' dir='ltr'><strong>capreae</strong></span> <span class='ocrx_word' id='word_1_453' title='bbox 554 3729 589 3788; x_wconf 90' lang='lat' dir='ltr'><strong>et</strong></span> <span class='ocrx_word' id='word_1_454' title='bbox 608 3712 772 3802; x_wconf 88' lang='lat' dir='ltr'><strong>hinnuli,</strong></span> <span class='ocrx_word' id='word_1_455' title='bbox 804 3741 866 3787; x_wconf 89' lang='lat' dir='ltr'><strong>scu</strong></span> <span class='ocrx_word' id='word_1_456' title='bbox 886 3717 980 3788; x_wconf 89' lang='lat' dir='ltr'><strong>cervi</strong></span> <span class='ocrx_word' id='word_1_457' title='bbox 1003 3731 1036 3790; x_wconf 91' lang='lat' dir='ltr'><strong>et</strong></span> <span class='ocrx_word' id='word_1_458' title='bbox 1090 3720 1122 3784; x_wconf 81' lang='lat' dir='ltr'><strong>ct</strong></span> <span class='ocrx_word' id='word_1_459' title='bbox 1136 3737 1256 3786; x_wconf 83' lang='lat' dir='ltr'><strong>annos</strong></span> <span class='ocrx_word' id='word_1_460' title='bbox 1271 3707 1517 3787; x_wconf 81' lang='lat' dir='ltr'><strong>tunscrudeli.</strong></span> <span class='ocrx_word' id='word_1_461' title='bbox 1566 3712 1737 3785; x_wconf 90' lang='lat' dir='ltr'><strong>Crudeles</strong></span> <span class='ocrx_word' id='word_1_462' title='bbox 1750 3713 1932 3799; x_wconf 89' lang='lat' dir='ltr'><strong>nominat,</strong></span> <span class='ocrx_word' id='word_1_463' title='bbox 1953 3709 2072 3783; x_wconf 78' lang='lat' dir='ltr'><strong>Hira-</strong></span> 
     </span>
     <span class='ocr_line' id='line_1_36' title="bbox 63 3811 2072 3911; baseline 0.001 -29"><span class='ocrx_word' id='word_1_464' title='bbox 63 3839 183 3885; x_wconf 87' lang='lat' dir='ltr'><strong>cervae.</strong></span> <span class='ocrx_word' id='word_1_465' title='bbox 239 3811 288 3888; x_wconf 87' lang='grc' dir='ltr'>Ει</span> <span class='ocrx_word' id='word_1_466' title='bbox 313 3817 440 3909; x_wconf 89' lang='lat' dir='ltr'><strong>repetit</strong></span> <span class='ocrx_word' id='word_1_467' title='bbox 461 3830 575 3888; x_wconf 82' lang='lat' dir='ltr'><strong>textus</strong></span> <span class='ocrx_word' id='word_1_468' title='bbox 597 3817 836 3888; x_wconf 88' lang='lat' dir='ltr'><strong>dulcissimam</strong></span> <span class='ocrx_word' id='word_1_469' title='bbox 861 3819 1034 3911; x_wconf 91' lang='lat' dir='ltr'><strong>approba·</strong></span> <span class='ocrx_word' id='word_1_470' title='bbox 1090 3812 1211 3898; x_wconf 81' lang='lat' dir='ltr'><strong>dines,</strong></span> <span class='ocrx_word' id='word_1_471' title='bbox 1237 3839 1327 3910; x_wconf 88' lang='lat' dir='ltr'><strong>quae</strong></span> <span class='ocrx_word' id='word_1_472' title='bbox 1342 3811 1538 3888; x_wconf 86' lang='lat' dir='ltr'><strong>abutuntur</strong></span> <span class='ocrx_word' id='word_1_473' title='bbox 1552 3815 1926 3890; x_wconf 83' lang='lat' dir='ltr'><strong>alienisiacultatibns.</strong></span> <span class='ocrx_word' id='word_1_474' title='bbox 1974 3811 2072 3885; x_wconf 87' lang='lat' dir='ltr'><strong>Haec</strong></span> 
     </span>
     <span class='ocr_line' id='line_1_37' title="bbox 64 3914 2071 4010; baseline 0 -26"><span class='ocrx_word' id='word_1_475' title='bbox 64 3914 185 3986; x_wconf 88' lang='lat' dir='ltr'><strong>tionem</strong></span> <span class='ocrx_word' id='word_1_476' title='bbox 218 3915 353 3988; x_wconf 88' lang='lat' dir='ltr'><strong>amoris</strong></span> <span class='ocrx_word' id='word_1_477' title='bbox 381 3929 416 3990; x_wconf 89' lang='lat' dir='ltr'><strong>et</strong></span> <span class='ocrx_word' id='word_1_478' title='bbox 444 3918 596 3989; x_wconf 85' lang='lat' dir='ltr'><strong>foederis</strong></span> <span class='ocrx_word' id='word_1_479' title='bbox 625 3919 836 4010; x_wconf 86' lang='lat' dir='ltr'><strong>coniugalis,</strong></span> <span class='ocrx_word' id='word_1_480' title='bbox 868 3945 948 3991; x_wconf 90' lang='lat' dir='ltr'><strong>cum</strong></span> <span class='ocrx_word' id='word_1_481' title='bbox 970 3921 1035 3992; x_wconf 91' lang='lat' dir='ltr'><strong>ait:</strong></span> <span class='ocrx_word' id='word_1_482' title='bbox 1089 3928 1258 4009; x_wconf 83' lang='lat' dir='ltr'><strong>rapacitas</strong></span> <span class='ocrx_word' id='word_1_483' title='bbox 1279 3917 1317 3988; x_wconf 93' lang='lat' dir='ltr'><strong>in</strong></span> <span class='ocrx_word' id='word_1_484' title='bbox 1341 3917 1433 3986; x_wconf 88' lang='lat' dir='ltr'><strong>aulis</strong></span> <span class='ocrx_word' id='word_1_485' title='bbox 1455 3917 1676 4009; x_wconf 89' lang='lat' dir='ltr'><strong>conspectior</strong></span> <span class='ocrx_word' id='word_1_486' title='bbox 1699 3929 1769 4004; x_wconf 89' lang='lat' dir='ltr'><strong>est,</strong></span> <span class='ocrx_word' id='word_1_487' title='bbox 1793 3930 1829 3987; x_wconf 91' lang='lat' dir='ltr'><strong>et</strong></span> <span class='ocrx_word' id='word_1_488' title='bbox 1852 3917 2011 4008; x_wconf 83' lang='lat' dir='ltr'><strong>pingitur</strong></span> <span class='ocrx_word' id='word_1_489' title='bbox 2031 3915 2071 3986; x_wconf 88' lang='lat' dir='ltr'><strong>in</strong></span> 
     </span>
     <span class='ocr_line' id='line_1_38' title="bbox 64 4013 2070 4112; baseline 0 -26"><span class='ocrx_word' id='word_1_490' title='bbox 64 4013 167 4087; x_wconf 82' lang='lat' dir='ltr'><strong>Ubera</strong></span> <span class='ocrx_word' id='word_1_491' title='bbox 193 4019 272 4088; x_wconf 90' lang='lat' dir='ltr'><strong>eius</strong></span> <span class='ocrx_word' id='word_1_492' title='bbox 292 4017 471 4091; x_wconf 91' lang='lat' dir='ltr'><strong>inebrient</strong></span> <span class='ocrx_word' id='word_1_493' title='bbox 492 4032 546 4104; x_wconf 86' lang='lat' dir='ltr'><strong>te,</strong></span> <span class='ocrx_word' id='word_1_494' title='bbox 573 4021 611 4090; x_wconf 93' lang='lat' dir='ltr'><strong>id</strong></span> <span class='ocrx_word' id='word_1_495' title='bbox 635 4034 704 4102; x_wconf 90' lang='lat' dir='ltr'><strong>cst,</strong></span> <span class='ocrx_word' id='word_1_496' title='bbox 732 4022 776 4092; x_wconf 92' lang='lat' dir='ltr'><strong>sit</strong></span> <span class='ocrx_word' id='word_1_497' title='bbox 801 4044 906 4092; x_wconf 84' lang='lat' dir='ltr'><strong>verus</strong></span> <span class='ocrx_word' id='word_1_498' title='bbox 927 4035 961 4094; x_wconf 91' lang='lat' dir='ltr'><strong>et</strong></span> <span class='ocrx_word' id='word_1_499' title='bbox 978 4047 1037 4092; x_wconf 89' lang='lat' dir='ltr'><strong>ar·</strong></span> <span class='ocrx_word' id='word_1_500' title='bbox 1087 4020 1207 4090; x_wconf 81' lang='lat' dir='ltr'><strong>sabula</strong></span> <span class='ocrx_word' id='word_1_501' title='bbox 1221 4018 1431 4102; x_wconf 79' lang='lat' dir='ltr'><strong>Actaeonis,</strong></span> <span class='ocrx_word' id='word_1_502' title='bbox 1455 4041 1560 4112; x_wconf 88' lang='lat' dir='ltr'><strong>quem</strong></span> <span class='ocrx_word' id='word_1_503' title='bbox 1577 4016 1964 4088; x_wconf 87' lang='lat' dir='ltr'><strong>suicanesdilacerant.</strong></span> <span class='ocrx_word' id='word_1_504' title='bbox 2015 4014 2070 4087; x_wconf 87' lang='lat' dir='ltr'><strong>De</strong></span> 
     </span>
    </p>
   </div>
   <div class='ocr_carea' id='block_1_10' title="bbox 65 4117 2209 4214">
    <p class='ocr_par' dir='ltr' id='par_1_10' title="bbox 65 4113 2209 4214">
     <span class='ocr_line' id='line_1_39' title="bbox 65 4117 2209 4214; baseline 0 -29"><span class='ocrx_word' id='word_1_505' title='bbox 65 4117 275 4199; x_wconf 74' lang='lat' dir='ltr'><strong>teneamur,</strong></span> <span class='ocrx_word' id='word_1_506' title='bbox 301 4119 617 4212; x_wconf 83' lang='lat' dir='ltr'><strong>etnonsitvagus.</strong></span> <span class='ocrx_word' id='word_1_507' title='bbox 669 4119 1036 4214; x_wconf 87' lang='lat' dir='ltr'><strong>Considereuturcm-</strong></span> <span class='ocrx_word' id='word_1_508' title='bbox 1087 4120 1299 4191; x_wconf 84' lang='lat' dir='ltr'><strong>liberalitate</strong></span> <span class='ocrx_word' id='word_1_509' title='bbox 1326 4141 1412 4189; x_wconf 85' lang='lat' dir='ltr'><strong>vero</strong></span> <span class='ocrx_word' id='word_1_510' title='bbox 1442 4131 1476 4188; x_wconf 91' lang='lat' dir='ltr'><strong>et</strong></span> <span class='ocrx_word' id='word_1_511' title='bbox 1503 4119 1735 4213; x_wconf 88' lang='lat' dir='ltr'><strong>eleemosynis</strong></span> <span class='ocrx_word' id='word_1_512' title='bbox 1754 4118 1956 4188; x_wconf 88' lang='lat' dir='ltr'><strong>dulcissime</strong></span> <span class='ocrx_word' id='word_1_513' title='bbox 1979 4118 2069 4189; x_wconf 84' lang='lat' dir='ltr'><strong>dici-</strong></span> <span class='ocrx_word' id='word_1_514' title='bbox 2202 4147 2209 4154; x_wconf 90' lang='lat'><em>·</em></span> 
     </span>
    </p>
   </div>
   <div class='ocr_carea' id='block_1_11' title="bbox 65 4213 2111 5439">
    <p class='ocr_par' dir='ltr' id='par_1_11' title="bbox 65 4213 2111 5439">
     <span class='ocr_line' id='line_1_40' title="bbox 65 4213 2072 4319; baseline 0.002 -34"><span class='ocrx_word' id='word_1_515' title='bbox 65 4213 195 4308; x_wconf 84' lang='lat' dir='ltr'><strong>phasec,</strong></span> <span class='ocrx_word' id='word_1_516' title='bbox 234 4219 345 4292; x_wconf 89' lang='lat' dir='ltr'><strong>ubera</strong></span> <span class='ocrx_word' id='word_1_517' title='bbox 373 4221 570 4312; x_wconf 83' lang='lat' dir='ltr'><strong>significant</strong></span> <span class='ocrx_word' id='word_1_518' title='bbox 601 4242 689 4316; x_wconf 82' lang='grc' dir='ltr'><strong><em>στορ</em></strong></span> <span class='ocrx_word' id='word_1_519' title='bbox 725 4218 776 4298; x_wconf 60' lang='lat' dir='ltr'><strong>*aa</strong></span> <span class='ocrx_word' id='word_1_520' title='bbox 852 4221 1035 4298; x_wconf 87' lang='lat' dir='ltr'><strong>inebrient</strong></span> <span class='ocrx_word' id='word_1_521' title='bbox 1088 4236 1164 4292; x_wconf 91' lang='lat' dir='ltr'><strong>tur:</strong></span> <span class='ocrx_word' id='word_1_522' title='bbox 1190 4217 1418 4296; x_wconf 78' lang='lat' dir='ltr'><strong>Derieentur</strong></span> <span class='ocrx_word' id='word_1_523' title='bbox 1431 4218 1561 4318; x_wconf 82' lang='lat' dir='ltr'><strong>sontes</strong></span> <span class='ocrx_word' id='word_1_524' title='bbox 1584 4216 1642 4290; x_wconf 86' lang='lat' dir='ltr'><strong>tui</strong></span> <span class='ocrx_word' id='word_1_525' title='bbox 1654 4216 1788 4319; x_wconf 83' lang='lat' dir='ltr'><strong>suras,</strong></span> <span class='ocrx_word' id='word_1_526' title='bbox 1813 4226 1845 4290; x_wconf 88' lang='lat' dir='ltr'><strong>et</strong></span> <span class='ocrx_word' id='word_1_527' title='bbox 1868 4227 1908 4288; x_wconf 83' lang='lat' dir='ltr'><strong>tu</strong></span> <span class='ocrx_word' id='word_1_528' title='bbox 1930 4214 2072 4290; x_wconf 87' lang='lat' dir='ltr'><strong>Domi-</strong></span> 
     </span>
     <span class='ocr_line' id='line_1_41' title="bbox 66 4319 2071 4412; baseline 0.002 -26"><span class='ocrx_word' id='word_1_529' title='bbox 66 4319 225 4408; x_wconf 84' lang='lat' dir='ltr'><strong>signilicat</strong></span> <span class='ocrx_word' id='word_1_530' title='bbox 249 4344 417 4411; x_wconf 82' lang='lat' dir='ltr'><strong>magnum</strong></span> <span class='ocrx_word' id='word_1_531' title='bbox 438 4346 605 4397; x_wconf 83' lang='lat' dir='ltr'><strong>amorem.</strong></span> <span class='ocrx_word' id='word_1_532' title='bbox 698 4325 861 4396; x_wconf 90' lang='lat' dir='ltr'><strong>tdcinde</strong></span> <span class='ocrx_word' id='word_1_533' title='bbox 884 4327 1035 4398; x_wconf 79' lang='lat' dir='ltr'><strong>dicitur:</strong></span> <span class='ocrx_word' id='word_1_534' title='bbox 1087 4345 1158 4394; x_wconf 82' lang='lat' dir='ltr'><strong>nus</strong></span> <span class='ocrx_word' id='word_1_535' title='bbox 1174 4345 1297 4395; x_wconf 85' lang='lat' dir='ltr'><strong>eorum</strong></span> <span class='ocrx_word' id='word_1_536' title='bbox 1312 4329 1478 4407; x_wconf 80' lang='lat' dir='ltr'><strong>nanneto,</strong></span> <span class='ocrx_word' id='word_1_537' title='bbox 1501 4320 1539 4391; x_wconf 90' lang='lat' dir='ltr'><strong>id</strong></span> <span class='ocrx_word' id='word_1_538' title='bbox 1555 4332 1606 4392; x_wconf 88' lang='lat' dir='ltr'><strong>cst</strong></span> <span class='ocrx_word' id='word_1_539' title='bbox 1614 4369 1625 4404; x_wconf 91' lang='lat'><strong>,</strong></span> <span class='ocrx_word' id='word_1_540' title='bbox 1650 4319 1810 4412; x_wconf 85' lang='lat' dir='ltr'><strong>largiaris</strong></span> <span class='ocrx_word' id='word_1_541' title='bbox 1825 4322 1870 4390; x_wconf 90' lang='lat' dir='ltr'><strong>dc</strong></span> <span class='ocrx_word' id='word_1_542' title='bbox 1884 4321 2071 4406; x_wconf 81' lang='lat' dir='ltr'><strong>fructibus,</strong></span> 
     </span>
     <span class='ocr_line' id='line_1_42' title="bbox 66 4413 2069 4518; baseline 0.003 -32"><span class='ocrx_word' id='word_1_543' title='bbox 66 4413 105 4487; x_wconf 86' lang='lat' dir='ltr'><strong>ln</strong></span> <span class='ocrx_word' id='word_1_544' title='bbox 125 4417 318 4493; x_wconf 80' lang='lat' dir='ltr'><strong>dilectione</strong></span> <span class='ocrx_word' id='word_1_545' title='bbox 335 4420 412 4494; x_wconf 87' lang='lat' dir='ltr'><strong>eius</strong></span> <span class='ocrx_word' id='word_1_546' title='bbox 430 4422 595 4518; x_wconf 85' lang='lat' dir='ltr'><strong>ignores,</strong></span> <span class='ocrx_word' id='word_1_547' title='bbox 620 4425 784 4497; x_wconf 85' lang='lat' dir='ltr'><strong>videlicet</strong></span> <span class='ocrx_word' id='word_1_548' title='bbox 799 4427 898 4501; x_wconf 88' lang='lat' dir='ltr'><strong>alias.</strong></span> <span class='ocrx_word' id='word_1_549' title='bbox 949 4421 1033 4500; x_wconf 85' lang='lat' dir='ltr'><strong>Est·</strong></span> <span class='ocrx_word' id='word_1_550' title='bbox 1064 4423 1136 4497; x_wconf 50' lang='lat' dir='ltr'><strong>¹ita</strong></span> <span class='ocrx_word' id='word_1_551' title='bbox 1164 4439 1206 4498; x_wconf 92' lang='lat' dir='ltr'><strong>ut</strong></span> <span class='ocrx_word' id='word_1_552' title='bbox 1234 4424 1387 4496; x_wconf 89' lang='lat' dir='ltr'><strong>retinere</strong></span> <span class='ocrx_word' id='word_1_553' title='bbox 1416 4423 1528 4515; x_wconf 89' lang='lat' dir='ltr'><strong>possis</strong></span> <span class='ocrx_word' id='word_1_554' title='bbox 1552 4422 1718 4499; x_wconf 82' lang='lat' dir='ltr'><strong>fundum.</strong></span> <span class='ocrx_word' id='word_1_555' title='bbox 1769 4417 1937 4494; x_wconf 89' lang='lat' dir='ltr'><strong>Ostendit</strong></span> <span class='ocrx_word' id='word_1_556' title='bbox 1960 4423 2069 4515; x_wconf 82' lang='lat' dir='ltr'><strong>igitur</strong></span> 
     </span>
     <span class='ocr_line' id='line_1_43' title="bbox 67 4521 2068 4618; baseline 0.001 -27"><span class='ocrx_word' id='word_1_557' title='bbox 67 4545 122 4612; x_wconf 83' lang='lat' dir='ltr'><strong>que</strong></span> <span class='ocrx_word' id='word_1_558' title='bbox 143 4547 302 4610; x_wconf 90' lang='lat' dir='ltr'><strong>summa,</strong></span> <span class='ocrx_word' id='word_1_559' title='bbox 328 4549 410 4596; x_wconf 89' lang='lat' dir='ltr'><strong>vere</strong></span> <span class='ocrx_word' id='word_1_560' title='bbox 431 4525 569 4618; x_wconf 89' lang='lat' dir='ltr'><strong>diligito</strong></span> <span class='ocrx_word' id='word_1_561' title='bbox 591 4539 688 4596; x_wconf 85' lang='lat' dir='ltr'><strong>tuam</strong></span> <span class='ocrx_word' id='word_1_562' title='bbox 714 4528 917 4618; x_wconf 87' lang='lat' dir='ltr'><strong>coniugem,</strong></span> <span class='ocrx_word' id='word_1_563' title='bbox 943 4543 1033 4600; x_wconf 89' lang='lat' dir='ltr'><strong>ctea</strong></span> <span class='ocrx_word' id='word_1_564' title='bbox 1086 4529 1233 4598; x_wconf 88' lang='lat' dir='ltr'><strong>modum</strong></span> <span class='ocrx_word' id='word_1_565' title='bbox 1269 4525 1510 4606; x_wconf 88' lang='lat' dir='ltr'><strong>liberalitatis,</strong></span> <span class='ocrx_word' id='word_1_566' title='bbox 1549 4524 1629 4596; x_wconf 85' lang='lat' dir='ltr'><strong>vult</strong></span> <span class='ocrx_word' id='word_1_567' title='bbox 1662 4521 1821 4594; x_wconf 87' lang='lat' dir='ltr'><strong>dominia</strong></span> <span class='ocrx_word' id='word_1_568' title='bbox 1853 4525 2068 4608; x_wconf 87' lang='lat' dir='ltr'><strong>conservari,</strong></span> 
     </span>
     <span class='ocr_line' id='line_1_44' title="bbox 67 4621 2068 4721; baseline 0.003 -33"><span class='ocrx_word' id='word_1_569' title='bbox 67 4625 155 4694; x_wconf 85' lang='lat' dir='ltr'><strong>unica</strong></span> <span class='ocrx_word' id='word_1_570' title='bbox 177 4639 368 4697; x_wconf 86' lang='lat' dir='ltr'><strong>contentus</strong></span> <span class='ocrx_word' id='word_1_571' title='bbox 390 4640 482 4712; x_wconf 88' lang='lat' dir='ltr'><strong>esto,</strong></span> <span class='ocrx_word' id='word_1_572' title='bbox 507 4629 598 4699; x_wconf 91' lang='lat' dir='ltr'><strong>sicut</strong></span> <span class='ocrx_word' id='word_1_573' title='bbox 620 4624 706 4698; x_wconf 89' lang='lat' dir='ltr'><strong>hacc</strong></span> <span class='ocrx_word' id='word_1_574' title='bbox 728 4629 785 4698; x_wconf 83' lang='lat' dir='ltr'><strong>lex</strong></span> <span class='ocrx_word' id='word_1_575' title='bbox 809 4631 852 4698; x_wconf 84' lang='lat' dir='ltr'><strong>ele</strong></span> <span class='ocrx_word' id='word_1_576' title='bbox 867 4631 1033 4721; x_wconf 90' lang='lat' dir='ltr'><strong>coniugio</strong></span> <span class='ocrx_word' id='word_1_577' title='bbox 1087 4652 1161 4698; x_wconf 91' lang='lat' dir='ltr'><strong>nou</strong></span> <span class='ocrx_word' id='word_1_578' title='bbox 1189 4628 1266 4700; x_wconf 84' lang='lat' dir='ltr'><strong>fieri</strong></span> <span class='ocrx_word' id='word_1_579' title='bbox 1292 4627 1513 4719; x_wconf 79' lang='lat' dir='ltr'><strong>profusiones</strong></span> <span class='ocrx_word' id='word_1_580' title='bbox 1542 4639 1576 4696; x_wconf 91' lang='lat' dir='ltr'><strong>ct</strong></span> <span class='ocrx_word' id='word_1_581' title='bbox 1600 4624 1847 4714; x_wconf 87' lang='lat' dir='ltr'><strong>dissipationes</strong></span> <span class='ocrx_word' id='word_1_582' title='bbox 1869 4621 2068 4696; x_wconf 87' lang='lat' dir='ltr'><strong>baeredita-</strong></span> 
     </span>
     <span class='ocr_line' id='line_1_45' title="bbox 68 4725 2068 4819; baseline -0.001 -24"><span class='ocrx_word' id='word_1_583' title='bbox 68 4726 166 4796; x_wconf 80' lang='lat' dir='ltr'><strong>cutim</strong></span> <span class='ocrx_word' id='word_1_584' title='bbox 189 4729 230 4797; x_wconf 91' lang='lat' dir='ltr'><strong>in</strong></span> <span class='ocrx_word' id='word_1_585' title='bbox 247 4725 416 4799; x_wconf 85' lang='lat' dir='ltr'><strong>Paradiso</strong></span> <span class='ocrx_word' id='word_1_586' title='bbox 437 4731 569 4802; x_wconf 62' lang='lat' dir='ltr'><strong>sanata</strong></span> <span class='ocrx_word' id='word_1_587' title='bbox 586 4741 654 4799; x_wconf 86' lang='lat' dir='ltr'><strong>est:</strong></span> <span class='ocrx_word' id='word_1_588' title='bbox 680 4725 799 4801; x_wconf 84' lang='lat' dir='ltr'><strong>Erunt</strong></span> <span class='ocrx_word' id='word_1_589' title='bbox 814 4733 886 4802; x_wconf 90' lang='lat' dir='ltr'><strong>dno</strong></span> <span class='ocrx_word' id='word_1_590' title='bbox 903 4733 941 4802; x_wconf 91' lang='lat' dir='ltr'><strong>in</strong></span> <span class='ocrx_word' id='word_1_591' title='bbox 956 4755 1033 4802; x_wconf 85' lang='lat' dir='ltr'><strong>car·</strong></span> <span class='ocrx_word' id='word_1_592' title='bbox 1085 4741 1182 4819; x_wconf 88' lang='lat' dir='ltr'><strong>tum,</strong></span> <span class='ocrx_word' id='word_1_593' title='bbox 1209 4744 1243 4802; x_wconf 92' lang='lat' dir='ltr'><strong>ct</strong></span> <span class='ocrx_word' id='word_1_594' title='bbox 1265 4742 1383 4801; x_wconf 68' lang='lat' dir='ltr'><strong>umen</strong></span> <span class='ocrx_word' id='word_1_595' title='bbox 1405 4727 1482 4799; x_wconf 86' lang='lat' dir='ltr'><strong>vult</strong></span> <span class='ocrx_word' id='word_1_596' title='bbox 1505 4725 1619 4796; x_wconf 87' lang='lat' dir='ltr'><strong>iuvari</strong></span> <span class='ocrx_word' id='word_1_597' title='bbox 1640 4738 1781 4817; x_wconf 85' lang='lat' dir='ltr'><strong>egentes</strong></span> <span class='ocrx_word' id='word_1_598' title='bbox 1803 4749 1868 4818; x_wconf 91' lang='lat' dir='ltr'><strong>pro</strong></span> <span class='ocrx_word' id='word_1_599' title='bbox 1890 4725 2068 4797; x_wconf 77' lang='lat' dir='ltr'><strong>taccttact-</strong></span> 
     </span>
     <span class='ocr_line' id='line_1_46' title="bbox 69 4825 2067 4922; baseline 0.005 -32"><span class='ocrx_word' id='word_1_600' title='bbox 69 4846 133 4894; x_wconf 85' lang='lat' dir='ltr'><strong>nem</strong></span> <span class='ocrx_word' id='word_1_601' title='bbox 154 4853 284 4912; x_wconf 89' lang='lat' dir='ltr'><strong>unam,</strong></span> <span class='ocrx_word' id='word_1_602' title='bbox 310 4828 347 4898; x_wconf 90' lang='lat' dir='ltr'><strong>id</strong></span> <span class='ocrx_word' id='word_1_603' title='bbox 371 4842 441 4916; x_wconf 90' lang='lat' dir='ltr'><strong>est,</strong></span> <span class='ocrx_word' id='word_1_604' title='bbox 464 4853 557 4901; x_wconf 91' lang='lat' dir='ltr'><strong>unus</strong></span> <span class='ocrx_word' id='word_1_605' title='bbox 578 4849 655 4900; x_wconf 86' lang='lat' dir='ltr'><strong>mas</strong></span> <span class='ocrx_word' id='word_1_606' title='bbox 669 4846 703 4902; x_wconf 92' lang='lat' dir='ltr'><strong>ct</strong></span> <span class='ocrx_word' id='word_1_607' title='bbox 718 4855 788 4901; x_wconf 93' lang='lat' dir='ltr'><strong>una</strong></span> <span class='ocrx_word' id='word_1_608' title='bbox 805 4833 960 4904; x_wconf 89' lang='lat' dir='ltr'><strong>loemina</strong></span> <span class='ocrx_word' id='word_1_609' title='bbox 975 4833 1032 4902; x_wconf 89' lang='lat' dir='ltr'><strong>in·</strong></span> <span class='ocrx_word' id='word_1_610' title='bbox 1086 4833 1170 4918; x_wconf 86' lang='lat' dir='ltr'><strong>bu&#39;s,</strong></span> <span class='ocrx_word' id='word_1_611' title='bbox 1191 4831 1283 4902; x_wconf 88' lang='lat' dir='ltr'><strong>sicut</strong></span> <span class='ocrx_word' id='word_1_612' title='bbox 1295 4827 1473 4900; x_wconf 86' lang='lat' dir='ltr'><strong>Dominus</strong></span> <span class='ocrx_word' id='word_1_613' title='bbox 1486 4827 1621 4922; x_wconf 85' lang='lat' dir='ltr'><strong>inquit:</strong></span> <span class='ocrx_word' id='word_1_614' title='bbox 1646 4825 1738 4899; x_wconf 88' lang='lat' dir='ltr'><strong>Date</strong></span> <span class='ocrx_word' id='word_1_615' title='bbox 1752 4848 1819 4918; x_wconf 84' lang='lat' dir='ltr'><strong>pro</strong></span> <span class='ocrx_word' id='word_1_616' title='bbox 1830 4827 2067 4902; x_wconf 79' lang='lat' dir='ltr'><strong>facultatibus.</strong></span> 
     </span>
     <span class='ocr_line' id='line_1_47' title="bbox 70 4929 1031 5028; baseline 0.012 -36"><span class='ocrx_word' id='word_1_617' title='bbox 70 4931 291 5015; x_wconf 85' lang='lat' dir='ltr'><strong>separabiliter</strong></span> <span class='ocrx_word' id='word_1_618' title='bbox 315 4929 439 5002; x_wconf 75' lang='lat' dir='ltr'><strong>iuncti.</strong></span> <span class='ocrx_word' id='word_1_619' title='bbox 505 4931 600 5022; x_wconf 88' lang='lat' dir='ltr'><strong>Quia</strong></span> <span class='ocrx_word' id='word_1_620' title='bbox 623 4948 708 5006; x_wconf 90' lang='lat' dir='ltr'><strong>tuuc</strong></span> <span class='ocrx_word' id='word_1_621' title='bbox 732 4957 874 5028; x_wconf 90' lang='lat' dir='ltr'><strong>quoque</strong></span> <span class='ocrx_word' id='word_1_622' title='bbox 896 4935 1031 5005; x_wconf 88' lang='lat' dir='ltr'><strong>etiamsi</strong></span> 
     </span>
     <span class='ocr_line' id='line_1_48' title="bbox 70 5027 1032 5124; baseline 0.014 -31"><span class='ocrx_word' id='word_1_623' title='bbox 70 5041 173 5100; x_wconf 81' lang='lat' dir='ltr'><strong>namra</strong></span> <span class='ocrx_word' id='word_1_624' title='bbox 188 5027 378 5100; x_wconf 90' lang='lat' dir='ltr'><strong>bominum</strong></span> <span class='ocrx_word' id='word_1_625' title='bbox 390 5033 574 5106; x_wconf 89' lang='lat' dir='ltr'><strong>mansisset</strong></span> <span class='ocrx_word' id='word_1_626' title='bbox 584 5033 733 5124; x_wconf 88' lang='lat' dir='ltr'><strong>integra,</strong></span> <span class='ocrx_word' id='word_1_627' title='bbox 758 5036 926 5107; x_wconf 84' lang='lat' dir='ltr'><strong>voluisset</strong></span> <span class='ocrx_word' id='word_1_628' title='bbox 935 5035 1032 5107; x_wconf 88' lang='lat' dir='ltr'><strong>Deus</strong></span> 
     </span>
     <span class='ocr_line' id='line_1_49' title="bbox 72 5119 1031 5225; baseline 0.016 -32"><span class='ocrx_word' id='word_1_629' title='bbox 72 5119 211 5202; x_wconf 87' lang='lat' dir='ltr'><strong>homines</strong></span> <span class='ocrx_word' id='word_1_630' title='bbox 235 5133 434 5222; x_wconf 88' lang='lat' dir='ltr'><strong>intelligere</strong></span> <span class='ocrx_word' id='word_1_631' title='bbox 450 5135 662 5213; x_wconf 84' lang='lat' dir='ltr'><strong>castitatem,</strong></span> <span class='ocrx_word' id='word_1_632' title='bbox 690 5149 724 5206; x_wconf 88' lang='lat' dir='ltr'><strong>et</strong></span> <span class='ocrx_word' id='word_1_633' title='bbox 742 5151 917 5225; x_wconf 80' lang='lat' dir='ltr'><strong>praestare</strong></span> <span class='ocrx_word' id='word_1_634' title='bbox 933 5161 1031 5208; x_wconf 84' lang='lat' dir='ltr'><strong>exer·</strong></span> 
     </span>
     <span class='ocr_line' id='line_1_50' title="bbox 72 5226 2069 5331; baseline 0.007 -38"><span class='ocrx_word' id='word_1_635' title='bbox 72 5226 170 5302; x_wconf 87' lang='lat' dir='ltr'><strong>citium</strong></span> <span class='ocrx_word' id='word_1_636' title='bbox 194 5233 436 5322; x_wconf 87' lang='lat' dir='ltr'><strong>obedientiae,</strong></span> <span class='ocrx_word' id='word_1_637' title='bbox 465 5231 571 5307; x_wconf 89' lang='lat' dir='ltr'><strong>buius</strong></span> <span class='ocrx_word' id='word_1_638' title='bbox 595 5239 733 5307; x_wconf 89' lang='lat' dir='ltr'><strong>ordinis</strong></span> <span class='ocrx_word' id='word_1_639' title='bbox 753 5239 1030 5322; x_wconf 87' lang='lat' dir='ltr'><strong>conservatione,</strong></span> <span class='ocrx_word' id='word_1_640' title='bbox 1186 5234 1230 5307; x_wconf 91' lang='lat' dir='ltr'><strong>ln</strong></span> <span class='ocrx_word' id='word_1_641' title='bbox 1253 5231 1323 5308; x_wconf 90' lang='lat' dir='ltr'><strong>boc</strong></span> <span class='ocrx_word' id='word_1_642' title='bbox 1344 5237 1460 5331; x_wconf 84' lang='lat' dir='ltr'><strong>capite</strong></span> <span class='ocrx_word' id='word_1_643' title='bbox 1483 5249 1517 5309; x_wconf 92' lang='lat' dir='ltr'><strong>et</strong></span> <span class='ocrx_word' id='word_1_644' title='bbox 1540 5234 1626 5308; x_wconf 88' lang='lat' dir='ltr'><strong>baec</strong></span> <span class='ocrx_word' id='word_1_645' title='bbox 1649 5235 1798 5326; x_wconf 89' lang='lat' dir='ltr'><strong>insignis</strong></span> <span class='ocrx_word' id='word_1_646' title='bbox 1812 5234 1984 5307; x_wconf 89' lang='lat' dir='ltr'><strong>sententia</strong></span> <span class='ocrx_word' id='word_1_647' title='bbox 2000 5235 2069 5306; x_wconf 89' lang='lat' dir='ltr'><strong>ob-</strong></span> 
     </span>
     <span class='ocr_line' id='line_1_51' title="bbox 73 5329 2111 5439; baseline 0.007 -47"><span class='ocrx_word' id='word_1_648' title='bbox 73 5329 233 5420; x_wconf 74' lang='lat' dir='ltr'><strong>ridclicet,</strong></span> <span class='ocrx_word' id='word_1_649' title='bbox 257 5335 413 5407; x_wconf 83' lang='lat' dir='ltr'><strong>vitandis</strong></span> <span class='ocrx_word' id='word_1_650' title='bbox 427 5337 524 5428; x_wconf 84' lang='lat' dir='ltr'><strong>vagis</strong></span> <span class='ocrx_word' id='word_1_651' title='bbox 539 5337 769 5439; x_wconf 63' lang='lat' dir='ltr'><strong>libidinibus,</strong></span> <span class='ocrx_word' id='word_1_652' title='bbox 1084 5351 1244 5410; x_wconf 82' lang='lat' dir='ltr'><strong>servetur</strong></span> <span class='ocrx_word' id='word_1_653' title='bbox 1269 5341 1314 5409; x_wconf 91' lang='lat' dir='ltr'><strong>de</strong></span> <span class='ocrx_word' id='word_1_654' title='bbox 1337 5339 1504 5432; x_wconf 86' lang='lat' dir='ltr'><strong>exemplis</strong></span> <span class='ocrx_word' id='word_1_655' title='bbox 1525 5337 1784 5410; x_wconf 85' lang='lat' dir='ltr'><strong>multitudinis:</strong></span> <span class='ocrx_word' id='word_1_656' title='bbox 1817 5330 1914 5408; x_wconf 82' lang='lat' dir='ltr'><strong>Perse</strong></span> <span class='ocrx_word' id='word_1_657' title='bbox 1939 5333 2003 5425; x_wconf 73' lang='lat' dir='ltr'><strong>fui</strong></span> <span class='ocrx_word' id='word_1_658' title='bbox 2026 5334 2067 5407; x_wconf 85' lang='lat' dir='ltr'><strong>in</strong></span> <span class='ocrx_word' id='word_1_659' title='bbox 2108 5361 2111 5368; x_wconf 69' lang='grc'><em>’</em></span> 
     </span>
    </p>
   </div>
   <div class='ocr_carea' id='block_1_12' title="bbox 1133 4991 2068 5176">
    <p class='ocr_par' dir='ltr' id='par_1_12' title="bbox 1133 4991 2068 5176">
     <span class='ocr_line' id='line_1_52' title="bbox 1133 4991 2068 5100; baseline -0.002 -30"><span class='ocrx_word' id='word_1_660' title='bbox 1133 4991 1231 5070; x_wconf 80' lang='lat' dir='ltr'><strong>Pena</strong></span> <span class='ocrx_word' id='word_1_661' title='bbox 1241 4996 1314 5100; x_wconf 82' lang='lat' dir='ltr'><strong>sui</strong></span> <span class='ocrx_word' id='word_1_662' title='bbox 1337 4995 1377 5068; x_wconf 86' lang='lat' dir='ltr'><strong>in</strong></span> <span class='ocrx_word' id='word_1_663' title='bbox 1404 4993 1508 5068; x_wconf 85' lang='lat' dir='ltr'><strong>omni</strong></span> <span class='ocrx_word' id='word_1_664' title='bbox 1525 4994 1647 5080; x_wconf 77' lang='lat' dir='ltr'><strong>malo,</strong></span> <span class='ocrx_word' id='word_1_665' title='bbox 1677 4995 1717 5070; x_wconf 85' lang='lat' dir='ltr'><strong>in</strong></span> <span class='ocrx_word' id='word_1_666' title='bbox 1735 4991 1855 5069; x_wconf 78' lang='lat' dir='ltr'><strong>medio</strong></span> <span class='ocrx_word' id='word_1_667' title='bbox 1870 5017 2068 5092; x_wconf 82' lang='lat' dir='ltr'><strong>congrega-</strong></span> 
     </span>
     <span class='ocr_line' id='line_1_53' title="bbox 1187 5099 1314 5176; baseline 0.024 -3"><span class='ocrx_word' id='word_1_668' title='bbox 1187 5099 1314 5176; x_wconf 69' lang='lat' dir='ltr'><strong>stoan.</strong></span> 
     </span>
    </p>
   </div>
   <div class='ocr_carea' id='block_1_13' title="bbox 0 0 2362 5826">
    <p class='ocr_par' dir='ltr' id='par_1_13' title="bbox 0 0 2362 5826">
     <span class='ocr_line' id='line_1_54' title="bbox 0 0 2362 5826; baseline 0 1"><span class='ocrx_word' id='word_1_669' title='bbox 0 0 2362 5826; x_wconf 95' lang='lat' dir='ltr'><strong> </strong></span> 
     </span>
    </p>
   </div>
  </div>
 </body>
</html>
