4622 5818
205 58 343 197 ‘aaa'
747 79 763 98 “
819 103 948 182 enta.
979 105 1098 180 aaa.
1128 102 1343 182 semera
1368 89 1672 182 nxnoartca
2181 107 2247 184 aso

541 278 567 330 ἲ
583 287 600 328 ²
617 288 633 328 ¹
651 277 663 328 t
680 273 727 327 ¹⁸
762 285 893 340 ΗΜ
1269 290 1455 364 catorum,
1491 293 1527 350 et
1561 279 1637 370 ipse
1666 277 1762 350 lilius
1787 276 1981 351 vivificabit
2011 277 2189 352 credentes
2215 295 2246 352 et

324 383 517 455 Promissio
536 379 659 452 addita
677 379 722 448 de
736 380 904 469 praemiis
920 403 1057 466 eornm,
1076 382 1144 476 ,qui
1161 406 1218 451 re·
1268 395 1410 472 agentes
1429 381 1709 473 poenitentiam,
1733 395 1769 454 et
1789 380 1888 452 dabit
1909 380 1961 451 eis
1974 377 2138 472 spiritum
2152 393 2187 454 et
2198 382 2247 450 vi·

223 488 548 581 cipiuntdocentes,
566 481 630 575 qui
644 480 769 552 iuvant
786 483 1075 574 propagationem
1084 485 1218 555 doctri·
1267 495 1340 568 tam
1362 496 1551 554 aeternam.
1600 483 1687 554 Ideo
1711 495 1763 554 est
1779 481 1975 574 promissus
1989 479 2246 574 Messias,'non

225 615 312 675 nae,
339 589 403 683 qui
419 588 545 657 iuvant
564 584 732 653 docentes
747 595 781 653 et
795 585 981 656 discentes.
1267 599 1308 655 ut
1322 586 1514 657 constituat
1528 585 1719 677 imperium
1734 584 1873 660 mundi.

328 688 404 781 Qui
434 685 560 778 recipit
590 679 805 774 Prophetam
836 702 984 780 propter
1007 688 1219 784 doctrinam,
1369 683 1473 757 Hanc
1505 687 1771 778 responsionem
1801 681 1966 757 Christus
1997 699 2117 776 postea
2145 685 2248 776 magis

139 845 141 853 ι
226 793 424 865 mercedem
438 783 637 880 Prophetae
654 787 816 879 accipiet.
1269 787 1443 875 declarat,
1468 789 1533 860 ubi
1555 789 1660 858 dicit:
1685 783 1720 858 A
1739 788 1865 858 diebus
1885 782 2058 858 lobannis
2079 783 2249 878 Baptistae

315 893 406 984 Qui
423 889 564 961 dederit
577 900 700 980 potum
719 911 832 982 aquae
851 904 918 963 ete.
1269 911 1417 976 regnum
1447 891 1629 962 coelorum
1655 890 1693 959 vi
1706 890 1878 980 erumpit,
1911 890 2039 982 bringtt
2059 889 2250 982 mit‘gtttclt

282 1055 287 1064 ,
328 993 446 1066 Amen
460 991 540 1062 dico
557 989 660 1060 vobis
678 1001 742 1060 etc.
1270 989 1370 1083 stitit.
1423 989 1531 1064 ltem:
1555 991 1631 1062 Lex
1655 1005 1691 1062 et
1707 987 1906 1084 Prophetae
1928 1013 2042 1085 usque
2063 992 2108 1060 ad
2126 985 2250 1062 lohan-

327 1095 506 1167 Dominus
522 1093 616 1164 iurat
631 1115 667 1161 se
682 1093 849 1162 daturum
867 1096 1062 1165 mercedem
1077 1093 1220 1178 talibus,
1269 1118 1371 1176 nem,
1396 1093 1435 1162 id
1455 1107 1524 1180 est,
1549 1116 1612 1165 vos
1632 1088 1771 1164 hebetia
1792 1093 1937 1164 stultam
1957 1091 2252 1183 imaginationem,

112 1248 116 1254 ·
228 1201 290 1296 qui
313 1199 437 1300 iuvant
461 1192 650 1284 Evangelii
671 1193 977 1285 propagationem.
1035 1194 1120 1266 ldeo
1146 1220 1219 1265 non
1271 1196 1341 1266 iam
1363 1195 1475 1285 legem
1491 1194 1589 1266 Mosi
1611 1195 1708 1266 inter
1728 1207 2197 1284 gentesregnaturamesse,
2221 1208 2251 1265 et

76 1331 78 1337 ’
228 1303 451 1385 dubitemus,
477 1297 567 1391 quin
590 1295 691 1366 Deus
712 1298 760 1367 sit
783 1309 1007 1390 protecturus
1023 1297 1218 1372 Ecclesiam
1271 1310 1385 1371 totum
1403 1299 1579 1368 mundum
1594 1297 1672 1368 fore
1688 1294 1869 1367 ludaicam
1884 1297 2059 1388 politiam.

229 1421 263 1477 et
280 1401 436 1497 hospitia
452 1397 642 1472 Ecclesiae.
1372 1396 1480 1470 Hunc
1503 1422 1660 1469 errorem
1685 1397 1849 1483 abiicite,
1879 1399 1961 1470 finis
1984 1398 2057 1468 iarn
2082 1409 2135 1468 est
2154 1392 2250 1468 huius

1270 1499 1436 1592 politiae,
1476 1501 1575 1571 aliud
1605 1523 1755 1590 regnum
1782 1501 1910 1583 venit,
1938 1499 2074 1572 scilicet
2111 1521 2250 1588 regnum

1271 1603 1469 1688 coelorum,
1500 1615 1535 1674 et
1556 1603 1656 1672 venit
1676 1603 1726 1675 vi.
1782 1598 1881 1672 Haec
1901 1603 2010 1672 verba
2032 1624 2108 1672 non
2132 1601 2180 1670 sic
2201 1601 2251 1668 in·

330 1707 450 1778 Vidua
466 1703 659 1796 Sareptana
676 1703 804 1788 alitur,
830 1719 864 1776 et
878 1705 1050 1776 excitatur
1063 1702 1190 1776 Filius.
1271 1705 1494 1795 telligantur,
1535 1705 1631 1797 quod
1659 1699 1824 1774 Christus
1854 1703 1893 1772 vi
1921 1715 2070 1794 occupet
2100 1702 2250 1794 imperia,

331 1807 485 1904 Hospita
523 1803 657 1876 Elisaei
694 1819 875 1891 servatur,
922 1820 959 1877 et
993 1807 1222 1878 resuscitatur
1271 1806 1362 1877 sicut
1389 1801 1603 1878 Alexander.
1664 1803 1745 1876 Sed·
1765 1806 1922 1896 potentia
1952 1805 2077 1874 divina
2108 1802 2251 1896 erumpit

229 1914 356 1986 Filius.
1272 1920 1395 1980 eontra
1416 1908 1554 1979 furores
1575 1904 1811 1978 Diabolorum
1837 1920 1872 1978 et
1894 1921 2152 2002 tyrannorum,
2177 1929 2251 1997 pro·

329 2011 427 2084 Deus
442 2009 618 2092 benefacit
631 2007 882 2081 obstetricibus
898 2006 934 2076 iu
944 2006 1117 2103 Aegypto.
1272 2010 1365 2080 cedit
1380 2009 1484 2080 etiam
1501 2009 1706 2080 nolentibus
1724 2006 1886 2094 Diabolis
1903 2023 1937 2080 et
1950 2007 2125 2103 tyrannis.

330 2113 499 2185 leremiae
520 2111 653 2182 amicus
675 2111 715 2180 in
739 2110 819 2198 aula
842 2105 1036 2182 Sedechiae
1059 2125 1222 2182 servatur
1374 2107 1422 2182 Et
1453 2112 1602 2182 violenti
1630 2111 1798 2204 rapiunt,
1837 2110 1989 2196 scilicet,
2022 2133 2099 2181 non
2132 2107 2251 2191 timidi,

232 2221 273 2289 in
294 2215 433 2290 excidio
447 2214 546 2284 urbis
561 2211 809 2307 lerosolymae.
1272 2237 1348 2284 non
1370 2213 1546 2304 fugientes
1569 2213 1748 2307 pericula,
1773 2215 1835 2284 scd
1859 2224 2082 2298 constantes,
2106 2224 2142 2286 et
2162 2223 2252 2280 antc-

332 2317 379 2388 Et
401 2312 469 2386 boc
489 2329 613 2386 nostro
645 2327 803 2406 tempore
832 2314 977 2403 videtis,
1009 2316 1105 2410 quod
1126 2312 1224 2386 Deus
1273 2317 1426 2386 terentes
1449 2316 1597 2406 gloriam
1612 2313 1683 2386 Dei
1699 2327 1734 2386 et
1749 2315 2006 2386 confessionem
2018 2335 2106 2387 suae
2121 2314 2209 2386 vitae
2223 2323 2253 2380 et

231 2420 407 2511 mitigavit
428 2440 561 2512 poenas
581 2416 823 2509 principibus,
848 2417 912 2510 qui
937 2415 1133 2512 Evangelio
1157 2414 1224 2489 ho·
1272 2417 1441 2487 omnibus
1458 2418 1713 2509 voluptatibus.

233 2523 378 2615 spitium
393 2520 648 2613 praebuerunt.
1205 2519 1212 2534 ’
1375 2517 1447 2590 Hic
1471 2519 1532 2590 liat
1554 2519 1745 2589 declaratio
1766 2519 1871 2589 dicti:
1902 2515 1976 2589 Lex
1999 2517 2115 2612 usque
2137 2518 2182 2587 ad
2201 2513 2252 2586 lo-

1273 2616 1448 2703 hannem,
1476 2635 1512 2691 et
1531 2621 1688 2699 dicatur,
1714 2622 1811 2713 quod
1832 2621 1936 2692 multi
1959 2635 2135 2714 quaerant
2151 2617 2253 2688 subti-

599 2775 738 2886 cm
773 2774 916 2861 a
1274 2721 1341 2894 ts.
1355 2735 1612 2917 attat:
1638 2725 1722 2918 a.
1736 2723 2253 2917 arclatensis:

335 2920 513 2996 lohannes
534 2921 646 2994 mittit
663 2922 856 3014 discipulos
878 2945 979 3008 snos,
1004 2937 1045 2994 ut
1069 2917 1223 2994 interro·
1275 2925 1433 3016 politiae.
1485 2923 1665 3022 Loquitur
1687 2949 1772 3016 ergo
1796 2920 1855 2995 hic
1875 2927 1921 2996 de
1940 2925 2053 3015 Lege,
2086 2921 2128 2996 in'
2150 2946 2252 3018 quau·

235 3040 336 3120 gent,
362 3049 437 3096 non
451 3025 548 3118 quod
568 3024 643 3116 ipse
664 3024 821 3109 dubitet,
843 3025 904 3094 sed
928 3039 968 3098 nt
993 3025 1160 3118 discipuli
1181 3051 1223 3096 ex
1274 3040 1352 3099 turn
1376 3040 1428 3098 est
1450 3027 1615 3117 politica,
1639 3029 1772 3099 scilicet
1792 3029 1837 3097 de
1861 3025 2073 3098 ceremoniis
2093 3039 2128 3098 et
2144 3029 2252 3096 lomn-

492 1562 541 1640 Et
563 1566 724 1660 exempla
747 1565 955 1638 recitentur.

107 3182 109 3190 .
235 3133 312 3222 ipso
328 3121 472 3199 Christo
487 3125 653 3210 audiant,
678 3127 774 3221 quod
789 3149 864 3197 non
888 3127 979 3198 alius
994 3125 1143 3198 Messias
1164 3153 1224 3198 ex·
1274 3130 1391 3210 sibus,
1417 3145 1494 3204 tota
1518 3125 1653 3224 &careo
1674 3147 1834 3224 gepttttg,
1856 3131 1922 3204 aab
1944 3145 2011 3204 tot!
2034 3125 2252 3223 sstcpmidn

208 3297 215 3302 .
236 3234 449 3324 spectandus
472 3228 537 3315 sit,
568 3240 603 3298 et
624 3239 665 3299 ut
693 3226 762 3319 ipsi
790 3251 908 3298 coram
933 3229 1020 3299 visis
1043 3231 1223 3301 miraculis
1274 3233 1465 3325 tegitttag,
1491 3232 1597 3302 etiam
1619 3233 1664 3302 de
1678 3231 1772 3322 Lege
1793 3233 1938 3316 morali,
1963 3232 2002 3300 in
2019 3246 2193 3326 quantum
2209 3240 2253 3298 est

237 3335 504 3406 confirmentur.
556 3325 654 3402 Haec
674 3343 727 3402 est
749 3353 888 3402 summa
903 3325 1011 3402 huius
1024 3331 1222 3421 legationis.
1274 3348 1415 3405 externa
1438 3333 1643 3424 disciplina,
1669 3335 1835 3405 coercens
1856 3333 2021 3410 civiliter.
2072 3329 2123 3406 Et
2138 3331 2252 3404 recite-

337 3432 386 3506 ll.
411 3429 1113 3525 Ratioautemdubitandidiscipulisluit
1128 3429 1224 3520 baec,
1273 3436 1489 3527 tur‘popnlo
1512 3459 1627 3506 crasse
1648 3435 1830 3508 distinctio
1852 3437 1962 3507 trium
1986 3435 2143 3529 partium
2164 3431 2253 3524 legis,

234 3539 318 3633 quia
334 3537 374 3608 in
387 3535 521 3627 populo
542 3534 612 3606 luit
626 3530 714 3606 baec
728 3535 884 3625 vulgaris
896 3536 1099 3627 persuasio,
1124 3535 1223 3608 Mes-
1274 3552 1315 3610 ut
1328 3551 1382 3609 est
1397 3539 1436 3610 in
1451 3538 1611 3610 examine
1626 3537 1926 3629 Megalburgcnsi.

234 3643 323 3712 siam
336 3640 616 3710 instauraturum
630 3659 704 3708 esse
720 3658 867 3727 regnum
882 3639 1083 3729 politicum,
1108 3653 1143 3709 et
1158 3635 1224 3710 ha·

236 3744 395 3815 biturum
413 3737 604 3824 exercitus,
626 3761 667 3808 ac
685 3737 830 3832 domitis
846 3739 1010 3828 gentibus
1032 3755 1222 3834 occupatu·
1642 3737 1728 3794 ⁵¹¹⁸
1755 3736 1894 3793 ⁰⁰³⁰¹⁰·

235 3869 317 3918 rum
343 3867 418 3916 esse
437 3839 658 3931 provincias,
690 3838 782 3911 sicut
810 3839 970 3913 iecerunt
990 3837 1223 3929 Monarcbae,
1376 3842 1540 3923 Christus
1562 3849 1624 3923 dat
1644 3845 1890 3919 testimonium
1908 3841 2082 3934 lohanni,
2105 3847 2202 3943 quod
2215 3844 2255 3916 sit

235 3945 369 4044 Cyrus,
394 3941 598 4016 Alexander
613 3955 647 4013 et
660 3941 734 4015 alil·
1273 3963 1439 4022 constans
1454 3952 1600 4034 doctor,
1627 3963 1661 4020 et
1676 3949 1774 4020 testis
1789 3949 1836 4020 dc
1852 3944 2009 4032 Christo.

132 4133 135 4149 Ι
335 4045 427 4122 Cum
442 4045 552 4137 igitur
572 4044 734 4116 viderent
748 4038 847 4114 huuc
863 4039 979 4113 lesum
995 4055 1133 4117 tantum
1150 4071 1224 4120 esse
1376 4048 1425 4124 Et
1443 4051 1530 4122 dicit
1551 4075 1631 4122 eum
1653 4075 1729 4123 non
1752 4072 1826 4122 esse
1848 4050 2004 4124 similem
2024 4050 2167 4138 aulicis,
2197 4049 2252 4144 qui

237 4173 428 4244 pauperem
450 4146 756 4232 concionatorem,
781 4140 849 4216 hac
868 4147 983 4238 specie
998 4141 1129 4218 humili
1145 4174 1224 4221 ιηο-
1273 4166 1499 4226 assentantur
1514 4154 1691 4235 dominis,
1714 4165 1798 4228 etc·
2110 4176 2112 4186 ¹

236 4253 413 4322 vehantur
414 4301 435 4362 θ
460 4263 502 4321 ut
515 4249 736 4354 dubitarent,
759 4270 806 4318 an
822 4243 880 4318 bic
895 4262 985 4320 esset
1000 4247 1160 4322 Messias·
1220 4243 1224 4252 “
1375 4255 1500 4328 Postea
1537 4267 1776 4328 commoratur
1811 4253 1852 4324 in
1887 4251 2126 4348 descriptione
2156 4251 2252 4326 officii

339 4348 406 4422 tlt.
457 4347 666 4444 Respondet
686 4360 804 4421 autem
817 4346 981 4422 Christus
997 4353 1040 4422 ad
1057 4347 1225 4427 hanera-
1273 4357 1398 4452 ipsius.
1773 4435 1777 4438 ,
2032 4341 2039 4352 ’

219 4455 370 4528 tionem
399 4447 607 4540 dubitandi,
645 4466 680 4527 et
708 4453 830 4534 docet,
863 4453 968 4548 quale
999 4455 1046 4526 sit
1073 4446 1223 4547 ¹regnum
1376 4460 1475 4551 Quid
1500 4461 1570 4535 fuit
1591 4455 1773 4552 Propheta
1802 4459 1841 4529 in
1863 4458 2024 4552 populo?
2057 4456 2250 4550 praedicens

236 4555 389 4630 Messiae
404 4557 583 4640 futurum,
609 4577 689 4626 cum
707 4555 772 4627 ait:
798 4553 1019 4646 Pauperibus
1032 4551 1224 4649 Evangeli-
1273 4564 1318 4633 de
1330 4560 1496 4649 Christo,
1522 4578 1557 4637 et
1578 4585 1703 4652 regens
1725 4563 1845 4656 aliqua
1868 4560 2015 4632 consilia
2038 4559 2199 4654 politica,
2221 4567 2251 4624 et

196 4747 199 4754 .
235 4675 344 4735 ratur.
397 4653 503 4728 ltem:
529 4655 679 4738 Beatus,
705 4656 769 4750 qui
791 4679 864 4724 non
885 4657 1041 4729 offensus
1061 4661 1223 4733 fueritin
1273 4667 1429 4737 retinens
1452 4667 1565 4757 legem
1589 4664 1713 4737 Moisi.
1774 4661 1860 4734 ldeo
1882 4659 2059 4735 lohannes
2080 4662 2147 4732 ait:
2176 4657 2249 4730 Non

235 4788 312 4846 me,
337 4762 375 4832 id
399 4774 470 4838 est,
496 4779 644 4847 regnum
660 4757 812 4829 Messiae
834 4782 908 4828 non
931 4759 999 4831 erit
1023 4761 1222 4851 politicum,
1272 4792 1348 4837 sum
1365 4763 1553 4859 Propheta.

235 4869 446 4935 instructum
478 4861 632 4945 divitiis,
663 4859 835 4941 exercitu,
868 4872 903 4930 et
924 4861 1041 4932 simile
1062 4863 1222 4956 imperiis
1372 4867 1419 4939 Et
1436 4866 1601 4942 Christus
1618 4870 1684 4940 ait:
1711 4866 1798 4938 Plus
1815 4887 1922 4960 quam
1936 4860 2128 4956 Propheta.

215 4968 379 5036 mundi:
411 4965 471 5035 sed
497 4963 566 5033 erit
588 4964 677 5050 tale,
703 4963 807 5057 quale
831 4962 974 5049 videtis,
1006 4968 1221 5056 praedicatio
1373 4971 1467 5062 Quia
1496 4987 1529 5044 et
1554 4983 1771 5062 praesentem
1793 4963 1977 5039 Christum
2001 4978 2190 5050 monstrat,
2218 4971 2247 5029 tl

233 5061 440 5154 Evangelii,
464 5090 533 5162 qua
543 5063 692 5136 Messias
708 5065 775 5136 erit
790 5065 928 5146 efficax,
954 5067 1096 5159 colliget
1108 5085 1221 5141 aeter·
1269 5067 1414 5143 inchoat
1438 5099 1569 5144 novam
1590 5071 1804 5156 Ecclesiam,
1830 5069 2000 5160 baptizat,
2025 5070 2151 5163 recipit
2170 5085 2247 5156 gen·

233 5189 316 5236 nam
339 5165 533 5238 Ecclesiam
556 5190 642 5238 voce
661 5163 847 5257 Evangelii
877 5194 918 5238 ea
940 5171 1109 5242 omnibus
1132 5195 1219 5261 gen·
1270 5188 1322 5245 tes
1337 5192 1371 5248 et
1390 5173 1558 5260 ludaeos,
1584 5175 1664 5244 aliis
1680 5170 1869 5267 Prophetis
1883 5195 1956 5243 non
1972 5171 2040 5246 fuit
2055 5186 2246 5243 concessum

136 5275 140 5286 '
231 5268 344 5346 tibus,
370 5281 404 5336 et
426 5291 488 5354 per
500 5267 735 5361 Evangelium
759 5269 858 5341 dabit
878 5271 1120 5344 remissionem
1137 5300 1219 5367 pec·
1268 5278 1455 5352 instituere
1471 5301 1604 5350 novum
1618 5279 1741 5353 ritum.
1803 5327 1810 5338 .
