4616 5818
217 143 292 216 265

223 325 413 384 sumuntur
432 334 473 380 ex
497 309 650 401 politicis
670 309 864 401 praeceptis
887 309 1019 400 ligneae
1032 321 1068 379 et
1083 309 1213 379 simili-

224 415 385 496 tudines,
411 412 493 506 quia
518 425 602 483 sunt
622 425 727 482 notae
746 406 913 482 humanis
930 411 1082 481 iudiciis.
1132 411 1214 481 Pri·

227 539 325 586 mum
348 514 458 602 igitur
479 514 719 583 discernamus
742 514 994 600 gubernatores
1009 515 1106 583 iuxta
1121 514 1215 604 poli-

227 618 332 688 ticam
358 614 566 687 doctrinam.
625 614 699 684 Aut
722 615 809 684 boni
831 613 1013 706 principes
1035 627 1216 706 praesunt,

227 731 268 788 ut
289 712 489 806 Augustus,
523 730 582 786 ant
602 715 765 810 tyranni,
796 730 836 787 ut
858 713 971 801 Nero,
1001 729 1062 786 aut
1085 715 1216 806 ignavi,

229 833 270 889 ut
285 815 487 902 Honorius,
513 816 551 884 id
575 829 645 901 est,
671 817 733 908 qui
754 817 890 886 etiamsi
907 819 1108 912 tranquillis
1125 832 1214 889 tem-

229 920 378 1010 poribus
400 932 482 990 sunt
498 919 706 1003 mediocres,
732 929 850 988 tamen
869 920 1025 990 referunt
1039 921 1215 1008 guberna-

231 1022 365 1090 tionem
395 1033 532 1090 tantum
564 1021 608 1090 ad
635 1042 732 1089 suam
757 1019 965 1104 utilitatem,
997 1037 1032 1091 et
1057 1021 1216 1090 serviunt

232 1123 368 1211 ventri,
395 1144 460 1190 nec
482 1121 679 1213 suscipiunt
693 1122 831 1191 labores
846 1136 905 1191 aut
923 1123 1076 1213 pericula
1093 1123 1136 1190 ad
1155 1125 1218 1191 de-

233 1224 427 1293 fensionem
445 1245 603 1298 suorum.
653 1219 774 1293 Bonos
788 1223 965 1314 principes
982 1221 1218 1292 nominatPa-

227 1339 364 1406 stores,
397 1338 568 1418 tyrannos
588 1323 790 1404 Praedones
819 1338 852 1395 et
878 1325 974 1394 fures
999 1349 1060 1395 seu
1083 1347 1218 1414 grassa-

144 1495 150 1504 ,
234 1441 342 1500 tores.
401 1425 551 1515 lgnavos
576 1439 679 1495 vocat
704 1428 957 1504 mercenarios,
992 1428 1041 1496 sic
1064 1425 1220 1516 triplices

157 1525 161 1532 “
235 1542 320 1617 sunt
340 1525 465 1612 aulici,
498 1527 606 1611 boni,
637 1540 677 1596 ut
699 1523 885 1611 lonathas,
918 1529 1068 1611 Daniel,
1099 1525 1221 1618 perni-

206 1681 207 1686 η
237 1629 342 1713 ciosi,
369 1643 407 1697 ut
422 1626 541 1717 Doe'g:
568 1627 705 1720 reliqua
728 1643 781 1698 est
801 1641 929 1718 magna
950 1631 1050 1699 turba
1072 1629 1220 1718 ignavo·

236 1755 339 1814 rum,
365 1731 428 1823 qui
450 1730 487 1798 in
505 1729 612 1798 rebus
629 1731 793 1800 secundis
812 1731 1036 1801 mediocriter
1051 1729 1221 1809 serviunt,

236 1834 296 1902 sed
315 1832 467 1922 pericula
482 1830 644 1920 fugiunt,
671 1832 862 1903 consulunt
878 1855 961 1902 snae
973 1831 1121 1903 utilitati
1134 1843 1198 1902 etc.

259 1987 263 1993 ’
337 1965 435 2038 Haec
456 1966 662 2036 discrimina
677 1980 760 2038 sunt
776 1981 809 2037 et
825 1966 1139 2037 ecclesiasticorum
1158 1987 1223 2054 gu·

237 2072 481 2162 bernatorum:
516 2067 578 2137 alii
608 2082 691 2139 sunt
713 2069 817 2152 boni,
851 2080 890 2139 ut
913 2066 1097 2152 Ieremias,
1131 2066 1223 2136 Pau·

238 2172 310 2241 lus:
343 2171 405 2240 alii
434 2168 644 2262 perniciosi,
676 2182 716 2239 ut
737 2167 915 2240 Haeretici
938 2183 972 2240 et
995 2163 1163 2260 Episcopi
1185 2191 1225 2236 ac

239 2268 411 2344 Monachi
436 2272 637 2342 defensores
659 2271 849 2363 impiorum
874 2265 1078 2360 dogmatum
1101 2289 1134 2338 et
1158 2270 1225 2338 im-

239 2376 380 2466 piorum
408 2373 585 2444 cultuum:
626 2371 766 2460 ignavi,
807 2387 846 2442 ut
876 2396 971 2442 nunc
999 2372 1122 2454 multi,
1163 2395 1225 2462 qur

238 2474 465 2545 mediocriter
479 2475 625 2557 docent,
651 2474 712 2544 scd
729 2486 825 2542 metu
840 2473 1002 2566 impediti
1020 2496 1092 2541 non
1109 2473 1225 2561 palam

124 2617 125 2622 =
239 2589 360 2646 taxant
394 2596 548 2658 errores,
588 2597 663 2643 non
693 2574 866 2646 dimicant
897 2599 978 2644 cum
1005 2568 1226 2655 adversariis,

237 2702 314 2748 non
338 2679 469 2748 audent
490 2677 642 2766 ingenue
665 2677 820 2768 profiteri
843 2677 939 2768 quod
960 2677 1137 2763 sentiunt,
1164 2674 1278 2742 sed

238 2780 433 2850 formidant
449 2779 548 2864 odia,
575 2778 697 2860 exilia,
722 2777 918 2863 cruciatus,
945 2776 1189 2866 ignominiam.

223 2969 228 2976 .
339 2914 490 2984 Prodest
518 2927 635 2984 autem
658 2908 743 2983 haec
765 2912 970 2983 discrimina
993 2913 1226 2983 considerare.

240 3017 413 3100 Primum,
439 3028 479 3084 ut
494 3037 722 3104 agnoscamus
736 3015 851 3084 bonos
862 3014 1125 3108 gubernatores,
1151 3027 1225 3082 tum

239 3119 420 3212 politicos,
446 3129 521 3184 tum
542 3116 810 3196 ecclesiasticos,
836 3116 1028 3206 singularia
1044 3114 1111 3185 Dei
1132 3117 1224 3183 dona

242 3243 332 3300 esse,
359 3240 398 3287 ac
409 3213 485 3288 Deo
504 3241 567 3308 pro
582 3213 637 3287 his
650 3217 864 3288 salutaribus
879 3217 1086 3288 muneribus
1099 3217 1227 3306 gratias

242 3342 396 3411 agamus.
447 3319 607 3405 Deinde,
638 3332 679 3390 ut
699 3333 872 3413 quantum
895 3342 959 3389 sno
982 3318 1130 3411 quisque
1148 3317 1226 3386 loco

243 3435 377 3524 potest,
399 3419 532 3490 imitari
547 3375 660 3491 bohos
674 3423 822 3507 studeat,
848 3435 882 3492 et
898 3444 1029 3513 poenas
1043 3421 1228 3488 scelerato-

141 3605 147 3620 .
243 3547 323 3594 rum
344 3537 379 3608 et
400 3521 609 3609 ignavorum
633 3524 829 3608 intueatur,
855 3535 896 3592 ut
911 3545 985 3592 sese
1001 3525 1044 3590 ad
1065 3524 1227 3591 timorem

243 3623 324 3709 Dei,
350 3637 385 3694 et
398 3623 617 3716 diligentiam
633 3648 697 3715 pro
712 3647 775 3693 sua
791 3623 1033 3693 mediocritate
1049 3623 1226 3696 exuscitet.

244 3726 427 3797 Postremo
450 3724 607 3815 exempla
622 3727 799 3796 bonorum
815 3738 848 3795 et
864 3725 1037 3794 malorum
1051 3746 1116 3792 nos
1132 3747 1229 3791 com-

245 3827 493 3912 monefaciant,
518 3839 558 3896 ut
566 3827 682 3897 Deum
698 3849 849 3910 oremus,
871 3838 912 3895 ut
926 3825 1029 3894 faciat
1044 3849 1108 3893 nos
1122 3823 1229 3890 mini-

245 3945 335 4001 stros
349 3929 463 4013 utiles,
487 3928 660 4017 gubernet
673 3952 713 3998 ac
728 3927 870 3998 adiuvet
883 3950 960 4013 nos,
978 3950 1044 3996 nec
1059 3924 1150 3995 sinat
1164 3949 1230 3994 nos

126 4037 131 4054 “
246 4037 349 4102 ruere
371 4055 411 4100 ac
434 4029 510 4099 heri
527 4044 640 4122 pestes
658 4029 795 4120 generis
811 4021 974 4111 humani,
1000 4042 1033 4098 et
1051 4051 1130 4096 vasa
1146 4027 1231 4111 irae,

233 4135 443 4205 'utfuerunt
458 4130 570 4220 Nero,
596 4130 776 4222 Caligula,
802 4130 930 4213 Arius,
956 4125 1199 4202 Manichacus.

819 133 946 212 PHIL.
972 131 1090 212 MEL.
1117 132 1327 210 SCRIPTA
1350 131 1651 208 EXEGETICA.

2176 139 2243 214 264

1266 323 1427 402 peccato,
1452 333 1527 380 non
1542 324 1596 382 est
1609 311 1783 382 mediator
1798 322 1944 402 propter
1955 333 2061 404 quem
2075 257 2170 382 ileos
2185 336 2243 383 nos

1266 412 1409 502 recipit,
1435 436 1500 482 nec
1523 413 1626 483 estis
1647 413 1793 508 quidet
1815 411 1990 503 Spiritum
2011 428 2189 498 sanctum,
2213 431 2243 486 et

1266 515 1383 583 reddit
1400 515 1507 582 vitam
1523 527 1713 584 aeternam.
1744 511 1820 582 lano
1834 511 2105 602 diligentissime
2121 516 2242 584 discer-

1266 615 1376 684 nendi
1398 628 1483 684 sunt
1500 637 1623 684 omnes
1637 610 1856 706 Prophetae,
1883 615 2045 706 Apostoli
2058 629 2093 686 et
2109 617 2168 686 alii
2183 619 2243 685 mi-

1267 711 1391 799 nistri,
1417 741 1436 784 a
1454 710 1595 787 Christo
1611 713 1705 786 Filio
1723 714 1799 784 Dei.

1369 815 1584 910 Quanquam
1613 829 1730 888 autem
1755 812 1792 884 bi
1816 816 1854 884 in
1877 841 1940 888 sua
1954 819 2149 889 'vocatione
2170 837 2244 894 sunt

1268 921 1355 988 boni
1379 933 1553 1010 pastores,
1580 932 1699 989 tamen
1722 919 1826 1006 longe
1851 921 1963 989 maius
1978 935 2029 990 est
2046 945 2175 992 muntia
2189 941 2244 1012 pa-

1268 1022 1372 1091 storis
1394 1016 1540 1094 Christi.
1582 1018 1616 1088 ls
1643 1043 1718 1088 non
1741 1021 1857 1090 solum
1881 1023 1984 1093 docet
2005 1019 2245 1112 Evangelium,

1271 1125 1329 1192 sed
1363 1123 1468 1192 etiarn
1499 1134 1552 1190 est
1579 1121 1723 1191 victima
1752 1147 1816 1212 pro
1844 1124 1975 1193 nostris
2000 1126 2166 1213 peccatis,
2201 1142 2246 1196 est

1271 1224 1461 1306 mediator,
1487 1237 1631 1314 propter
1654 1247 1759 1315 quem
1782 1236 1947 1294 aeternus
1968 1239 2066 1314 pater
2088 1249 2153 1294 nos
2167 1229 2246 1295 reci-

1271 1328 1342 1417 pit,
1372 1339 1408 1396 et
1434 1327 1543 1395 donat
1565 1323 1739 1415 Spiritum
1763 1339 1924 1398 sanctum
1948 1328 2188 1406 credentibus,
2219 1343 2248 1398 et

1272 1429 1391 1496 incoat
1414 1426 1524 1495 ineis
1548 1425 1654 1494 vitam
1679 1440 1877 1515 aeternam,
1905 1429 2002 1496 adest
2024 1423 2198 1497 Ecclesiae
2217 1445 2247 1499 et

1273 1527 1433 1598 defendit
1450 1551 1524 1594 eam
1542 1527 1768 1605 mirabiliter,
1796 1543 1829 1596 et
1841 1528 2063 1598 resuscitabit
2078 1544 2239 1608 mortuos.

1376 1625 1497 1715 Quare
1519 1627 1587 1696 elio
1612 1630 1718 1697 modo
1742 1629 1961 1718 intelligatur
1981 1627 2125 1714 Pastor,
2151 1657 2247 1722 quam

1275 1731 1403 1800 caeteri
1425 1728 1512 1798 boni
1536 1728 1730 1819 principes,
1762 1726 1975 1820 Prophetae,
2000 1749 2062 1801 aut
2085 1726 2248 1822 Apostoli.

1275 1831 1368 1902 Sunt
1406 1831 1535 1920 Passim
1568 1830 1745 1919 sapientes
1777 1827 2130 1921 ignariEvangelii,
2169 1834 2249 1902 sicut

1275 1921 1502 2002 Mabomettis
1524 1945 1558 2004 et
1578 1931 1639 2000 alii
1658 1932 1779 2013 multi,
1807 1934 1869 2024 qui
1884 1934 1929 2002 de
1943 1928 2086 2004 Christo
2102 1936 2249 2022 cogitan-

1276 2048 1344 2117 tes,
1384 2033 1624 2123 imaginantur
1653 2057 1733 2101 eum
1765 2033 1874 2104 fuisse
1900 2035 2101 2117 doctorem,
2140 2036 2249 2127 quales

1274 2135 1553 2217 multiiuerunt,
1580 2133 1812 2221 utSocrates,
1839 2134 1973 2217 Solon,
1998 2137 2110 2206 etalii
2125 2137 2249 2224 legum·

1275 2237 1422 2319 latores,
1453 2237 1592 2324 tingunt
1612 2258 1692 2302 eum
1718 2235 1854 2304 dedisse
1876 2237 2008 2325 legem,
2035 2241 2097 2308 scd
2119 2236 2249 2330 propria

1214 2371 1222 2386 ·
1276 2352 1310 2407 et
1331 2337 1521 2428 praecipun
1546 2336 1621 2404 eius
1644 2336 1756 2404 cilicia
1773 2339 1948 2427 ignorant.
2002 2333 2079 2409 Hae
2097 2340 2250 2409 tenebrae

1277 2439 1445 2508 acerrime
1468 2440 1638 2507 taxandae
1661 2452 1761 2520 sunt,
1787 2453 1821 2510 et
1843 2441 1881 2509 in
1899 2437 2057 2510 Ecclesia
2079 2442 2249 2511 illustran-

1277 2543 1362 2608 dum
1376 2554 1428 2608 est
1443 2539 1633 2618 discrimen
1646 2538 1732 2626 legis
1748 2552 1782 2608 et
1795 2537 1993 2629 Evangelii.

1378 2639 1472 2711 Sunt
1494 2655 1529 2711 ct
1541 2663 1710 2730 personae
1725 2640 1974 2712 discernendae
1990 2640 2251 2735 Prophetarum,

1277 2740 1531 2861 Appstolorum
1556 2754 1592 2810 et
1605 2737 1753 2812 Christi
1806 2741 1878 2812 Lex
1901 2760 1951 2815 est
1975 2745 2137 2816 doctriua
2158 2764 2250 2830 peae-

1278 2845 1412 2935 cipiens
1436 2844 1557 2935 quales
1577 2867 1644 2911 nos
1665 2867 1760 2927 esse,
1798 2846 1884 2937 quid
1906 2847 2020 2914 facere
2042 2861 2078 2917 et
2100 2845 2250 2914 omittere

1277 2958 1452 3031 oporteat,
1478 2959 1512 3014 et
1534 2946 1755 3014 denuncians
1777 2960 1954 3016 aeternam
1973 2948 2063 3016 iram
2082 2961 2117 3017 et
2134 2963 2251 3035 poenas

1279 3060 1422 3137 propter
1450 3060 1588 3136 peccata
1619 3047 1785 3116 universo
1815 3045 2141 3134 generi'bumano,
2172 3047 2251 3112 sicut

1277 3149 1370 3222 clare
1403 3147 1550 3216 dicitur:
1587 3145 1800 3218 Maledictus
1830 3150 1891 3242 qui
1921 3173 1994 3218 non
2018 3160 2195 3239 permanet
2218 3143 2250 3208 in

1278 3251 1444 3320 omuibus
1483 3243 1556 3328 bis,
1597 3273 1686 3341 quae
1723 3250 1852 3337 scripta
1888 3252 2038 3321 suntin
2071 3253 2164 3339 lege,
2195 3257 2250 3312 etc·

1278 3347 1453 3434 Econtra,
1481 3345 1714 3437 Evangelium
1733 3353 1921 3439 pollicetur
1936 3353 2123 3442 agentibus
2139 3345 2251 3440 poeni-

1278 3453 1444 3535 teutiam,
1469 3453 1711 3520 remissionem
1733 3468 1953 3542 peccatorum
1972 3457 2099 3542 gratis,
2122 3459 2253 3543 propter

1280 3555 1411 3624 Filium
1429 3551 1497 3621 Dei
1521 3554 1772 3634 mediatorem‘,
1797 3568 1831 3623 et
1845 3557 1999 3645 postulat
2013 3551 2097 3626 huic
2113 3547 2252 3643 promit·

1280 3657 1371 3725 sioni
1399 3657 1515 3737 credi,
1538 3668 1571 3724 et
1594 3657 1696 3724 docet
1718 3655 1757 3723 in
1781 3651 1845 3725 h'ac
1867 3657 1935 3724 iide
1951 3655 2025 3725 Deo
2050 3659 2183 3747 placere
2203 3649 2252 3714 in·

1280 3773 1415 3828 coatum
1444 3755 1692 3827 obedientiam.
1755 3754 1966 3828 Monstrat
1957 3759 2064 3847 igitur
2083 3751 2252 3828 Christum
2288 3836 2290 3842 ι

1280 3859 1571 3951 propiciator‚em
1600 3871 1745 3954 propter
1759 3883 1863 3950 quern
1879 3859 1964 3929 inde
1977 3885 2088 3953 usque
2103 3861 2147 3928 ab
2159 3847 2253 3923 initio

1281 3983 1404 4031 omnes
1434 3960 1536 4028 electi
1565 3958 1817 4030 intellexerunt
1845 3985 1881 4032 se
1909 3962 2018 4053 recipi
2048 3963 2087 4032 in
2117 3953 2252 4048 gratiam

1282 4060 1409 4133 aDeo.
1679 4085 1683 4094 ·

1386 4159 1507 4232 Ideo
1496 4187 1535 4230 ιιι
1559 4176 1656 4235 textu
1678 4187 1801 4234 omnes
1822 4167 1985 4236 doctores
2008 4167 2169 4236 damnat,
2200 4169 2254 4241 qut

1180 4343 1182 4346 ,
1283 4265 1411 4334 omissa
1444 4265 1604 4336 doctrina
1632 4266 1879 4357 promissionis
1901 4289 1963 4336 seu
1985 4259 2169 4354 Evangelii
2190 4268 2254 4324 tra·

617 4349 665 4400 De
696 4350 864 4406 secundo.

349 4449 434 4524 Dixi
448 4453 638 4524 discrimen
651 4475 723 4522 esse
736 4452 828 4522 inter
842 4451 1038 4524 doctrinam
1052 4449 1231 4540 politicam

251 4569 284 4627 et
307 4549 555 4645 Evangelium.
617 4551 741 4624 Bonus
761 4554 923 4645 princeps
946 4553 1034 4643 regit
1055 4565 1244 4622 externam

250 4657 474 4751 disciplinam
496 4658 568 4728 suis
582 4655 740 4728 consiliis
754 4679 794 4724 ac
810 4655 964 4744 legibus,
990 4668 1025 4725 et
1042 4653 1235 4744 praeliatur

250 4785 329 4832 cum
348 4782 437 4854 opus
454 4771 514 4831 est.
564 4756 663 4830 Haec
676 4757 789 4828 officia
806 4771 942 4828 tantum
959 4755 1117 4826 serviunt
1133 4781 1233 4847 prae-

249 4863 340 4932 'senti
363 4861 504 4932 mortali
523 4861 634 4945 vitae,
660 4884 724 4930 nec
741 4857 905 4930 adierunt
921 4859 1028 4930 vitam
1044 4872 1234 4944 aeternam,

251 4986 315 5032 nec
330 4977 469 5035 mutant
483 4976 642 5038 mentes.

233 5100 236 5108 ⁴
349 5079 483 5150 Paulus
507 5077 664 5170 impertit
687 5071 942 5196 Evangelium,
969 5100 1031 5167 per
1055 5077 1186 5169 quod'
1176 5102 1232 5145 m-

250 5192 327 5250 roat
342 5174 439 5250 Deus
460 5181 568 5252 vitam
590 5193 766 5250 aeternam
788 5180 828 5247 in
852 5177 1039 5249 mentibus.
1092 5175 1162 5246 Sed
1180 5192 1257 5250 ta·

248 5305 328 5352 men
351 5279 483 5352 Paulus
509 5296 648 5354 tanturn
673 5284 793 5367 docet,
828 5306 902 5351 non
926 5294 978 5352 est
1002 5279 1144 5351 victima
1168 5303 1258 5372 pro

1283 4367 1452 4436 diderunt
1472 4367 1582 4456 legem
1605 4380 1667 4438 aut
1683 4368 1807 4439 cultus
1859 4363 2016 4450 Omnes,
2041 4363 2174 4460 inquit
2199 4344 2253 4442 ‘l¹¹¹

1284 4484 1365 4540 ante
1381 4475 1437 4536 me
1450 4484 1640 4554 venerunt,
1666 4471 1760 4540 fures
1775 4483 1858 4541 sunt
1873 4483 1908 4539 et
1920 4469 2087 4540 latrones.
2128 4455 2255 4530 0111ἤιε

1283 4570 1451 4658 temporrs
1466 4571 1775 4660 lmagtnaltonem
1801 4594 1881 4640 cum
1898 4571 1966 4656 art
1987 4565 2083 4640 Ante
2099 4587 2172 4639 me
2200 4548 2253 4621 ⁵0¹¹

1284 4671 1442 4761 intellige
1475 4673 1673 4742 ordinem
1661 4697 1701 4742 ιιι
1725 4675 1907 4758 docendo,
1941 4689 2152 4766 quocunqne
2175 4649 2254 4728 tem-

1284 4789 1387 4866 pore,
1414 4773 1530 4854 nteit,
1557 4788 1730 4860 anteme,
1757 4777 1875 4860 idest,
1903 4767 2253 4866 menonpraeeunle·

1284 4871 1422 4945 Omnes
1443 4874 1505 4967 qui
1528 4877 1726 4946 docuerunt
1752 4877 1862 4966 legem
1886 4899 1962 4946 non
1983 4881 2171 4966 praeeunte
2185 4861 2254 4927 ¹⁰⁰⁸

1283 4977 1529 5068 promissionis
1553 4979 1597 5046 de
1621 4973 1785 5060 Christo,
1815 4979 1961 5048 suerum
1979 4977 2075 5047 fures
2099 4986 2131 5042 et
2153 4967 2253 5033 latro·

1256 5103 1361 5160 nes
1393 5093 1434 5148 ut
1453 5073 1643 5160 Chaldaei,
1678 5079 1860 5173 Aegyptii,
1885 5077 2062 5163 Baalitae,
2085 5064 2181 5158 impu
2205 5077 2252 5124 ⁵³·

1255 5171 1476 5250 cerdotes'
1466 5201 1503 5248 tn
1530 5177 1635 5265 luda,
1661 5176 1872 5276 Pharisaei,
1887 5179 2104 5262 Sadducaei,
2126 5150 2253 5240 Gr³⁰⁶¹

1255 5278 1439 5354 Romani
1463 5284 1663 5356 docuerunt
1682 5284 1799 5375 legem
1822 5297 1855 5356 et
1880 5283 1996 5355 cultus
2019 5279 2230 5376 aliquo⁵›⁵¹¹
