4590 5808
249 163 323 244 ιε]
845 145 1112 228 earn-uun.
1138 107 1677 226 scnurauxmancs.
2166 145 2258 224 rae

250 351 348 413 mm.
400 327 608 419 Eregioue,
634 321 957 418 inquitDominus,
984 347 1060 394 mea
1075 323 1236 395 doctrina
1289 338 1368 415 post
1392 323 1531 416 lapsum
1563 322 1783 415 recipiuntur
1806 323 1844 392 in
1867 325 2036 414 gratiam,
2073 321 2146 413 ipse
2174 323 2259 394 filins

251 458 302 514 est
316 437 445 510 veritas
460 430 600 514 divina,
623 447 784 519 expressa
799 424 838 494 in
853 424 946 516 Lege
959 440 994 497 et
1008 427 1238 496 concionibus
1289 425 1358 498 Dei
1374 417 1482 524 λόγος
1495 437 1580 494 tunc
1603 425 1719 516 palam
1741 426 1960 517 trepidantes
1978 424 2177 516 alloquens,
2209 426 2260 493 in-

249 535 528 633 Prophetarum‚
552 555 621 626 qua
638 527 732 600 Deus
745 527 824 597 vult
839 528 1010 618 populum
1027 552 1130 598 sirum
1151 529 1240 617 regi,
1290 524 1395 599 ehoat
1410 525 1647 598 ministerium
1658 526 1928 618 praedicationis
1942 527 2187 619 poenitentiae,
2200 552 2260 619 qus

252 639 459 718 sanctificari
475 660 514 706 ac
531 631 671 703 salvari.
712 629 815 699 Hanc
830 653 903 699 esse
917 631 1096 721 propriam
1114 644 1147 701 et
1161 653 1239 720 ger·
1289 653 1421 700 sonans
1445 628 1681 700 tristissimam
1705 630 1963 701 accusationem
1988 629 2103 717 arguit
2123 645 2262 720 peccata,

251 767 393 819 menam
412 736 622 810 sententiam
638 727 768 806 horum
785 734 974 802 verborum
984 731 1143 816 Domini,
1171 731 1239 799 mi·
1291 748 1325 804 et
1340 744 1459 822 postca
1476 731 1680 801 consolatur
1701 745 1966 822 expavescentes
1987 731 2080 802 edita
2105 753 2165 801 εει]
2186 755 2261 822 pre·

252 851 349 920 nime
364 843 513 914 dubium
532 850 596 907 est.
627 833 739 904 Porro
756 835 1025 904 'commonefacti
1043 834 1134 917 estis,
1150 855 1239 924 qnae
1291 834 1447 923 mulgata
1467 832 1701 923 promissione
1723 830 1927 924 Evangelii,
1963 835 2092 914 idest,
2132 832 2263 902 absolu·

252 953 297 1024 sit
313 967 448 1019 summa
469 939 650 1011 doctrinae
663 931 937 1029 comprehensae
952 933 1093 1026 inLege
1109 933 1239 1007 etPco-
1291 937 1407 1019 tione,
1433 928 1685 1024 comprehensa
1700 935 1738 1004 in
1754 931 1822 1006 hoc
1836 936 1948 1006 dicto:
1975 932 2104 1005 Semen
2120 934 2265 1005 mulieris

252 1047 403 1145 pheticis
420 1041 569 1134 scriptis.
1291 1050 1449 1108 conteret
1468 1050 1573 1127 caput
1594 1034 1788 1126 Serpentis.
1848 1035 1945 1107 Haec
1965 1037 2035 1106 fuit
2058 1036 2169 1126 prima
2192 1059 2265 1130 pro-

354 1149 407 1220 Αε
424 1167 561 1236 semper
582 1140 629 1211 sit
644 1138 744 1210 vobis
767 1137 804 1206 in
828 1153 1016 1230 conspectu
1042 1137 1240 1208 communis
1292 1139 1460 1229 mulgatio
1477 1160 1538 1206 seu
1556 1137 1725 1210 revelatio
1750 1122 1996 1230 promissionis
2009 1133 2213 1229 Evangelii,
2239 1150 2267 1206 et

252 1249 473 1333 admonitio,
498 1245 593 1339 quod
610 1241 775 1312 universa
797 1242 959 1312 doctrina
983 1241 1100 1310 statim
1123 1240 1240 1323 initio,
1292 1241 1434 1311 initium
1452 1235 1631 1309 Ecclesiae
1653 1253 1812 1330 receptae
1835 1241 1874 1309 in
1895 1238 2077 1311 Paradiso.
2137 1239 2267 1310 Deinde

251 1371 333 1453 post
346 1364 506 1450 receptos
519 1348 559 1415 in
572 1343 719 1436 gratiam
735 1343 867 1433 primos
878 1339 1239 1434 parentes‚Adamum
1293 1354 1488 1436 sequuntur
1504 1340 1678 1431 plurimae
1694 1344 1881 1413 conciones
1897 1343 1999 1434 legis,
2025 1355 2067 1411 ut
2085 1341 2146 1410 illa
2162 1341 2197 1414 4.
2218 1364 2267 1408 ca-

252 1475 286 1532 et
301 1455 434 1539 Evam,
458 1453 498 1520 in
521 1446 652 1539 populo
669 1442 734 1516 Dei
756 1467 816 1513 εει]
839 1440 1017 1528 Ecclesia,
1051 1445 1240 1514 distributa
1293 1446 1367 1535 pite
1387 1440 1481 1515 Gen.
1502 1443 1547 1511 de
1567 1436 1782 1530 homicidio,
1814 1459 2004 1537 antequam
2027 1440 2117 1514 Cain
2135 1445 2267 1511 fratrem

251 1559 360 1636 fuerit
381 1556 511 1626 induo
536 1570 671 1619 summa
694 1570 755 1616 εει]
780 1547 967 1638 praecipua
990 1545 1120 1637 capita,
1152 1569 1241 1639 quo·
1293 1545 1447 1616 Abelum
1463 1542 1637 1616 interficit.
1690 1543 1778 1617 ltem
1800 1559 1918 1638 postea
1942 1547 1986 1614 de
2008 1545 2137 1637 poenis
2157 1544 2268 1614 libidi-

251 1688 334 1736 rum
354 1659 451 1751 prius
470 1651 620 1735 estLex,
639 1671 701 1718 εει]
717 1647 878 1716 doctrina
893 1662 1178 1740 praeceptorum,
1204 1646 1240 1714 id
1294 1671 1380 1718 num
1399 1643 1549 1716 Genesis
1569 1643 1649 1715 19.=
1677 1643 1830 1734 Quando
1845 1647 2108 1737 conflagrarunt
2126 1645 2268 1718 Sodoma

254 1779 325 1849 est,
351 1757 552 1846 Deculogus
572 1748 775 1842 ubicunque
796 1751 1016 1841 propositus,
1048 1763 1242 1831 enarratus,
1294 1753 1447 1848 propter'
1463 1747 1633 1816 nefariam
1655 1747 1905 1839 impuritatem.
1961 1747 2171 1840 Sequuntur
2192 1770 2269 1837 pan·

254 1892 294 1940 ac
317 1862 507 1955 repetitus,
545 1851 775 1948 quiquidem
802 1863 854 1920 est
876 1866 1015 1921 aeterna
1040 1864 1074 1921 et
1095 1851 1242 1919 immota
1294 1852 1394 1922 latim
1410 1848 1621 1918 illustriores
1636 1851 1885 1941 patefactiones
1899 1852 1944 1919 de
1968 1863 2121 1920 venturo
2145 1851 2271 1919 redem-

254 1964 424 2060 sapientia
435 2016 446 2054 ,
474 1973 507 2029 et
523 1953 644 2044 regula
662 1952 814 2022 iustitiae
829 1949 964 2038 inDeo,
989 1953 1157 2044 patefacta
1176 1947 1242 2021 ho·
1294 1967 1372 2025 tore
1385 1977 1425 2022 ac
1442 1951 1651 2036 liberatore,
1684 1965 1726 2021 ut
1749 1976 1828 2020 cum
1843 1949 1940 2022 Deus
1961 1965 2112 2024 renovat
2134 1951 2270 2042 promis·

253 2069 413 2142 minibus
447 2064 486 2131 iu
514 2055 710 2137 creatione,
750 2054 990 2144 praecipiens,
1028 2054 1149 2147 quales
1177 2075 1243 2121 nos
1296 2056 1432 2125 sionem
1452 2049 1545 2124 Gen.
1559 2055 1622 2124 22.
1640 2054 1683 2122 ad
1700 2048 1899 2124 Abraham:
1936 2052 1977 2123 ln
1998 2053 2134 2124 semine
2147 2067 2204 2124 tuo
2216 2053 2272 2121 be·

254 2170 420 2242 homines
436 2186 519 2243 esse,
546 2174 579 2230 et
596 2180 686 2252 quae
700 2157 828 2239 faeere,
855 2179 944 2248 quae
958 2156 1120 2242 omittere
1135 2179 1243 2245 opor·
1296 2157 1506 2228 nedicentur
1521 2175 1643 2222 omnes
1658 2169 1789 2242 gentes.
1841 2153 1892 2224 lta
1908 2155 2036 2225 deinde
2056 2157 2094 2224 in
2122 2155 2273 2224 omnibus

255 2288 352 2356 teat,
379 2283 414 2338 et
436 2265 644 2356 promittens
668 2258 762 2326 bona
787 2259 1045 2346 praestantibus
1070 2258 1242 2347 integram
1294 2252 1485 2350 Prophetis
1506 2267 1625 2326 extant
1644 2256 1776 2326 similes
1799 2256 1986 2327 conciones
2008 2261 2052 2328 de
2070 2257 2164 2348 Lege
2179 2281 2215 2327 ac
2234 2257 2272 2324 de

255 2369 514 2464 obedientiam,
551 2360 791 2430 condemnans
815 2382 916 2437 vero,
958 2355 1026 2429 hoc
1049 2373 1119 2440 est,
1161 2382 1244 2448 pro·
1297 2357 1506 2448 Evangelio.
1589 2385 1594 2394 ·

256 2474 426 2547 nuntians
449 2464 571 2559 puniri
589 2459 740 2530 aeternis
756 2459 879 2549 poenis
900 2484 1023 2530 omrres
1044 2483 1118 2528 non
1143 2483 1243 2549 prae·
1399 2459 1453 2530 Ac
1470 2460 1574 2530 facile
1597 2462 1781 2553 perspiciet
1804 2461 1956 2553 quilibet
1985 2484 2113 2546 sanus,
2154 2461 2273 2531 doctri-

257 2589 388 2651 stantes
409 2569 595 2661 perlectam
621 2560 876 2642 obedientiam,
898 2586 937 2630 ac
960 2563 1143 2632 destruens
1157 2559 1245 2650 Legi
1297 2585 1378 2633 nam
1388 2561 1534 2634 Domini
1551 2563 1664 2634 nostri
1680 2562 1758 2633 lesu
1773 2558 1910 2632 Christi
1937 2585 2162 2648 cesennam,
2200 2586 2273 2632 ean·

256 2704 332 2752 non
347 2675 546 2747 conformes
569 2665 673 2735 corde
695 2676 730 2757 et
754 2678 877 2751 o'pere,
910 2663 980 2733 nisi
1002 2665 1060 2733 fia't
1083 2659 1244 2732 remissio
1298 2667 1397 2748 dem,
1430 2677 1465 2734 et
1488 2665 1764 2735 consentientem
1784 2688 1906 2733 vocem
1930 2689 2010 2735 cum
2024 2662 2272 2758 Prophetarum

257 2798 293 2854 ct
307 2771 548 2850 reconciliatio
565 2759 899 2858 propterChristnm
916 2766 1158 2835 mediatorem.
1183 2763 1246 2834 Ac
1298 2767 1545 2838 concionibus:
1572 2769 1646 2836 imo
1665 2787 1788 2835 omnes
1802 2761 1999 2857 Prophetae
2014 2766 2186 2838 divinitus
2201 2767 2275 2834 mis-

258 2883 320 2980 qui
339 2881 408 2949 sint
424 2897 507 2946 usus
524 2868 646 2956 Legis,
673 2880 707 2937 et
724 2887 811 2957 quas
825 2865 871 2934 ob
895 2889 1016 2936 causas
1039 2889 1178 2934 necesse
1201 2867 1247 2937 sit
1298 2870 1346 2954 si,
1379 2893 1442 2960 per
1458 2864 1555 2940 hunc
1570 2869 1683 2940 filium
1700 2868 1834 2956 vocati,
1868 2868 2013 2952 delecti,
2046 2872 2165 2954 missi,
2193 2867 2275 2938 erci-

255 2982 473 3070 Decalogum
507 2975 546 3042 in
573 2966 730 3039 Ecclesia
760 2970 901 3053 docere,
948 2969 1052 3059 paulo
1081 2968 1246 3060 antedi·
1298 2972 1362 3042 tati
1377 2986 1411 3042 et
1427 2971 1619 3041 illuminati
1635 2983 1737 3053 scant,
1763 2969 1852 3038 sicut
1868 2965 2045 3040 lohannes
2061 2971 2212 3040 affirmat
2226 2971 2275 3037 in·

259 3102 353 3160 ctum
375 3096 436 3153 est.
1299 3074 1440 3167 quiens:
1474 3069 1527 3142 Ex
1543 3071 1768 3166 plenitudine
1782 3070 1857 3138 eius
1870 3095 1991 3140 omnes
2007 3075 2222 3164 accepimus,
2243 3071 2275 3137 id

350 3183 513 3255 Alterum
530 3181 648 3270 itaque
663 3170 1076 3246 doctrinaeChristianae
1090 3199 1129 3244 ae
1144 3199 1246 3266 prae-

260 3293 402 3380 cipuum
427 3295 530 3373 caput
553 3293 602 3350 est
616 3273 850 3366 Evangelium
868 3277 1011 3348 Domini
1032 3280 1146 3348 nostri
1168 3275 1246 3346 lesu

260 3386 404 3471 Christi,
415 3379 520 3478 ”quod
537 3393 588 3450 est
602 3381 816 3470 praedicatio
832 3381 1070 3470 poenitentiae
1085 3401 1146 3449 seu
1162 3401 1248 3450 con-

261 3489 434 3562 versionis
448 3487 492 3555 ad
509 3481 645 3566 Deum,
673 3495 708 3550 et
726 3481 915 3580 promissio
933 3483 1108 3581 gratuita,
1135 3505 1176 3550 ex
1191 3503 1248 3550 ar-

262 3619 350 3667 cano
376 3586 524 3660 consilio
548 3583 746 3652 divinitatis
770 3607 831 3673 per
855 3584 967 3652 lilium
991 3584 1147 3682 prolata,
1180 3605 1248 3674 qua

261 3693 360 3766 Deus
383 3687 523 3761 exhibet
544 3684 790 3754 remissionem
812 3696 1054 3773 peccatorum,
1096 3686 1250 3775 imputa·

263 3801 398 3870 tionem
422 3788 592 3868 institiae,
624 3808 685 3854 seu
709 3784 1053 3869 reconciliationem,
1085 3787 1250 3857 donatio-

266 3925 348 3973 nem
366 3893 520 3986 Spiritus
534 3888 666 3968 sancti,
692 3911 732 3957 ac
754 3886 1012 3956 restitutionem
1036 3887 1191 3958 iustitiae
1217 3901 1250 3958 et

263 4005 356 4073 vitae
381 4009 541 4068 aeternae
564 4002 708 4081 propter
728 3983 910 4060 Christum
934 3989 1184 4072 mediatorem,
1218 4002 1252 4058 et

265 4130 329 4202 per
346 4125 425 4171 eum
450 4096 575 4186 gratis,
608 4093 645 4161 id
671 4103 741 4177 est,
770 4115 847 4160 non
869 4105 1015 4184 propter
1033 4091 1107 4161 nlla
1131 4103 1251 4160 nostra

265 4207 408 4281 merita,
435 4197 601 4270 omnibus
616 4195 683 4263 lide
699 4193 952 4283 accipientibus
969 4193 1254 4285 promissionem.

356 4303 454 4376 Haec
471 4313 521 4371 est
534 4297 594 4365 illa
611 4317 746 4364 summa
766 4309 799 4362 et
814 4297 956 4387 propria
965 4293 1150 4384 Evangelii
1168 4319 1253 4364 con-

268 4407 412 4486 solatio,
454 4423 559 4495 qnam
583 4396 679 4469 Deus
709 4408 872 4466 aeternus
902 4399 1073 4467 immensa
1096 4397 1255 4467 bonitate

268 4509 374 4579 nobis
388 4529 450 4596 per
473 4503 585 4571 filium
605 4513 639 4568 et
656 4512 799 4590 propter
815 4523 895 4570 eum
914 4499 1183 4569 clementissime
1199 4522 1255 4568 re·

269 4610 398 4684 velavit
415 4630 454 4674 ac
475 4602 646 4694 patefecit.

372 4704 534 4780 Omnino
552 4718 666 4773 autem
683 4689 822 4774 necesse
838 4715 888 4773 est
910 4703 1070 4792 singulos
1083 4697 1257 4774 Christia-

1299 3189 1368 3259 est,
1402 3199 1443 3244 ex
1462 3171 1597 3245 Christi
1623 3173 1875 3264 perfectissima
1901 3174 2070 3264 sapientia
2098 3189 2132 3244 et
2155 3171 2276 3243 iustitia

1299 3301 1423 3348 omnes
1439 3276 1635 3369 accepimus
1653 3276 1853 3356 veritatem,
1880 3297 1941 3343 seu
1958 3266 2075 3344 veram
2091 3276 2204 3346 lucem
2218 3297 2276 3341 no-

1299 3380 1483 3472 titiamque
1505 3377 1743 3472 spiritualem,
1775 3399 1904 3445 novam
1932 3375 2103 3450 iustitiam
2125 3391 2159 3447 et
2180 3377 2277 3446 vitam

1300 3496 1487 3554 aeternam.

1403 3581 1586 3654 Praeterea
1610 3584 1703 3655 sient
1717 3578 1915 3674 Prophetae
1937 3583 2042 3652 fidem
2068 3605 2166 3653 suam
2188 3600 2278 3648 exer-

1302 3699 1451 3757 cuerunt
1466 3685 1646 3774 agnitione
1662 3698 1697 3755 et
1711 3685 1936 3756 invocatione
1946 3683 2109 3768 Messias,
2125 3686 2166 3752 ad
2182 3701 2279 3774 quem

1303 3789 1544 3876 confugientes
1567 3799 1601 3857 et
1625 3787 1815 3857 clamantes
1837 3787 2038 3883 petiverunt
2057 3811 2097 3856 ac
2124 3787 2282 3875 impetra-

1303 3903 1388 3959 runt
1402 3891 1536 3973 lucem,
1564 3911 1625 3958 seu
1647 3888 1966 3968 illuminationem,
1994 3902 2027 3959 et
2043 3887 2208 3958 iustitiam
2229 3881 2282 3948 di-

1304 3993 1443 4070 vinam,
1470 3990 1517 4060 ita
1535 4013 1599 4061 nos
1614 4014 1754 4084 qnoque
1772 3991 1941 4061 debemus
1964 3993 2009 4060 ab
2034 3984 2101 4059 hoc
2125 3988 2194 4056 lilio
2208 3981 2281 4053 Sal-

1304 4106 1425 4162 vatore
1440 4092 1658 4163 intellectum
1675 4115 1798 4164 verum
1816 4115 1877 4163 seu
1900 4115 2019 4162 veram
2033 4088 2099 4161 Dei
2118 4086 2281 4160 notitiam,

1305 4193 1475 4264 iustitiam
1501 4208 1536 4262 et
1558 4195 1666 4262 vitam
1695 4207 1812 4284 petere
1833 4208 1867 4265 et
1893 4191 2102 4286 exspectare.
2171 4184 2281 4276 Quid?

1307 4297 1402 4390 quod
1417 4319 1462 4365 ne
1479 4295 1781 4388 accenditquidem
1802 4307 1914 4386 potest
1939 4319 2031 4372 nova
2055 4295 2136 4375 lux,
2162 4287 2280 4360 confir-

1307 4398 1398 4468 mari
1416 4420 1519 4468 verus
1530 4397 1749 4486 intellectus,
1774 4412 1807 4469 et
1821 4393 1981 4468 inchoari
1999 4395 2182 4466 conversio
2198 4390 2281 4461 salu·

1308 4500 1405 4580 taris,
1432 4500 1544 4570 donec
1560 4499 1665 4568 corda
1682 4500 1835 4571 retinent
1851 4494 1919 4569 hoc
1932 4502 2044 4591 frigus
2058 4509 2090 4566 et
2108 4490 2204 4564 hunc
2218 4505 2282 4559 stu·

1309 4625 1452 4693 porem,
1478 4615 1518 4671 ut
1538 4613 1675 4672 tantum
1701 4601 1813 4672 otiose
1833 4602 1981 4672 audiant
2003 4599 2065 4680 has
2091 4615 2284 4666 commone-

1309 4703 1496 4788 factiones,
1538 4698 1603 4772 nec
1629 4704 1763 4774 accedit
1788 4704 1899 4774 serius
1924 4688 2193 4777 animitmotun
2231 4691 2285 4783 qui

270 4839 335 4886 ιιιιε
360 4826 553 4898 utrumque
577 4805 758 4876 doctrinae
781 4827 890 4892 genus
904 4804 1176 4874 familiarissime
1199 4829 1259 4875 co·
1311 4807 1404 4876 veris
1419 4806 1607 4896 gemitibus
1621 4807 1776 4898 clamans
1792 4807 1837 4874 ad
1850 4805 1962 4873 lilium
1979 4786 2071 4892 Deil,
2100 4812 2193 4890 petat
2210 4796 2286 4863 illu·

271 4922 410 5006 gnitum
424 4909 577 4998 habere,
603 4931 645 4978 ac
660 4907 844 4999 utriusque
861 4909 979 4976 dextre
996 4907 1164 4978 intellecti
1186 4908 1259 4975 dis-
1312 4923 1417 4979 strem
1444 4921 1476 4977 et
1500 4908 1674 4976 vivilicam
1693 4908 1907 4996 agnitionem
1925 4904 2012 4992 Dei,
2046 4922 2167 5002 vprum
2189 4897 2288 4966 intel·

273 5022 409 5088 crimen
435 5031 566 5085 tencre.
627 5005 679 5079 Ac
698 5023 846 5100 utraque
869 5009 992 5078 concio
1013 5009 1098 5098 legis
1121 5024 1154 5080 et
1176 5035 1260 5101 pro-
1313 5013 1439 5080 lectum
1470 5010 1587 5093 verbi,
1630 5021 1663 5076 et
1691 5008 1838 5096 gratiam
1871 5032 1932 5078 seu
1962 5000 2289 5095 reconciliationem,

276 5118 454 5188 missionis
488 5113 619 5204 gratiae
641 5133 814 5202 expresse
827 5111 954 5181 tradita
977 5136 1017 5180 ac
1038 5112 1186 5200 repetita
1209 5125 1261 5182 est
1313 5121 1402 5206 quae
1419 5111 1489 5180 sint
1505 5110 1646 5180 initium
1663 5111 1786 5181 salutis
1804 5125 1838 5181 et
1854 5124 2017 5182 aeternae
2032 5104 2137 5178 vitae.

271 5224 312 5290 in
332 5219 480 5304 singulis
494 5209 698 5304 Prophetis:
732 5213 910 5284 utstatim
933 5212 1035 5282 initio
1057 5213 1259 5302 patefactio·
1417 5209 1602 5283 Caeterum
1631 5213 1696 5283 ersi
1723 5209 1880 5284 Ecclesia
1916 5237 2002 5304 perp
2027 5212 2088 5280 luo
2123 5200 2290 5276 continuis

276 5343 361 5392 ιιιιιιι
380 5315 472 5386 Gen.
490 5317 525 5386 5.
572 5317 663 5385 Cum
680 5316 786 5405 primi
806 5328 964 5407 parentes
981 5313 1096 5385 Adam
1113 5331 1145 5386 et
1160 5314 1261 5386 Heva
1285 5387 1290 5404 ,
1313 5315 1480 5408 periculis
1500 5315 1657 5399 obiecta,
1692 5331 1725 5388 et
1748 5316 1845 5387 velut
1865 5238 2034 5465 undiplm
2055 5310 2186 5393 cincta,
2217 5303 2288 5374 suh·
