4612 5820
53 228 114 303 317

51 424 118 478 cae,
150 398 237 466 vitae
269 411 429 482 nostrae,
466 395 735 489 tranquillitati:
769 393 851 466 Non
877 389 1050 494 babebat

50 497 130 568 Deus
146 499 290 570 alienos

165 734 388 821 Dominica
407 731 503 816 llll.
532 740 630 842 post
658 733 893 818 Trinitatis,

317 877 551 972 Evangelium
574 882 689 952 Lucae
706 881 740 956 6.

90 1028 213 1102 Estote
236 1052 322 1122 ergo
337 1024 608 1114 misericordes,
631 1027 725 1098 sicut
742 1037 774 1096 et
788 1035 894 1124 poter
910 1035 1021 1097 vester

134 1131 339 1201 misericors
354 1139 416 1204 est.
469 1125 599 1200 Nolite
615 1125 797 1211 iudicare,
825 1139 855 1199 et
870 1155 944 1199 non
963 1127 1021 1198 iu-

135 1229 364 1306 dicabimini.
429 1227 560 1304 Nolite
591 1227 848 1314 condemnare,
882 1241 914 1301 et
943 1256 1019 1300 non

134 1329 482 1408 condemnabimini.
534 1329 745 1415 Dimittite,
772 1341 803 1402 et
817 1327 1020 1402 dimittetur

133 1433 246 1506 vohis.
288 1431 401 1520 Date,
428 1444 459 1504 et
475 1430 627 1504 dabitur
643 1433 755 1508 vobis.
791 1429 1018 1506 Mensurom

132 1534 288 1622 bonam,
314 1535 531 1706 coepertum,
557 1543 589 1606 et
603 1536 831 1630 coagilatam
846 1544 878 1605 et
893 1560 1019 1633 super-

124 1637 300 1737 fluentem
315 1631 364 1706 do

393 1647 458 1708 unt
475 1635 515 1708 in
530 1637 654 1708 sinum
671 1646 836 1708 vestrum.
871 1633 1018 1709 Eadem

132 1739 263 1838 quippe
291 1763 485 1822 mensuro,
518 1765 593 1838 quo
621 1739 740 1809 mensi
756 1738 931 1838 fueritis,
965 1764 1019 1810 re-

132 1843 326 1911 metientur
342 1839 456 1912 vobis.

575 223 657 296 xit.
710 219 1105 296 ANNO'l'ATlONES
1135 220 1185 292 lN
1214 215 1514 292 EVANGELIA.

1982 217 2056 288 ste

1075 415 1171 472 cere,
1197 406 1230 462 et
1253 393 1433 460 sciendum
1457 404 1526 473 est,
1552 391 1599 458 ita
1625 390 1761 477 placere
1782 385 1857 456 Deo
1879 389 2055 462 incoatam

1074 495 1329 575 obedientiam,
1359 519 1437 561 cum
1468 491 1684 560 reconciliati
1715 491 1782 558 lide
1804 503 1997 577 argrtoscunt
2020 513 2056 558 se

1075 619 1146 662 non
1164 596 1361 664 satisfacere
1376 595 1457 679 legi.
1508 592 1554 662 Et
1569 607 1687 662 tamen
1707 592 1848 659 incoant
1865 587 1955 660 hanc
1970 593 2055 660 obe-

1074 696 1260 778 dientiam,
1288 710 1321 765 et
1344 699 1493 764 credunt
1517 719 1591 763 eam
1618 695 1752 781 placere
1773 706 1919 783 propter
1933 692 2052 781 ponti-

1073 798 1170 866 ficem
1195 794 1392 876 Christum,
1421 811 1605 888 postquam
1634 817 1782 886 persona
1812 806 1956 884 propter
1981 816 2054 861 me-

1073 900 1244 968 diatorem
1268 896 1448 968 Christum
1472 910 1607 988 recepta
1621 905 1687 966 est.
1740 895 1836 964 Haec
1852 896 1938 964 alias
1956 918 2055 984 saepe

1073 1001 1163 1069 (licta
1197 991 1298 1084 sunt,
1331 1013 1364 1069 et
1392 1023 1529 1090 semper
1555 999 1593 1065 in
1625 998 1854 1067 concionibus
1882 997 2055 1068 debonis

1074 1103 1242 1193 operibus
1259 1099 1344 1170 haec
1361 1124 1495 1170 summa
1514 1102 1699 1190 repetenda
1716 1113 1776 1171 est.

1440 1303 1488 1354 De
1519 1302 1688 1354 secundo.
1731 1325 1734 1330 Δ

1174 1405 1342 1476 Praesens
1372 1407 1494 1475 concio
1523 1407 1631 1477 tradit
1659 1405 1855 1474 doctrinam
1885 1403 2058 1475 debonis

1071 1508 1258 1598 operibns,
1284 1509 1480 1601 etquidem
1502 1510 1547 1577 de
1572 1509 1674 1577 certis
1699 1507 1823 1576 officiis
1845 1506 2056 1590 dilectionis,

1072 1610 1331 1701 pertinentibus
1353 1612 1396 1678 ad
1417 1611 1580 1702 quintum
1595 1622 1831 1699 pracceptum.
1883 1604 1935 1677 Ac
1950 1607 2056 1695 longa

1071 1725 1159 1782 esset
1180 1712 1322 1796 concio,
1346 1712 1377 1780 si
1400 1712 1479 1804 quis
1500 1713 1635 1800 integre
1657 1713 1700 1779 de
1719 1706 1774 1778 his
1794 1709 1984 1778 virtntibus
1999 1709 2056 1776 di-

1072 1827 1191 1882 cturus
1206 1829 1303 1885 esset.
1344 1812 1435 1883 Sunt
1450 1828 1566 1884 autem
1583 1813 1649 1880 alia
1665 1812 1757 1881 dicta
1774 1806 1840 1880 hoc
1856 1810 1950 1894 loco,
1977 1809 2056 1878 aliis

87 1940 242 2014 Dicebat
267 1951 390 2012 aulem
412 1940 492 2012 illis
506 1937 807 2012 similitudinem:
832 1938 1023 2041 Nunpuid
1071 1916 1229 1987 ‘¹³¹le
1275 1914 1502 2004 Pl'alffiil’lum
1518 1917 1561 1984 de
1578 1913 1695 1982 (1θῄᾶο
1711 1928 1890 2004 utcunque
1906 1910 2056 2000 intelllgi

129 2051 245 2142 potest
267 2067 388 2114 coecus
404 2068 542 2114 coecum
558 2039 708 2116 ducere?
756 2040 893 2116 Nonne
909 2043 1019 2115 ombo

133 2146 335 2245 infooeom
353 2143 517 2216 eadunt?
564 2141 654 2216 Non
670 2155 721 2216 est
737 2140 940 2238 discipulus
955 2169 1017 2216 su-

130 2273 198 2344 pra
245 2248 469 2341 magistrum
505 2271 633 2316 suum:
677 2246 859 2345 perfectus
895 2257 1017 2317 autem

132 2349 252 2419 omnis
268 2351 346 2428 erit,
369 2350 406 2419 si
417 2351 466 2420 sit
480 2349 574 2420 sicut
588 2349 765 2443 magister
780 2348 871 2420 eius.
913 2343 1021 2445 Quid

132 2461 253 2522 aretem
279 2447 378 2521 vides
391 2451 578 2550 festucam
602 2451 642 2520 in
668 2448 771 2521 oculo
790 2450 930 2547 fratris
953 2450 1018 2536 tui,

132 2552 274 2623 trabem
304 2561 424 2622 aulem
456 2553 495 2622 in
517 2552 669 2648 proprio
699 2551 803 2622 oculo
830 2577 903 2621 non
934 2577 1017 2624 con-

130 2651 304 2726 sideros?
356 2653 427 2725 Aul
449 2649 630 2751 quomodo
650 2661 750 2747 potes
773 2649 1017 2752 dicerefratrr

131 2767 204 2828 luo:
250 2751 407 2838 Frater,
447 2755 546 2845 sine,
588 2755 732 2828 eiiciom
755 2754 943 2853 festucam
976 2754 1018 2828 de

5 2947 6 2952 ἵ
132 2857 238 2930 oculo
260 2867 341 2936 tuo,
365 2869 396 2930 et
421 2857 496 2954 ipse
518 2857 558 2927 in
581 2847 689 2928 oculo¹
709 2866 771 2927 tuo
786 2856 924 2928 trabem
944 2884 1017 2929 non

130 2957 259 3032 vides?
309 2957 537 3056 Hypocre'ta,
571 2959 655 3029 eiice
683 2958 843 3053 primum
878 2960 1017 3032 trabem

132 3059 171 3132 de
197 3060 306 3134 oculo
327 3071 408 3146 luo,
440 3069 472 3130 et
495 3069 580 3130 tunc
602 3056 791 3156 dispicias,
825 3071 863 3132 ut
891 3062 1017 3134 eiicios

122 3163 309 3262 festucam
329 3160 371 3233 de
387 3159 491 3234 ocrrlo
500 3161 645 3261 fratris
662 3162 730 3238 tui.

87 3291 254 3392 Qualuor
267 3313 351 3370 sunt
367 3299 547 3389 praecipui
563 3299 642 3368 loci.
658 3331 662 3338 ·

178 3435 207 3506 Ι.
264 3429 433 3502 Doctrina
452 3433 495 3499 de
514 3432 617 3499 bonis
633 3431 811 3520 operibus.

178 3533 228 3604 ll.
280 3532 467 3622 Praecepta
489 3534 534 3601 de
549 3547 702 3626 quatuor
717 3533 840 3602 officiis
855 3533 1017 3604 dilectio-

232 3635 309 3715 nis,
337 3635 596 3714 misericordia,
619 3657 693 3703 non
717 3634 931 3725 iudicando,
958 3658 1016 3703 re·

231 3737 427 3821 mittendo,
452 3737 583 3810 dando.

178 3835 250 3908 tlt.
301 3835 559 3907 Promissiones
577 3853 610 3910 et
626 3837 931 3908 comminationes.

178 3937 266 4014 llll.
304 3939 528 4030 Vituperatio
569 3961 729 4030 perverse
770 3939 1015 4024 iudicantium,

230 4064 304 4110 uon
333 4041 551 4110 servantium
581 4042 736 4130 regulam
767 4039 1013 4115 Proverb.10.

230 4141 349 4212 lostus
377 4143 416 4210 in
447 4141 623 4233 principio
656 4159 708 4214 est
739 4157 920 4214 accusator
948 4145 1015 4230 sui,

229 4257 351 4336 postea
365 4245 523 4336 explorat
540 4245 752 4336 proximum.

419 4446 467 4497 Iis
497 4445 616 4512 prino.

131 4542 219 4620 Nota
244 4560 297 4618 est
319 4573 387 4618 vox
410 4547 530 4620 Pauli:
564 4547 724 4632 Fratres,
750 4551 927 4622 debitores
953 4575 1013 4622 su-

49 4667 122 4730 nus,
154 4673 198 4717 ne
222 4651 415 4720 secundum
438 4674 578 4720 earnem
603 4652 774 4719 vivamus.
825 4651 864 4722 si
886 4676 1013 4723 secun-

49 4747 113 4814 ‹luro
133 4774 271 4818 carnem
297 4752 470 4836 vixeritis,
496 4751 717 4823 moriemini:
745 4753 773 4821 si
791 4754 918 4842 spiritu
935 4780 1012 4824 car-

49 4867 111 4914 nem
139 4852 414 4938 mortificabitis,
445 4854 582 4928 vivetis.
644 4851 732 4924 Item
759 4851 1010 4930 1.10han.e.:

49 4941 140 5018 Nemo
163 4977 229 5022 nos
252 4953 422 5044 decipiat,
449 4957 512 5048 qrri
535 4955 616 5026 facit
642 4971 840 5046 peccatum,
867 4982 907 5026 ex
934 4959 1010 5025 clia-

49 5044 112 5119 halo
133 5067 190 5124 est.
243 5051 339 5125 llaec
360 5058 454 5126 dicta
477 5058 547 5126 sint
571 5057 675 5126 infixa
694 5059 838 5140 animis,
863 5072 904 5128 ut
920 5060 1008 5128 seia-

49 5169 108 5218 mus
128 5170 287 5246 oportere
309 5156 347 5226 in
371 5159 550 5228 salvandis
573 5160 718 5228 existere
732 5160 908 5230 incoatam
923 5162 1007 5231 obe-

1071 2030 1203 2107 potcst,
1229 2018 1289 2083 sed
1315 2016 1376 2084 illa
1400 2019 1443 2084 de
1466 2039 1539 2084 non
1561 2015 1770 2096 indicando,
1798 2027 1832 2083 et
1855 2017 1897 2082 de
1912 2035 2057 2103 perver-

1071 2117 1171 2186 sitate
1196 2117 1430 2195 iudiciorum,
1463 2129 1548 2186 sunt
1567 2115 1790 2198 obscuriora,
1815 2127 1849 2184 et
1871 2115 2056 2184 continent

1070 2219 1267 2287 doctrinam
1291 2218 1543 2302 necessariam,
1568 2219 1610 2284 ad
1635 2217 1854 2286 retinendam
1877 2213 2055 2284 Ecclesiae

1071 2343 1191 2409 pacem
1219 2333 1252 2388 et
1276 2319 1512 2392 concordiam.
1583 2317 1707 2388 Dicam
1737 2317 1891 2387 breviter
1914 2318 1957 2386 cle
1977 2315 2055 2385 sin-

1070 2421 1173 2510 gulis.

1174 2520 1419 2593 Misericordia
1436 2524 1472 2592 in
1490 2545 1616 2610 genere
1632 2536 1680 2590 est
1698 2521 1789 2590 allici
1802 2544 1906 2590 sensu
1920 2519 2055 2590 alienae
2107 2589 2110 2596 ,

1014 2655 1021 2671 ·
1071 2625 1298 2709 calamitatis,
1330 2627 1533 2715 praesertim
1556 2625 1724 2708 iniustae,
1752 2636 1785 2692 et
1807 2622 1973 2712 opitulari
1997 2621 2055 2688 in-

1071 2727 1159 2796 iuste
1188 2727 1385 2816 oppressis,
1416 2729 1480 2817 pro'
1510 2727 1708 2796 vocatione.
1767 2725 1853 2794 Item
1877 2723 2054 2814 probabili

1071 2829 1208 2898 ratione
1246 2825 1405 2918 mitigare
1433 2829 1559 2899 iustam
1591 2827 1841 2908 calamitatem,
1882 2837 1916 2893 et
1947 2818 2054 2893 habet

1070 2931 1160 2999 duos
1181 2932 1321 3020 gradus.
1370 2928 1615 2999 Misericordia
1638 2941 1706 3010 est,
1741 2928 1836 3021 quod
1859 2925 2054 3014 opitulatur

1070 3029 1325 3101 Constantinus
1341 3029 1518 3101 Ecclesiae
1533 3051 1717 3120 oppressae
1730 3053 1750 3098 a
1766 3027 1937 3122 tyrannis.

1172 3133 1275 3202 Alius
1289 3135 1417 3222 gradus
1432 3147 1483 3202 est
1499 3127 1668 3202 ἐπιείκεια
1684 3131 1720 3200 in
1735 3131 1857 3222 poenis
1874 3127 1963 3197 male
1979 3151 2052 3196 me-

1070 3235 1240 3320 ritorum,
1265 3248 1305 3305 nt
1326 3233 1440 3304 David
1465 3247 1543 3325 post
1567 3233 1748 3303 victoriam
1770 3234 1882 3322 parcit
1904 3229 2054 3314 civibus,

1070 3338 1131 3429 qui
1162 3338 1303 3407 fuerant
1327 3337 1500 3418 seditiosi,
1533 3348 1566 3403 et
1588 3348 1704 3403 tamen
1728 3336 1797 3404 iam
1821 3334 1985 3402 redibant
2008 3333 2053 3400 ad

1069 3439 1238 3507 officium.
1289 3434 1343 3506 De
1361 3434 1424 3505 hac
1441 3428 1609 3530 inaccessio
1625 3435 1872 3519 concionatur,
1899 3458 1977 3504 cnm
1995 3433 2053 3501 in-

1069 3540 1162 3631 quit:
1190 3535 1311 3608 Estote
1334 3538 1595 3617 misericordes,
1623 3537 1712 3607 sicut
1732 3550 1830 3628 pater
1853 3551 1967 3605 vester
1983 3534 2052 3602 mi-

1068 3641 1216 3709 sericors
1232 3653 1293 3713 est.
1339 3637 1518 3709 Admonet
1534 3663 1598 3708 nos
1613 3639 1698 3732 quid
1713 3637 1830 3709 meriti
1846 3639 1967 3718 simus,
1995 3637 2051 3706 in·

1068 3742 1165 3812 sauia
1186 3756 1238 3812 cst
1259 3756 1375 3812 autem
1399 3743 1564 3812 meritum
1583 3744 1720 3811 easdem
1737 3765 1867 3831 poenas
1882 3740 2052 3810 insultare

1068 3845 1281 3918 calamitoso.
1333 3842 1445 3914 Porro
1468 3867 1589 3912 omnes
1611 3838 1773 3912 homines
1794 3841 1913 3912 meriti
1929 3861 2052 3910 sumus

1067 3969 1216 4036 poenas,
1240 3948 1320 4016 ideo
1339 3969 1412 4016 non
1429 3946 1638 4016 insultemus
1657 3945 1718 4012 alii
1735 3945 1832 4028 aliis,
1857 3942 1917 4010 scd
1934 3941 2051 4032 potius

1067 4049 1247 4118 communi
1263 4048 1384 4117 dolore
1399 4048 1582 4116 leniamus.
1638 4045 1723 4115 ltem
1740 4044 1850 4113 simus
1866 4044 1953 4132 grati
1964 4039 2053 4126 Deo,

1067 4149 1129 4241 qui
1153 4172 1231 4238 erga
1252 4174 1318 4218 nos
1339 4150 1406 4218 luit
1428 4147 1645 4226 misericors,
1670 4169 1709 4215 ac
1726 4145 1889 4214 liberavit
1906 4169 1990 4229 nos,
2016 4159 2051 4213 et

1067 4251 1143 4321 vult
1166 4273 1232 4321 nos
1254 4273 1317 4319 suo
1335 4251 1493 4340 exemplo
1509 4272 1587 4337 erga
1605 4248 1693 4318 alios
1707 4249 1950 4317 misericordes
1968 4269 2051 4316 esse.

1066 4351 1118 4421 De
1141 4348 1207 4422 hac
1229 4347 1398 4446 ἐπιεικείᾳ
1421 4353 1458 4419 in
1479 4350 1604 4421 lacobo
1627 4351 1774 4422 dicitur:
1801 4347 2049 4419 Misericordia

1066 4453 1111 4524 sit
1126 4478 1230 4546 supra
1245 4455 1434 4538 iudicium,
1460 4454 1495 4522 id
1513 4466 1582 4534 est,
1609 4454 1780 4544 rigorem,
1806 4453 1865 4521 sed
1882 4446 1968 4520 haec
1985 4444 2048 4517 ha-

1065 4557 1124 4625 bet
1140 4579 1219 4625 suas
1235 4571 1361 4641 metas,
1388 4569 1427 4626 ut
1445 4557 1528 4628 alibi
1546 4557 1686 4628 dicitur.

1166 4655 1285 4727 Nolite
1307 4659 1473 4732 iudicare.
1525 4657 1644 4728 Homo
1667 4656 1851 4746 imperitus
1868 4651 2048 4724 doctrinae

1066 4753 1290 4829 Christianae
1311 4760 1505 4828 offenditur
1520 4755 1584 4828 hac
1601 4781 1700 4842 voce,
1727 4760 1808 4850 qnia
1826 4758 1966 4825 videtur
1982 4775 2047 4842 po·

1063 4859 1157 4929 litias
1180 4862 1323 4946 tollere,
1349 4865 1408 4931 sed
1426 4857 1590 4930 Christus
1609 4872 1745 4928 tantum
1770 4862 1813 4927 de
1831 4853 1974 4948 privatis
1991 4852 2046 4920 iu-
2164 4895 2169 4904 ,

1064 4962 1166 5031 diciis
1188 4963 1358 5054 loquitur.
1408 4963 1567 5032 Primum
1591 4961 1698 5048 igitur
1715 4961 1895 5031 sciendum
1913 4967 1963 5024 est
1979 4954 2045 5023 tria

1063 5086 1135 5132 esse
1162 5064 1309 5150 indicia,
1337 5089 1424 5156 quiae
1449 5089 1519 5132 non
1543 5063 1721 5154 pertinent
1742 5065 1785 5130 ad
1805 5057 1899 5128 hunc
1917 5059 2045 5130 locum.

1063 5163 1305 5236 Ministeriom
1335 5163 1539 5255 Evangelii,
1580 5169 1674 5257 quod
1704 5165 1839 5234 iudicat
1866 5179 1901 5236 et
1930 5167 2047 5255 arguit

53 5247 218 5339 dicaciam,
245 5283 308 5328 nec
332 5261 409 5328 sine
425 5284 463 5328 ea
482 5284 581 5352 posse
596 5255 759 5330 homines
774 5264 921 5346 salvari,
946 5265 1030 5348 sed,
1061 5281 1219 5356 peccata,
1253 5271 1342 5338 sicut
1363 5266 1495 5336 Paulus
1519 5267 1652 5359 inquit:
1679 5265 1862 5353 Admone,
1887 5269 2042 5359 increpa,

53 5369 166 5440 oportet
186 5361 289 5432 fidem
309 5360 348 5429 in
363 5357 544 5433 Christum
561 5365 789 5454 praecedere,
816 5376 850 5436 et
866 5366 1035 5457 praelu-,
1063 5391 1142 5436 cum
1166 5371 1264 5438 omni
1292 5367 1452 5460 imperio.
1519 5368 1605 5440 ltem
1630 5367 1760 5440 iudicia
1791 5371 2045 5462 magistratum.
