4674 5822
209 79 313 175 tttt
816 67 945 154 tuus
970 63 1089 148 tatto
1115 63 1328 146 ισιιιιιι
1354 33 1654 160 assusatus.
1919 127 1922 134 .
2142 69 2223 144 rna

215 255 415 327 liberante.
458 249 508 325 Et
522 241 680 336 saepe-tn
694 237 879 336 scripturis
893 241 932 316 ia
946 233 1210 314 mutescan-
1252 239 1302 313 ιιι
1332 239 1482 313 veritate
1509 236 1791 322 sanctificentur,
1825 239 1850 318 ι.
1872 263 1902 318 e.
1931 253 1974 318 nt
1989 240 2230 318 mtifieentur

218 353 427 429 stieiiciunt
440 349 649 432 daemonia,
673 347 802 431 idest,
826 344 865 414 in
880 343 1037 438 potentia
1052 341 1211 414 auncinis
1263 363 1338 414 uon
1359 341 1596 425 extrinsecus,
1619 342 1681 412 sed
1697 355 1742 414 ot
1761 360 1844 416 veae
1868 344 1996 418 divina
2019 343 2229 419 instromenta

219 453 366 530 Christi.
417 452 478 525 Sic
499 449 629 526 Petrus¹
655 449 695 518 in
718 443 819 521 Actis
840 469 916 540 cap.
932 442 1013 515 lV.:
1045 441 1127 516 Non
1159 457 1212 514 est
1262 441 1371 530 fiant,
1396 458 1437 518 ut
1458 465 1563 514 verae
1585 436 1733 524 hostiae,
1747 444 1854 531 liant,
1879 440 1948 519 hoc
1971 459 2042 534 est,
2068 469 2231 541 quaesere

219 560 318 632 aliud
348 579 479 638 nomen
506 553 573 624 sub
603 550 698 636 sole,
736 549 875 642 inquo
905 561 1067 640 oporteat
1095 548 1211 618 salvos
1263 543 1563 636 Deusapprobetg
1590 567 1674 616 nam
1691 548 2231 640 pecudcsctsimilianonappro-

221 661 308 732 fieri.
363 659 415 728 Ita
440 653 498 726 hic
517 655 584 724 ait:
611 651 720 724 Serva
743 673 801 722 eos
822 651 861 720 io
883 651 1031 722 nomine
1054 673 1152 734 meo,
1172 647 1212 717 id
1264 651 1335 720 bat.
1388 645 1645 721 Psal.XLlX.:
1671 645 1754 718 Non
1778 650 1819 728 in
1838 651 2022 724 sacrificiis
2040 674 2177 742 arguam
2197 667 2232 720 tc.

223 778 294 848 est,
322 761 420 830 effice
443 774 483 830 ut
503 779 635 827 nornen
659 767 782 834 tuum,
806 752 866 824 cui
888 754 1060 836 credunt,
1087 765 1212 844 potens
1263 745 1311 822 Et
1326 747 1484 820 Hierem.
1504 746 1600 824 Vll.:
1626 745 1709 820 Non
1732 775 1811 820 sum
1831 752 1973 825 locutus
1993 778 2075 826 cnm
2095 753 2234 844 patribus

220 867 269 938 sit
290 863 329 932 in
354 863 415 934 eis.
467 857 556 928 Naro
577 856 705 926 salvari
722 854 869 926 nomine
885 854 977 940 Dei,
1002 867 1055 925 est
1073 852 1212 925 nomini
1264 853 1410 941 vestris,
1434 864 1471 921 et
1492 873 1568 922 non
1591 853 1751 944 praecepi
1774 855 1825 924 eis
1841 857 1886 925 de
1901 855 2011 928 verbo
2026 850 2234 930 holocausto-
2298 830 2301 920 ι

221 967 293 1040 Dei
317 965 443 1052 fidere,
470 961 667 1054 quodcum
690 959 748 1043 fit,
773 957 889 1045 ipsum
914 979 1046 1026 nomen
1063 955 1128 1027 Dei
1148 978 1212 1044 po-
1264 965 1418 1036 matum‚
1442 952 1513 1026 ic.
1537 976 1612 1023 non
1629 956 1728 1044 exegi
1753 951 2001 1033 hunccultum
2018 971 2085 1032 etc.
2135 955 2236 1045 Pergit

224 1083 302 1138 tens
324 1079 392 1151 est,
417 1080 452 1133 et
471 1063 595 1132 salvat.
646 1056 753 1130 Prov.
768 1056 884 1128 XVl.:
912 1056 1040 1128 'l‘urtis
1060 1057 1213 1126 fortissi-
1264 1067 1383 1126 autem
1399 1049 1562 1126 Christus
1583 1055 1658 1146 ipse
1677 1058 1871 1148 explicare,
1892 1062 2077 1152 quomodo
2094 1054 2237 1130 flathaec
2302 1022 2303 1096 ι

214 1195 281 1258 ‚rna
313 1189 446 1238 nomen
475 1161 632 1247 domini,
665 1162 709 1231 ad
737 1161 850 1254 ipsam
883 1159 995 1233 currit
1018 1159 1148 1244 iustus,
1180 1172 1215 1228 et
1264 1157 1513 1237 sanctificatio,
1539 1180 1620 1227 cum
1635 1158 1700 1230 ait:
1722 1158 1848 1232 Sermo
1864 1175 1946 1232 tuus
1959 1163 2090 1234 veritas
2103 1173 2164 1246 eet,
2187 1161 2239 1230 te.
2303 1187 2305 1276 ‘q

214 1270 445 1346 ,exaltabitur
497 1264 608 1334 Vides
629 1277 745 1334 autem
769 1261 967 1352 cuiusmodi
988 1261 1035 1333 sit
1052 1261 1214 1334 consola-
1264 1258 1442 1328 sanctifica
1463 1282 1523 1328 eos
1540 1282 1639 1345 vere,
1665 1284 1747 1331 vere
1761 1277 1879 1334 autem
1896 1264 2149 1343 sanctificabis,
2172 1285 2238 1333 cum
2305 1312 2306 1346 ι

224 1375 292 1458 tio,
320 1395 425 1465 quam
441 1366 601 1460 impertit
616 1379 716 1457 pater
730 1363 871 1436 sanctis.
1265 1361 1414 1433 verbum
1441 1372 1541 1431 tuum
1565 1361 1666 1430 dabis
1687 1363 1759 1448 eis,
1786 1388 1867 1435 curn
1888 1366 2083 1436 verbotuo
2105 1366 2241 1453 inunges
2306 1408 2307 1426 ι

1265 1485 1341 1548 eos,
1373 1463 1463 1533 sicut
1492 1463 1573 1533 oleo
1594 1463 1862 1554 inungebantur
1884 1468 2084 1546 sacerdotes
2106 1467 2145 1536 io
2167 1467 2243 1555 lege.

1265 1562 1340 1636 lam
1357 1566 1466 1634 verbo
1479 1565 1689 1636 sanctificari
1703 1583 1755 1638 est
1770 1571 1929 1654 credere,
1952 1594 2037 1652 nam
2054 1572 2164 1640 verbo
2179 1591 2243 1636 cre-
2308 1605 2309 1614 =

224 1682 262 1750 id
279 1692 345 1762 est3
372 1676 494 1746 eodem
511 1672 651 1764 spiritu.
703 1668 835 1756 Porro,
864 1667 1217 1759 idemspirituslidci
1265 1667 1375 1741 ditur.
1425 1665 1485 1736 Sic
1508 1668 1629 1738 omnia
1650 1686 1862 1744 revocantur
1880 1672 1927 1742 ed
1949 1671 2073 1758 fidem,
2099 1670 2244 1743 etesiis

126 1861 130 1872 ,
225 1784 399 1864 unitatem
417 1776 521 1868 parit,
546 1775 629 1842 fidei
644 1773 762 1845 unitas
775 1772 870 1862 parit
883 1767 1103 1844 charitatem.
1144 1767 1217 1842 Ita·
1264 1780 1425 1860 apparet,
1457 1791 1547 1861 quae
1575 1770 1647 1840 sint
1671 1765 1804 1842 hostiae
1825 1767 2058 1856 christianae,
2088 1773 2165 1844 scil.
2189 1793 2246 1840 nos

211 1909 294 1978 que
318 1896 396 1953 orat
416 1873 598 1958 Christus,
624 1887 665 1945 ut
689 1874 784 1942 idem
806 1875 852 1948 sit
873 1872 1217 1962 omniumspiritus,
1265 1870 1354 1962 ipsi,
1378 1870 1586 1942 sanctificati
1609 1874 1716 1944 verbo
1739 1874 1824 1946 Dei.
1875 1871 2037 1966 Apparet
2059 1875 2164 1956 item,
2189 1869 2247 1944 ho·

226 1985 324 2077 qupd
348 1977 500 2070 ingeniis
523 1978 609 2049 citra
633 1973 808 2066 Spiritum
829 1989 992 2048 senctmn
1013 1997 1087 2044 non
1108 1975 1218 2066 possit
1259 1973 1348 2044 stias
1375 1971 1483 2062 legis,
1513 1973 1670 2044 iusticias
1700 1978 1818 2046 carnis
1846 1971 1941 2048 nihil
1965 2001 2059 2068 esse,
2092 1981 2155 2048 sed
2175 1999 2248 2046 vere

213 2074 417 2161 'convenire
447 2083 491 2150 de
522 2079 608 2163 fide,
641 2079 732 2150 sicut
760 2091 907 2168 apparet
934 2077 974 2146 in
1002 2071 1218 2149 haeresibus.
1266 2069 1398 2145 hostias
1416 2097 1493 2144 esse
1518 2075 1582 2166 qui
1605 2078 1773 2160 madunt,
1799 2076 2066 2154 sicutHierem.
2085 2075 2170 2154 Vll.
2190 2077 2248 2148 ait:

225 2187 317 2260 Nam
342 2185 405 2256 ubi
426 2195 571 2254 nonest
592 2182 671 2265 lux,
704 2179 870 2250 tenebrae
891 2177 1006 2248 varias
1029 2178 1217 2270 opiniones
1265 2173 1344 2246 Hoc
1374 2175 1521 2246 verbum
1552 2178 1715 2268 praecepi
1734 2181 1784 2250 eis
1804 2175 1943 2251 dicens:
1977 2181 2112 2252 Audite
2135 2203 2249 2252 vocem

226 2289 391 2378 pariunt,
423 2286 514 2374 sicut
538 2278 662 2353 Esaias
691 2294 793 2364 vocat
822 2281 989 2373 spiritum
1022 2279 1215 2371 vertiginis.
1265 2297 1397 2363 meam,
1422 2301 1482 2348 ero
1499 2276 1716 2354 vobisDeus.
1738 2319 1786 2338 -·
1837 2279 2025 2368 Sentifica,
2050 2283 2074 2352 i.
2086 2305 2119 2355 e.
2134 2305 2250 2374 separa

225 2391 356 2472 Porro,
388 2385 455 2457 hac
474 2385 695 2461 dissensione
718 2398 751 2453 ct
767 2376 1065 2454 labefittlterltas.
1125 2379 1217 2454 Cum
1266 2378 1304 2450 in
1319 2393 1400 2453 tuos
1416 2403 1511 2462 usus,
1536 2381 1677 2453 utfiant
1693 2405 1775 2452 vera
1792 2383 2030 2456 instrumenta
2049 2398 2122 2460 tua.
2174 2383 2252 2456 ser-

226 2515 336 2564 essem
358 2511 440 2561 cum
460 2488 525 2572 eis,
556 2487 633 2558 scil.
653 2486 835 2576 corporali
857 2485 1064 2576 praesentia.
1133 2482 1216 2555 Ser·
1266 2507 1326 2552 roo
1348 2496 1433 2552 tuus
1454 2481 1583 2552 veritas
1599 2495 1667 2563 est,
1696 2484 1719 2552 i.
1735 2508 1768 2554 e.
1787 2485 1910 2570 docet,
1935 2485 2117 2580 quomodo
2134 2509 2253 2578 opere·

225 2597 351 2664 sabam
382 2615 443 2662 eos
472 2591 511 2660 iu
538 2589 685 2658 nomine
713 2601 796 2672 tuo,
833 2587 857 2658 i.
878 2613 908 2660 e.
937 2586 1138 2677 praedicavi
1167 2586 1217 2656 eis
1265 2596 1324 2655 tur
1342 2581 1438 2653 Dens
1461 2582 1499 2651 in
1521 2584 1668 2668 sanctis3
1695 2599 1770 2655 tum
1792 2587 1884 2656 liunt
1906 2611 1989 2658 vera
2011 2587 2255 2672 instrumenta,

224 2694 480 2784 Evangelium‚
513 2691 571 2760 cui
599 2705 636 2763 et
664 2690 911 2774 crediderunt,
946 2688 1030 2783 quia
1059 2688 1217 2778 potentia
1266 2709 1347 2755 cum
1371 2698 1473 2754 tuum
1497 2707 1695 2756 sermonem
1719 2689 1821 2758 dabis
1837 2687 1906 2773 eis,
1930 2702 1970 2760 ut
1987 2692 2147 2766 credant.
2198 2686 2254 2759 Si-

207 2812 277 2882 Ιιιι
290 2797 321 2887 ³)
339 2797 423 2872 Dei.
473 2790 580 2876 Nunc
598 2805 716 2863 autem
739 2795 783 2862 ad
807 2804 841 2863 te
858 2791 985 2872 nenio,
1011 2805 1045 2862 et
1062 2783 1147 2860 hacc
1162 2790 1217 2860 lo-
1265 2801 1324 2858 cot
1340 2801 1380 2858 tu
1396 2810 1453 2856 me
1469 2787 1596 2856 misisti
1614 2789 1653 2855 in
1670 2790 1863 2874 mundum,
1889 2791 1939 2860 ita
1954 2805 1990 2862 et
2003 2813 2067 2882 ego
2081 2805 2166 2878 etc,
2194 2790 2257 2862 sci-

224 2901 370 2994 qoorio
387 2897 543 2980 mundo,
568 2893 720 2977 scilicet,
747 2907 787 2964 ut
800 2895 988 2966 manifesto
1005 2892 1114 2962 verbo
1131 2916 1217 2965 coo·
1264 2888 1366 2971 licet,
1399 2889 1481 2958 ideo
1502 2889 1783 2975 sanctificentur,
1809 2891 1891 2984 quia
1908 2889 2145 2982 Evangellum
2161 2917 2259 2986 prac-

211 3001 629 3082 ¹lirmcturfideseorum.
682 2991 731 3066 Ut
746 2991 900 3066 babeant
913 2995 1083 3086 gaudium
1098 3018 1215 3064 mcum
1265 2989 1453 3071 dicabunt,
1486 3004 1529 3061 ut
1555 2991 1628 3061 sint
1656 3005 1691 3062 et
1720 2991 1789 3082 ipsi
1812 2993 2020 3066 mortificati
2041 2995 2081 3066 in
2104 2997 2261 3082 veritate,

223 3105 431 3196 impletum,
456 3102 479 3169 i.
497 3123 526 3172 e.
551 3123 623 3194 quo
648 3121 712 3186 ego
735 3091 895 3167 exhilaro
917 3119 989 3170 eos.
1040 3093 1117 3184 Ego
1133 3097 1216 3166 dedi
1264 3093 1288 3162 i.
1301 3114 1332 3164 c.
1349 3105 1389 3164 ut
1405 3093 1492 3164 fiant
1509 3115 1589 3162 vere
1605 3092 1853 3172 instrumenta.

225 3207 275 3281 eis
298 3227 496 3278 sermonem
519 3214 620 3272 tuum
644 3201 759 3290 palam
782 3223 890 3270 orans
909 3223 974 3290 pro
998 3199 1067 3278 eis,
1094 3213 1133 3268 ιιι
1151 3195 1215 3268 ha·

208 3309 331 3385 ‚beant
350 3307 576 3376 manifestum
600 3303 759 3374 verbum.
810 3299 893 3372 Non
915 3323 1002 3388 rogo
1027 3314 1066 3368 ιιι
1084 3295 1215 3366 tollan-

207 3417 284 3482 itur
306 3413 351 3474 oe
371 3410 526 3482 mundo,
551 3417 821 3487 ostententur,
849 3427 893 3470 ue
909 3402 1130 3484 affligantur,
1153 3399 1212 3466 sed
1365 3391 1534 3470 Precatur
1556 3391 1717 3472 Christus
1737 3423 1804 3492 pro
1823 3401 1991 3474 universa
2013 3398 2194 3491 Ecclesia,
2219 3418 2258 3476 ut

208 3517 263 3584 ,ιιι
283 3523 398 3573 serves
415 3523 474 3570 eos
490 3525 509 3568 a
526 3500 638 3581 melo,
674 3497 1034 3576 tuscanensibus,
1060 3523 1106 3566 ne
1120 3498 1215 3568 sinas
1262 3519 1375 3566 eruum
1393 3497 1467 3566 sint
1479 3497 1547 3568 tide
1562 3499 1727 3572 cumDeo
1744 3515 1779 3575 et
1791 3497 1963 3577 charitate
1976 3506 2071 3578 inter
2083 3527 2121 3580 se
2134 3507 2257 3578 omnia

207 3605 453 3682 ,succumbere
468 3625 539 3676 eos.
586 3599 987 3686 Noosuntdemundo,
1013 3599 1093 3670 ideo
1110 3623 1215 3670 mun·
1249 3594 1440 3668 Ecclesiae
1465 3601 1635 3675 membra.
1701 3602 1856 3676 Item'ut
1878 3607 2143 3684 sanctificentur
2165 3633 2257 3692 vere,

211 3708 292 3776 ,dus
307 3703 533 3800 persequitur
547 3723 617 3771 eos.
1262 3700 1300 3769 id
1323 3713 1394 3785 est,
1419 3699 1519 3768 verbi
1541 3703 1627 3788 fider
1655 3703 1739 3774 item
1764 3719 1805 3776 ut
1825 3709 2021 3797 perdurent
2042 3733 2121 3780 cunr
2141 3724 2257 3781 tenta-

1262 3803 1409 3875 buntur.
1462 3797 1568 3872 Unde
1587 3806 1691 3876 iacile
1714 3807 1878 3898 colliges,
1903 3810 1988 3903 quid
2013 3811 2058 3883 sit
2077 3805 2256 3885 Christia-

206 3968 224 3981 ..
1263 3904 1399 3974 nismus
1414 3917 1475 3974 aut
1492 3901 1660 3982 Ecclesia.
1723 3907 1820 3995 Quid
1839 3911 1935 3980 enim
1952 3912 1998 3982 sit
2012 3914 2256 3998 sanctificatio,

206 4057 212 4090 e
327 4013 552 4090 sanctificare
567 4033 661 4088 rem,
689 4023 739 4079 est
755 4031 916 4100 separare
932 4010 974 4080 ad
992 4009 1212 4080 offerendum
1261 4006 1336 4094 ipse
1352 4007 1515 4096 exponit,
1540 4009 1625 4078 dnm
1643 4012 1711 4082 ait:
1738 4010 1925 4084 Sanctifica
1942 4037 2003 4084 eos
2018 4038 2110 4088 vere.
2163 4015 2256 4088 Sea·

225 4116 282 4184 uel
310 4113 442 4205 alioqui
467 4115 510 4184 ad
535 4137 651 4182 sacros
676 4134 771 4184 usus.
830 4107 945 4180 Exodi
970 4109 1088 4183 Xttt.:
1122 4111 1215 4182 San·
1261 4109 1304 4178 tit
1329 4109 1445 4194 enim,
1472 4111 1785 4184 sanctificationem
1808 4108 1980 4186 non'esse
1993 4131 2173 4188 externam
2189 4120 2256 4188 ali·

225 4216 335 4286 ctifica
351 4213 438 4284 milri
453 4239 558 4284 omne
572 4215 685 4306 prima
703 4214 874 4302 genitum.
912 4211 1101 4286 EtXXX.:
1122 4212 1213 4283 San·
1248 4235 1365 4300 quam
1395 4213 1698 4298 observationem,
1729 4217 1790 4287 sed
1822 4241 1916 4298 eam,
1952 4241 2050 4309 quae¹
2071 4219 2112 4290 fit
2144 4223 2254 4290 verbo

226 4317 394 4387 ctificabis
415 4319 536 4402 Aaron
565 4328 599 4385 et
627 4315 710 4384 filiis
742 4317 829 4388 eius.
879 4312 930 4384 lta
961 4330 994 4385 et
1025 4311 1084 4384 laic
1106 4317 1214 4386 sentit
1259 4313 1330 4384 Dei
1362 4313 1402 4381 in
1425 4315 1540 4383 corde.
1600 4312 1714 4390 Modo
1739 4319 1889 4410 explicat
1914 4333 1950 4390 et
1971 4320 2066 4410 ipse,
2091 4322 2186 4414 ,quid
2210 4325 2255 4392 sit

224 4416 404 4503 Christus,
439 4421 533 4512 quod
559 4441 594 4486 sc
617 4417 825 4501 sanctificet,
858 4417 881 4484 i.
904 4439 931 4490 e.
956 4417 1136 4501 immolet,
1171 4431 1212 4488 ut
1260 4438 1473 4487 unumesse.
1526 4412 1574 4487 Ut
1590 4441 1713 4490 omnes
1729 4443 1843 4490 unum
1859 4421 1942 4504 sint,
1969 4423 2060 4494 sicut
2077 4445 2141 4512 ego
2159 4425 2254 4508 inte,

208 4523 334 4594 ‚simus
357 4534 390 4591 et
412 4543 478 4589 nos
499 4521 725 4605 sanctificati,
756 4521 782 4593 i.
798 4543 829 4590 e.
852 4519 1004 4609 separati
1027 4521 1212 4590 ad'sacros
1259 4529 1293 4586 ct
1314 4530 1353 4586 tu
1375 4516 1414 4586 in
1438 4543 1515 4606 me,
1542 4518 1578 4586 id
1602 4536 1672 4602 est,
1698 4521 1790 4594 sicut
1811 4545 1876 4592 nos
1898 4547 1972 4594 uno
1991 4525 2120 4614 spiritu
2139 4551 2252 4597 unum

208 4645 309 4692 ¹usus
338 4621 378 4701 ,ιι
407 4618 560 4702 hostiae,
604 4624 693 4694 sicut
726 4635 759 4692 et
793 4614 956 4698 Christus
986 4613 1101 4693 hostia
1125 4622 1210 4693 ¹fuit.
1258 4640 1391 4688 sumus.
1444 4617 1493 4691 Ut
1515 4621 1583 4710 ipsi
1606 4623 1644 4690 in
1670 4623 1773 4693 nobis
1796 4648 1909 4695 unum
1928 4626 1998 4696 sint
2006 4677 2021 4714 ,
2048 4628 2072 4696 i.
2088 4653 2117 4702 e.
2132 4644 2172 4699 ut
2188 4625 2251 4698 ha-

222 4722 464 4816 l’or1·o‚,quod
478 4725 592 4793 addit:
620 4723 808 4796 sanctifica
824 4745 881 4792 eos
898 4723 939 4792 in
953 4724 1111 4809 veritate,
1136 4725 1210 4792 dis-
1257 4721 1363 4792 beant
1379 4721 1573 4794 claritatem
1590 4719 1736 4798 Christi.

223 4825 335 4897 ceruit
358 4849 376 4894 a
403 4826 735 4896 sanctificationibus
755 4825 854 4914 legis.
907 4822 1028 4896 Aaron
1053 4827 1209 4915 ungeba-

439 1533 588 1610 Uicini
614 1559 728 1606 unam
749 1531 842 1605 sicul
864 1540 896 1604 el
922 1556 1000 1614 nos,

1365 3257 1455 3333 Non
1474 3282 1544 3358 pro
1566 3260 1618 3330 eis
1640 3268 1786 3334 lantum
1808 3288 1928 3372 rogog
1951 3259 2021 3338 scd
2039 3275 2071 3340 al
2090 3276 2155 3342 etc.

367 3927 371 3934 .
460 3865 643 3972 Sonlr'fica
668 3892 725 3942 eos
748 3867 787 3939 ire
811 3867 971 3942 veritate.

222 4927 386 5008 turcico,
405 4927 669 5014 discernebatur
682 4928 788 4997 ctiam
802 4927 932 4998 vestitu
948 4930 993 4997 ab
1010 4928 1099 5022 aliis,
1119 4952 1209 5022 quae
1427 4887 1483 4962 Et
1506 4917 1571 4990 ‘3⁰
1591 4920 1619 4991 ὅ
1623 4891 1681 4966 1οΓ
1681 4893 1779 5002 iam!
1810 4921 1930 5002 quam,
1948 4907 1988 4968 ω
2013 4907 2076 4971 “⁶⁰

220 5029 254 5096 ei
274 5027 501 5098 sanctificatio
520 5041 630 5100 erant.
683 5028 752 5100 Sed
767 5024 825 5100 hic
841 5044 942 5119 rogat
958 5026 1141 5112 Christus,
1169 5045 1208 5102 ut
1360 5027 1507 5102 Gloriae
1530 5032 1741 5104 vocabulum
1768 5034 1961 5110 claritatem
1983 5058 2045 5106 seu
2060 5036 2182 5106 lumen
2199 5039 2248 5108 si-

202 5183 436 5220 ,Μή-,ἣ
494 5196 504 5211 ,
653 5145 657 5152 ·
1255 5132 1416 5217 gnificat,
1451 5135 1752 5225 quemadmodum
1773 5133 1917 5230 Moyses
1946 5137 2071 5210 utitur.
2130 5137 2189 5210 Sic
2213 5155 2247 5210 et

203 5298 207 5307 .
249 5267 283 5327 a)
300 5265 395 5318 secer.
413 5275 463 5330 pro
481 5266 524 5318 eet
542 5266 702 5331 nateteps.
759 5277 763 5284 ·
901 5247 905 5256 '
1034 5296 1037 5304 .
1118 5243 1122 5250 '
1255 5235 1291 5309 2.
1306 5229 1470 5307 Corinth.
1490 5233 1555 5313 ιιι.
1572 5236 1722 5324 gloriam
1740 5239 1859 5311 vultus
1873 5238 1992 5336 Moysi
2000 5288 2021 5326 ,·
2041 5241 2068 5316 i.
2080 5265 2110 5318 e.
2127 5241 2246 5332 splen·
