4590 5808
60 169 117 251 ιιι

133 338 231 416 Hanc
242 337 489 434 oequalitstua
503 329 755 405 universaliter
768 329 809 398 in
825 319 1017 400 munumi-

9 431 10 524 i
53 453 104 522 lus
130 438 375 516 inaestimabili
400 435 572 531 sapientis
596 445 632 506 et
653 432 815 504 consiliis
843 426 1018 500 mirandis

9 551 10 556 ’
53 547 182 622 institnit
201 567 241 616 ac
263 541 445 616 ordinavit
468 536 585 624 Dens,
613 548 654 608 nt
677 537 725 604 de
746 533 859 626 ipsius
883 529 1018 602 institia

53 646 295 724 commonefacti
324 663 572 736 agnoscamus,
622 649 657 709 ct
686 637 804 730 ipsum
835 631 1018 727 aequalem

53 775 120 826 esse.
167 749 237 825 llos
251 747 381 840 igitur,
405 742 469 839 qui
485 741 691 812 fidelitatem
708 748 889 828 praestant
904 735 944 803 in
961 727 1018 802 his

9 937 10 950 χ
52 852 157 926 ofliciis
171 875 210 922 ac
227 849 332 922 honis
345 843 613 939 corporalibus,
638 840 793 911 vicissim
819 859 884 909 sua
910 837 1019 905 bene*

53 955 184 1028 dictione
202 951 378 1036 cmnulat3
404 961 441 1019 at
462 945 716 1018 defraudantes
737 940 827 1012 alios
844 939 1018 1008 interum

53 1053 367 1137 communicatione,
400 1061 507 1143 atquc
530 1057 724 1118 crescentes
745 1041 883 1134 rapinis
903 1052 939 1110 et
962 1037 1019 1106 iu·

9 1175 10 1242 3
51 1151 134 1230 iustis
141 1155 311 1248 aucupiis,
336 1153 432 1225 Dens
447 1149 553 1221 etiam
569 1148 608 1218 in
618 1141 765 1216 hacvita
780 1141 883 1214 iustis
893 1140 1018 1232 poenit

9 1255 11 1328 l
52 1260 146 1332 elicit.
177 1255 245 1348 Ac,
261 1270 301 1328 ut
314 1266 464 1329 testetur
480 1273 516 1322 se
528 1273 603 1320 non
618 1247 796 1337 negligere
811 1245 1016 1316 facultatum

9 1331 11 1406 i
52 1359 356 1433 administrationes
380 1370 415 1429 et
432 1350 702 1447 acquisitiones,
727 1350 871 1419 tandem
888 1342 1018 1414 excutit

9 1437 11 1484 i
53 1485 99 1534 eos
122 1461 280 1532 fortunis.
339 1455 545 1532 Ideo-dicit
568 1446 746 1544 Propheta
771 1447 909 1520 Esaias:
944 1443 1019 1514 Vae

54 1562 305 1657 qnipraedaris,
330 1559 414 1655 quia
431 1557 586 1626 vicissim
602 1552 822 1645 spoliaberis.
848 1546 897 1626 Et
912 1542 1020 1632 Chri·

9 1683 10 1720 ³
54 1677 111 1735 stus
124 1663 297 1736 Dominus
310 1659 445 1755 iuquit:
474 1655 697 1749 Quacnnque
721 1673 885 1726 mensura
905 1647 1020 1720 mensi

9 1807 10 1810 =
55 1765 185 1851 fueritis,
207 1767 331 1835 eadem
352 1763 521 1839 reddetur
536 1771 569 1829 ct
587 1758 699 1830 robis.

134 1899 218 1985 lam,
244 1923 334 1994 quae
347 1897 417 1969 sint
432 1893 614 1968 ordinaria
629 1891 762 1965 tributa
777 1887 1021 1977 imperiorum,

59 2023 113 2072 non
129 2001 284 2092 ignorari
301 2002 424 2084 dehet,
450 2010 486 2068 et
503 1995 606 2066 facile
629 2005 744 2088 potest
767 1987 940 2076 intelligi,
965 1986 1020 2054 vi-

57 2103 175 2188 delicet,
198 2102 378 2192 legitimae
391 2115 425 2172 et
441 2097 588 2169 usitatae
604 2095 811 2187 pensiones,
835 2090 1021 2160 ordinatae

56 2203 189 2276 inbonis
202 2203 446 2286 subditorum,
475 2215 516 2271 ut
530 2199 753 2288 magistratus
765 2194 851 2263 iude
868 2187 1020 2260 habeant

57 2309 246 2377 necessarios
267 2319 425 2387 sumtus,
460 2316 497 2371 et
518 2313 556 2370 ut
576 2301 647 2370 sint
669 2296 771 2368 nervi
795 2292 1021 2385 reipublicae,

58 2408 162 2498 quihus
176 2423 209 2479 et
224 2407 314 2479 belli
328 2403 506 2484 subsidia,
530 2416 564 2472 et
589 2401 686 2494 pacis
703 2409 910 2469 ornamenta
934 2417 1021 2463 con-

9 2527 11 2584 ζ
56 2509 202 2584 tinentnr.
257 2507 362 2578 Tales
378 2501 512 2598 publici
532 2505 668 2574 reditus
690 2523 765 2570 non
780 2510 863 2570 sunt
879 2517 1020 2568 usurae.

58 2603 116 2680 lmo
140 2613 271 2684 iustum
297 2622 348 2680 est
376 2605 534 2696 singulos
560 2601 645 2674 haec
668 2601 823 2693 legitima
846 2598 1021 2690 stipendia

9 2711 10 2746 ³
57 2713 197 2798 pendere.
233 2709 341 2782 Nam
367 2707 498 2780 Paulus
522 2705 732 2776 nominatim
757 2701 911 2797 postulat
930 2695 1021 2768 hauc

9 2813 10 2868 l
57 2809 260 2884 collationem
274 2812 509 2892 tributorum,
532 2803 640 2882 Rom.
657 2804 736 2880 tn,
767 2802 835 2876 Cui
847 2802 1021 2873 tributum

9 2957 10 2960 =
55 2911 183 3001 debetis,
207 2914 384 2987 tributum
400 2909 536 2982 solvite.

9 3045 10 3090 3
59 3064 62 3074 “
135 3047 270 3122 lustum
287 3063 340 3120 est
352 3045 492 3130 itidem,
518 3045 630 3114 emtsis
647 3041 783 3112 fructus
799 3062 859 3110 seu
875 3037 1021 3117 reditus,

9 3189 10 3246 l
57 3166 119 3219 tum
132 3167 230 3243 pacto
250 3147 486 3232 revendendi,
512 3146 555 3214 iis
572 3143 702 3237 quibus
718 3144 892 3213 debentur
907 3139 1021 3228 fideli·

9 3263 11 3344 ι
56 3261 99 3320 ter
115 3255 267 3337 solvere,
299 3264 482 3345 propterea
506 3247 603 3341 quod
625 3245 741 3314 omnis
761 3265 843 3313 vera
867 3241 1021 3331 legitima

9 3349 11 3372 '
58 3364 158 3426 elnon
172 3354 336 3425 simulata
357 3351 464 3422 emtio
474 3349 648 3419 divinitus
662 3345 826 3416 ordinata
844 3358 878 3416 et
893 3367 1022 3434 appro-

57 3452 122 3526 bata
136 3473 196 3529 est.
250 3451 299 3528 At
319 3452 480 3550 quisquis
495 3453 533 3518 in
547 3448 764 3519 emtionibus
787 3463 821 3515 et
844 3443 1021 3516 venditio-

55 3555 142 3628 nibus
157 3559 317 3630 lraudem
334 3555 451 3636 struit,
473 3565 506 3624 et
519 3551 637 3621 dehita
655 3549 765 3639 pretia
781 3547 934 3638 maligue
950 3545 1022 3614 sol·

9 3715 10 3718 ,
57 3657 112 3738 rit,
134 3659 191 3731 fur
208 3673 280 3739 est,
306 3654 518 3728 exhauriens
539 3652 671 3724 alienas
694 3649 896 3732 facultates,
930 3661 1021 3716 erat-

9 3803 11 3812 ι
58 3779 112 3848 qtae
131 3783 249 3832 severe
271 3759 474 3852 puniendus
498 3747 756 3843 a'magistratu.
821 3749 891 3822 Sed
916 3749 1020 3818 etiam

58 3880 122 3928 cum
148 3864 373 3954 magistratus
407 3861 504 3931 deest
539 3855 676 3940 officio,
724 3853 916 3924 ettolerat
953 3849 1021 3920 alia

57 3958 154 4049 furta,
185 3977 305 4036 umen
327 3959 424 4033 Dens
450 3952 604 4030 retrahet
631 3950 729 4028 hunc
757 3953 956 4025 stellionem
978 3951 1021 4020 ad

9 4141 10 4144 Ἴ
57 4083 180 4147 poenas.
240 4063 336 4136 Haec
355 4061 474 4132 brevis
497 4055 790 4128 commonefactio
822 4055 952 4125 suflicit
980 4053 1023 4122 de

56 4153 101 4232 his
113 4167 249 4238 duobus
263 4152 414 4238 casibus.

142 4281 327 4358 Caeterum
358 4284 403 4352 de
423 4271 646 4350 mutuatione
673 4273 833 4366 proxime
863 4270 1026 4343 disserui.

60 4374 141 4452 Scias
166 4400 201 4458 et
214 4382 307 4457 hanc
333 4407 407 4454 esse
427 4381 587 4453 divinam
610 4377 893 4456 ordinationem,
920 4397 1025 4468 quam

60 4483 210 4579 utrinque
226 4500 260 4556 et
275 4511 293 4557 a
311 4484 485 4555 creditore
503 4496 538 4553 ct
559 4479 763 4550 a‘dcbitore
784 4479 861 4548 vult
874 4476 1029 4546 fideliter

61 4590 173 4655 servari
183 4585 289 4672 Deus,
309 4601 347 4656 ut
361 4609 425 4656 nec
442 4589 530 4654 dans
545 4595 670 4652 mutuo
686 4591 782 4671 petat
795 4579 1026 4650 accessionem

63 4689 241 4757 usuariam
270 4701 415 4778 propter
445 4686 603 4756 officium
626 4678 878 4762 mutilationis,
911 4693 944 4749 et
967 4702 1027 4748 su-

64 4803 147 4856 mens
160 4803 301 4873 mutuo,
327 4791 421 4860 bona
439 4787 507 4857 lide
523 4785 731 4857 tantundem
756 4783 924 4874 pecuniae
947 4782 1029 4850 red-

64 4883 121 4960 det.
168 4887 227 4961 Sic
246 4893 354 4982 igitur
373 4887 470 4962 Deus
492 4887 674 4958 ordinavit
703 4897 924 4957 contractum
949 4881 1047 4951 mu-‘

65 4990 234 5161 luatignis,
258 4993 400 5087 utrique
413 4986 697 5066 contrahentium
715 4987 816 5082 quasi
841 4984 943 5054 metis
959 4985 1030 5054 cir-

68 5105 128 5158 cum
154 5095 228 5165 atis.
417 5097 419 5100 ’

150 5205 329 5294 Creditor,
351 5209 414 5303 qui
431 5209 491 5280 dat
505 5221 646 5290 mutuo,
662 5227 736 5276 non
753 5205 858 5274 debet
872 5225 1031 5273 exercere

69 5323 233 5394 quaestum
254 5311 417 5406 pactione
441 5333 649 5393 usurarum,
682 5330 747 5378 nec
776 5305 913 5401 aliquid
937 5304 1030 5376 ultra

110 5409 277 5486 necem.
294 5417 400 5486 Οιιιι.
426 5415 511 5487 Vos.
527 5409 623 5486 xlv.

278 97 387 242 ιιι(
417 149 811 238 ιιιιιοιιιιοιιιε
835 151 905 230 nr
927 141 1211 228 coactores
1237 143 1288 222 m
1314 135 1502 225 eveno.
1528 144 1811 256 narrum.

1070 331 1202 394 sortem
1219 318 1418 414 postulm,
1443 341 1510 390 nec
1525 341 1567 390 ax
1581 307 1701 392 alicam
1724 306 1870 394 lucrari.¹
1918 315 2064 396 Etenim

1071 421 1222 496 Levitici
1251 422 1419 493 vicesimo
1450 421 1596 516 quinto,
1639 421 1712 494 Lex
1734 423 1858 508 divine
1889 425 1979 506 dieit
2003 451 2066 499 cx-

1070 545 1206 618 prcsse:
1233 523 1339 596 Time
1355 519 1491 607 Deum,
1516 536 1558 594 nt
1580 524 1702 595 rivere
1724 526 1834 618 possit
1851 527 1961 599 frater
1982 542 2066 602 tuus
2145 582 2147 594 .

1072 628 1168 719 apud
1193 640 1240 700 te.
1298 623 1382 697 Non
1406 624 1558 717 accipias
1579 649 1598 696 a
1617 627 1726 698 fratre
1745 639 1809 698 tuo
1834 651 1974 716 usuras,
1999 655 2066 702 nec

1071 729 1224 820 amplius
1237 750 1344 822 mam
1360 727 1500 798 dedisti.
1550 725 1598 797 Et
1620 728 1657 796 in
1676 725 1818 800 Psalmo
1839 729 1898 805 tt.
1917 732 2064 804 dicitur:
2096 751 2102 774 ⁸

1071 829 1163 920 Quis
1183 825 1320 902 hahitat
1345 829 1383 897 in
1406 829 1635 900 tabernaculo
1658 843 1720 901 tuo
1741 843 1808 902 etc.
1862 832 1937 922 Qui
1958 859 2065 927 pecu-

1069 935 1167 1002 niam
1185 955 1284 1002 suam
1302 934 1345 1002 ad
1368 953 1511 1000 usuram
1529 954 1602 1000 non
1618 933 1728 1004 dedit.
1756 928 1844 1002 item
1855 931 1985 1008 Erech.
2005 936 2063 1008 te.

1070 1033 1287 1106 atrocissima
1302 1031 1548 1104 comminatio:
1575 1030 1647 1121 Qui
1666 1036 1860 1124 peccaverit
1877 1039 2064 1125 morietur,

1071 1137 1360 1207 accommodatur
1398 1147 1432 1203 et
1470 1135 1514 1202 ad
1545 1133 1801 1205 foeneratorem
1837 1139 2065 1230 impudenter

1072 1238 1267 1328 exigentem
1292 1234 1445 1327 amplius
1472 1259 1577 1329 quam
1604 1249 1776 1330 qnantum
1802 1254 1928 1311 mutuo
1951 1243 2064 1318 dedit.

1071 1338 1255 1412 Praeterea
1279 1335 1397 1408 Lucae
1418 1335 1454 1408 6.
1513 1332 1676 1410 Christus
1692 1339 1841 1432 inquit:
1890 1339 2062 1414 Mutuum

1070 1444 1170 1526 dete,
1196 1435 1291 1510 nihil
1306 1441 1391 1510 iude
1407 1452 1599 1532 sperantes.
1635 1437 1742 1529 Qeaod
1769 1443 1903 1514 dictum
1922 1469 1994 1515 nou
2013 1447 2062 1520 ita

1072 1565 1236 1636 perverse
1248 1565 1314 1612 nec
1328 1541 1461 1612 insulse
1478 1540 1716 1632 intelligatur,
1738 1557 1777 1613 ut
1793 1545 2063 1634 ratiocinemur,

1073 1670 1118 1715 ne
1134 1645 1279 1740 quidem
1297 1644 1403 1714 licere
1417 1656 1548 1714 sortem
1562 1666 1624 1714 εει]
1640 1644 1790 1740 capitale
1804 1647 1952 1737 sperari.
1994 1646 2062 1720 ns-

1071 1763 1124 1823 set
1140 1747 1236 1816 enim
1251 1741 1338 1817 haec
1354 1769 1428 1817 uon
1445 1745 1639 1832 mutuatio,
1660 1748 1722 1815 sed
1738 1749 1906 1840 donatio,
1933 1752 1962 1819 si
1977 1776 2062 1841 pro-

1071 1846 1213 1921 hiberet
1227 1861 1357 1918 sortem
1373 1847 1458 1939 peti.
1509 1844 1580 1918 llic
1603 1847 1723 1941 itaque
1743 1852 1911 1940 proprius
1932 1865 1984 1923 e'st
2007 1852 2063 1924 in-

1072 1952 1249 2035 tellectus,
1291 1962 1325 2018 et
1351 1949 1501 2039 simplex
1529 1971 1570 2020 ac
1598 1973 1679 2019 vera
1712 1937 1963 2042 interpretatio¹
1983 1979 2064 2030 ven·

1073 2055 1198 2160 borum
1219 2046 1372 2122 Chiisti:
1413 2047 1473 2122 Sic
1495 2061 1620 2120 mutuo
1644 2049 1755 2135 detis,
1785 2065 1826 2122 ut
1850 2060 2062 2135 tantundem

1076 2154 1246 2254 pecuniae
1268 2150 1465 2244 recipiatis,
1490 2149 1617 2221 necin
1643 2165 1768 2224 mutuo
1790 2153 1929 2229 lucrum
1955 2180 2061 2248 supra
2169 2221 2171 2226 ,

1073 2269 1202 2328 sortem
1220 2267 1365 2348 propter
1380 2253 1492 2342 ipsam
1508 2253 1766 2324 mutuationem
1784 2256 1924 2346 petatis.

1174 2355 1264 2428 Cum
1278 2345 1335 2425 his
1350 2355 1544 2446 praeceptis
1565 2356 1730 2445 congruit
1753 2349 1900 2428 historia
1924 2381 2063 2430 memo-

1073 2459 1197 2531 rabilis
1218 2470 1252 2527 et
1272 2456 1476 2549 perpulcra,
1508 2481 1599 2552 quae
1624 2469 1716 2528 extat
1737 2457 1775 2526 in
1797 2445 1931 2552 quinta
1949 2461 2063 2554 capite

1071 2559 1157 2632 libri
1172 2555 1321 2632 disdrae:
1348 2555 1480 2647 Magna
1502 2558 1692 2630 difficultas
1712 2583 1878 2632 aemonae
1898 2575 1934 2634 et
1953 2561 2064 2634 fames

1073 2677 1147 2734 erat
1176 2661 1214 2734 iu
1237 2673 1330 2731 terra
1353 2657 1571 2738 Palaestina,
1605 2674 1789 2753 propterea
1812 2662 2064 2755 locupletiores

1073 2778 1108 2836 et
1129 2761 1309 2856 pecuniosi
1332 2776 1455 2835 mutuo
1471 2762 1603 2832 dabant
1620 2763 1804 2852 egentibus
1818 2758 1987 2844 civibus,
2000 2769 2062 2836 aed

1072 2865 1290 2958 postulantes
1307 2887 1450 2934 stsnram
1467 2864 1708 2949 centesimam,
1731 2865 1767 2933 id
1785 2877 1849 2949 est,
1875 2889 1966 2959 quac
1979 2890 2063 2936 cen-

1072 2962 1200 3038 tesimo
1217 2988 1336 3034 mense
1353 2979 1479 3060 aequat
1493 2978 1641 3051 sortem,
1667 2965 1714 3035 ita
1732 2980 1772 3036 ut
1789 2967 1916 3060 inopes
1932 2967 1985 3037 illi
2002 2991 2065 3038 co-

1074 3081 1241 3160 gerentur
1264 3081 1298 3137 et
1311 3081 1448 3138 sortem
1469 3068 1636 3153 reddere,
1664 3079 1697 3137 et
1714 3068 1863 3158 singulis
1881 3069 2064 3140 mensibus

1073 3173 1117 3241 de
1139 3182 1280 3240 centum
1299 3170 1450 3259 pendere
1463 3191 1596 3250 unum,
1622 3193 1684 3239 sen
1701 3172 1746 3239 de
1760 3184 1903 3241 centum
1919 3171 2064 3242 florenis

1074 3295 1147 3344 uuo
1171 3295 1265 3341 anno
1290 3269 1477 3341 duodecim
1499 3292 1625 3340 aureos
1647 3271 1799 3341 solvere.
1851 3269 1960 3361 Quod
1984 3299 2063 3342 cum

1074 3373 1271 3444 rescivisset
1292 3367 1502 3455 Nehcmias,
1527 3370 1656 3442 exarsit
1679 3371 1749 3453 ira,
1773 3385 1809 3444 et
1830 3373 2065 3444 foeneratori·

1064 3477 1141 3568 ,hus
1168 3474 1241 3542 illis
1271 3472 1425 3562 graviter
1450 3471 1645 3570 objurgatis
1669 3477 1877 3544 mandatum
1899 3475 2066 3546 divinum

1074 3574 1276 3669 proposuit:
1303 3572 1419 3642 Fratri
1442 3585 1504 3644 tuo
1526 3574 1660 3666 absque
1680 3596 1787 3646 usura
1810 3575 1914 3647 dahis
1930 3593 2066 3653 mutuo.

1076 3677 1196 3768 Quare
1224 3675 1464 3770 perterrefacti
1486 3674 1675 3749 creditores
1700 3677 1963 3749 confitebantur
1985 3703 2067 3769 pec-

1075 3793 1150 3851 cata
1169 3801 1254 3860 sua,
1277 3790 1314 3848 et
1332 3777 1467 3848 allectis
1483 3775 1613 3848 iniuria
1631 3778 1897 3870 pollicebantur
1910 3803 1946 3848 εε
1963 3782 2065 3850 resti-

1076 3879 1248 3954 tutionem
1264 3879 1534 3949 centesimarum
1550 3881 1704 3951 facturos
1721 3905 1806 3952 esse.
1863 3878 1959 3951 Haec
1972 3882 2066 3950 dicta

1075 3984 1147 4054 sint
1163 3985 1208 4050 de
1224 3980 1393 4051 dantibus
1407 3993 1543 4052 mutuo.
2054 3981 2059 3995 '

1175 4079 1334 4164 Rursus,
1359 4079 1534 4170 accipiens
1557 4093 1719 4152 mutuum
1733 4077 1938 4153 meminerit
1953 4095 1986 4154 et
2002 4084 2068 4153 ob-

1077 4184 1191 4254 servet
1212 4195 1457 4274 praeceptum:
1490 4179 1572 4252 Non
1594 4183 1727 4252 furtum
1750 4182 1868 4252 facies.
1922 4181 2013 4254 Nam
2037 4185 2066 4254 si

1077 4296 1213 4358 recusat
1230 4283 1285 4358 vel
1301 4307 1374 4354 non
1392 4284 1511 4354 studet
1528 4307 1731 4368 numerare,
1758 4297 1934 4374 quantum
1952 4287 2067 4366 debet,

1079 4407 1198 4475 revera
1215 4385 1273 4454 fur
1288 4397 1350 4455 est.
1384 4381 1541 4455 Proinde
1554 4387 1657 4456 dehet
1672 4387 1823 4457 fideliter
1838 4386 1976 4457 solvere
1989 4411 2068 4458 sor-

1078 4503 1168 4569 tem,
1195 4509 1286 4580 quae
1307 4485 1465 4579 aequalis
1487 4500 1537 4556 est
1560 4503 1701 4571 mutuo,
1728 4511 1788 4557 seu
1810 4490 1966 4579 pendere
1989 4502 2068 4558 tau-

1079 4591 1226 4662 tundem
1249 4598 1420 4681 quantum
1446 4589 1581 4657 sumsit.
1635 4588 1757 4660 Sanxit
1782 4589 1877 4660 euim
1897 4586 1994 4660 Deus
2014 4605 2068 4660 at-

1080 4716 1149 4787 que
1172 4693 1259 4760 adeo
1283 4689 1416 4778 flagitat
1436 4689 1592 4758 officium
1610 4705 1819 4782 utrumque,
1852 4692 2015 4760 videlicet
2034 4705 2067 4760 et

1080 4792 1191 4864 dandi
1220 4803 1344 4862 mutuo
1374 4791 1570 4884 liberaliter
1598 4790 1675 4860 siue
1704 4795 1904 4881 captatione
1934 4805 1967 4861 et
1990 4793 2067 4862 siue

1080 4898 1244 4978 foenore,
1269 4904 1303 4964 ct
1317 4891 1468 4963 fideliter
1483 4893 1655 4962 reddendi
1673 4917 1732 4977 ea,
1758 4917 1848 4986 quiae
1863 4892 1993 4962 utenda
2006 4899 2068 4964 'ac-

1081 4996 1224 5086 ceperis.
1275 4993 1365 5064 Nam
1380 5007 1580 5065 contractus
1596 4996 1825 5066 moderationis
1839 5017 1857 5060 a
1874 4994 2071 5066 donatione

1064 5099 1219 5180 differt,
1243 5109 1366 5189 estque
1380 5093 1550 5188 opitulari
1569 5097 1729 5186 proximo
1750 5094 1982 5165 translatione
2007 5121 2068 5188 pe.
2097 5109 2099 5120 ·

1083 5201 1210 5271 cuuiae
1223 5218 1284 5268 seu
1300 5197 1471 5266 frumenti
1486 5209 1562 5279 etc.,
1584 5200 1644 5268 sed
1661 5221 1739 5265 curn
1757 5190 1821 5266 hac
1840 5197 2067 5285 obligatione,

1083 5316 1122 5374 ut
1152 5300 1210 5372 die
1238 5283 1432 5370 constituto
1455 5298 1597 5469 dalilam
1618 5301 1742 5370 reddat
1765 5297 1857 5368 idem
1882 5301 2067 5389 ingemere
