4616 5818
70 139 135 220 sss
408 95 414 106 ’
600 135 687 219 xm
735 133 1129 228 annorurtonus
1153 91 1205 214 ut
1231 127 1531 220 nvsnonnts.
1750 183 1756 204 =
1947 107 2108 260 ‘aso

67 311 224 390 Satanae,
250 323 289 383 ut
311 329 440 410 corpup
462 307 539 380 eius
561 309 746 384 excruciet.
797 306 930 404 Aliqua
946 311 1040 382 enim
1091 311 1251 388 iniurias.
1313 310 1447 389 Contra
1468 315 1639 392 Salmuon
1665 321 1767 396 dicit:
1801 321 1944 403 iusticia
1966 337 2077 408 stabi-

67 413 213 503 corporis
230 411 369 481 vexatio
384 409 557 482 incestum
574 407 677 480 illum
694 409 843 492 invasit,
870 425 909 482 ut
927 411 1042 484 Stilli-
1091 413 1178 484 litur
1195 409 1358 492 thronus.

67 514 156 582 conis
183 512 319 598 scriba,
351 535 456 606 quem
478 512 796 583 excommunicavit
820 507 1043 597 Ambrosius,
1193 511 1290 586 Haec
1304 517 1490 609 cogitanda
1507 534 1590 592 sunt
1605 521 1649 590 de
1667 521 1844 617 imperiis,
1870 545 1910 604 ut
1923 534 2075 612 sciamus

66 615 174 682 lurore
200 623 386 702 correptus
408 625 476 682 est:
509 612 593 705 quia
618 636 700 684 vera
724 612 1040 684 excommunicatio
1090 609 1252 684 homines
1274 640 1348 686 non
1372 643 1452 691 casu
1474 623 1691 694 consociatos
1706 649 1797 714 esse,
1822 635 1884 703 sed
1899 629 1994 706 bunc
2009 663 2074 729 po·

66 737 129 782 non
149 728 198 784 est
219 713 324 784 inane
342 713 498 799 iulmen,
521 713 581 784 sed
604 702 822 785 iudicio'Dei
842 727 1041 807 sequuntur
1090 715 1226 786 liticum
1249 720 1410 790 ordinem
1435 744 1508 790 esse
1525 717 1603 791 Dss'
1619 747 1724 813 opus,
1751 739 1786 799 et
1801 732 2072 812 discernendam

65 813 252 904 corporales
278 835 415 907 poenae
443 826 478 885 et
506 812 740 900 calamitates,
771 826 813 885 ut
843 812 884 882 in
906 813 1039 886 Genesi
1088 839 1161 886 esse
1185 841 1259 886 rem
1284 841 1303 888 a
1326 821 1506 911 personis,
1536 823 1684 893 lacerari
1706 829 1869 902 ordinem
1891 835 2073 914 furoribus

66 915 220 1006 scriptum
237 926 305 986 est:
331 911 543 986 Maledicam
558 913 853 988 maledicentibus
870 913 950 988 tibi.
1054 965 1057 976 ·
1089 913 1294 1004 hominum,
1320 934 1356 992 et
1376 919 1487 990 aDeo
1503 924 1624 1012 puniri
1639 925 1926 1016 dilacerationes,
1952 943 2072 1011 etali-

1087 1040 1157 1109 qua
1179 1013 1333 1108 hospitia
1347 1017 1521 1106 .Ecclesiis
1541 1028 1692 1112 servari,
1722 1029 1810 1101 alias
1831 1037 1961 1126 magis,
1985 1042 2071 1114 alias

441 1114 490 1167 ns
524 1111 646 1168 tertio.
946 1161 948 1166 s
1087 1117 1207 1188 minus
1230 1122 1433 1216 tranquilla.
1485 1121 1550 1192 llla
1569 1124 1678 1212 igitur
1692 1127 1857 1232 imperia,
1882 1151 2071 1230 quaesunt

153 1221 282 1313 ingens
317 1221 509 1294 discrimen
541 1235 594 1296 est
622 1222 717 1294 inter
744 1223 1037 1314 gubernationem
1086 1213 1239 1310 hospitia
1262 1215 1458 1306 Ecclesiae,
1491 1224 1643 1294 fideliter
1662 1227 1738 1298 Deo
1763 1242 2068 1314 commendemus:

65 1321 317 1396 ecclesiasticam
340 1339 375 1396 er
396 1323 596 1415 politicam,
621 1328 717 1418 quod
741 1347 879 1416 semper
895 1324 934 1396 in
951 1349 1038 1394 con.
1085 1343 1170 1388 nam
1193 1318 1231 1388 in
1255 1315 1311 1390 his
1333 1347 1475 1414 qnoque
1498 1326 1665 1397 oriuntur
1687 1332 1818 1402 multae
1839 1357 1961 1412 saevae
1979 1356 2069 1414 tem-

65 1434 170 1514 tpectu
199 1425 306 1495 nobis
337 1447 411 1495 esse
441 1425 563 1510 debet,
593 1449 677 1494 nam
707 1424 869 1496 conlusio
893 1447 1037 1516 magnas
1085 1432 1247 1511 pestates.
1297 1420 1380 1492 ldeo
1397 1422 1529 1494 Paulus
1546 1451 1610 1516 pro
1626 1421 1681 1498 his
1697 1435 1832 1522 precari
1846 1440 1942 1512 iubet
1960 1443 2069 1538 1‚Ti.

65 1524 211 1593 tenebras
225 1525 341 1595 affert·
395 1521 494 1614 Quid
510 1509 555 1596 εἰ,
569 1525 781 1614 gubernatio
797 1525 960 1616 politica,
980 1527 1036 1595 fa.
1084 1515 1244 1594 notus.
1294 1517 1341 1594 Et
1356 1523 1460 1592 linem
1475 1528 1641 1614 ostendit,
1665 1545 1705 1634 ut
1720 1527 1878 1608 habeatis
1893 1547 2069 1638 tranquil·

65 1623 120 1692 cile
138 1623 305 1714 intelligit
327 1647 366 1695 ac
381 1624 515 1696 iudicat
531 1621 685 1696 bumana
701 1628 813 1711 ratio,
840 1627 923 1718 quia
940 1623 1037 1696 Deus
1084 1621 1219 1695 litatem
1235 1645 1315 1692 cnm
1334 1625 1474 1714 pietate.
1524 1627 1627 1699 lubet
1642 1635 1756 1723 expeti
1771 1659 1910 1726 pacem,
1935 1668 2009 1714 non
2026 1661 2068 1720 ut

65 1723 178 1792 indign
198 1717 379 1794 humanae
401 1725 513 1797 menti
538 1726 648 1816 leges,
673 1727 772 1797 iuxta
794 1749 883 1819 quas
904 1727 1036 1797 consti·
1084 1745 1168 1812 pace
1189 1725 1234 1791 ad
1259 1723 1381 1794 luxum
1404 1728 1610 1814 abutamur,
1644 1735 1705 1802 sed
1725 1749 1766 1805 ut
1788 1742 1918 1812 serviat
1938 1748 2068 1818 educa.

66 1825 198 1893 tuendae
220 1838 307 1895 sunt
329 1823 484 1914 politiae.
536 1819 601 1898 Est
625 1826 734 1918 igitur
747 1825 890 1918 politica
906 1829 1036 1916 guber·
1082 1821 1185 1908 tioni,
1211 1827 1363 1894 tuendae
1379 1825 1598 1917 disciplinae,
1623 1833 1690 1922 piis
1705 1837 1843 1913 studiis.
1893 1842 1953 1915 Sic
1967 1845 2067 1920 Psal-

64 1924 146 1992 nitio
170 1927 380 1996 mandatum
406 1925 568 1996 divinum
591 1947 656 2018 per
675 1939 788 1998 certos
810 1925 1035 2016 magistratus
1082 1945 1162 1994 mus
1186 1924 1289 1994 docet
1310 1948 1429 2006 orare,
1455 1926 1536 2001 Fiat
1558 1953 1622 2019 pax
1647 1931 1685 2002 in
1702 1935 1831 2010 virtute
1847 1953 1924 2018 tua:
1951 1960 1986 2019 et
2001 1974 2066 2041 po-

68 2024 299 2095 mpodiendae
327 2039 490 2096 externae
512 2025 739 2119 disciplinae,
771 2041 806 2099 et
826 2025 1033 2097 retinendae
1081 2023 1182 2092 nitur
1201 2023 1295 2094 inter
1313 2028 1468 2114 praemia
1490 2030 1630 2119 pietatis
1654 2033 1784 2106 ilorens
1799 2035 1957 2134 Respub.
1971 2063 2010 2120 ut
2025 2051 2065 2124 in

66 2125 158 2211 pacis,
189 2141 224 2199 eg
245 2125 425 2218 puniendi
447 2140 670 2199 contumaces
691 2127 815 2221 poenis
837 2126 1033 2219 corporali·
1083 2120 1224 2194 Psalmo
1246 2123 1392 2196 dicitur:
1420 2123 1470 2200 Ut
1490 2129 1609 2198 videas
1630 2131 1723 2204 bona
1738 2135 1927 2213 Ierusalem
1948 2154 2065 2221 omni·
2108 2187 2114 2196 ·

65 2221 133 2312 bus,
153 2247 212 2296 sen
229 2227 365 2317 gladio.
1080 2224 1149 2293 bus
1176 2224 1304 2295 diebus
1329 2225 1423 2298 vitae
1445 2242 1536 2298 tuae.
1594 2225 1642 2302 Et
1661 2229 1756 2310 Esai.
1769 2237 1846 2312 bil:
1881 2241 2064 2328 Videbunt

148 2325 323 2418 Magnum
346 2340 381 2399 et
402 2327 606 2400 mirandum
627 2321 808 2420 Dei'opns
830 2340 902 2420 est,
934 2327 1032 2422 qnod
1080 2346 1195 2416 regern
1217 2325 1256 2394 in
1278 2327 1404 2396 decore
1422 2349 1505 2415 suo,
1531 2331 1654 2420 idest,
1678 2335 1731 2426 pii
1745 2339 1915 2420 videbunt
1931 2347 2063 2424 florens

66 2447 124 2494 non
140 2428 250 2498 solum
271 2429 403 2500 nostris
419 2430 599 2502 mentibus
614 2429 747 2501 indidit
763 2432 875 2519 leges,
902 2431 1032 2522 quibus
1079 2437 1149 2496 tem
1168 2437 1295 2496 statum
1313 2423 1558 2520 Reipublicae.

66 2530 192 2614 regenda
210 2542 299 2600 aunt
315 2529 484 2622 imperia,
506 2531 569 2602 sed
585 2534 681 2624 qnod
697 2529 803 2600 etiam
820 2529 942 2622 etipse
957 2530 1030 2600 sin.
1181 2522 1278 2613 Quid
1319 2541 1371 2599 est
1407 2543 1524 2602 antem
1560 2535 1789 2611 ecclesiastica
1831 2546 2064 2632 gubernatio?

65 2628 158 2712 gulari
179 2631 291 2699 modo
312 2630 514 2712 constituit,
540 2643 576 2703 et
588 2631 773 2711 transfert,
798 2631 888 2701 sicut
902 2631 941 2700 in
956 2629 1031 2703 Da·
1078 2620 1142 2697 Eil
1162 2629 1367 2698 mtssdiliuffl
1382 2627 1467 2715 Del,
1492 2635 1588 2725 (1¹¹0d
1612 2641 1781 2729 Pffltipll
1802 2643 1927 2716 11011111
1941 2649 2063 2726 Evan-

66 2725 140 2795 niels
152 2729 294 2814 dicitur,
320 2743 354 2800 et
369 2733 554 2824 praecipue
569 2755 644 2801 eam
660 2747 794 2821 partem
810 2743 920 2815 curat,
940 2753 1030 2822 quae
1078 2725 1226 2812 gelium,
1250 2751 1374 2798 vocare
1390 2731 1571 2804 ministros
1585 2731 1789 2828 Evangelii,
1814 2748 2062 2828 administrare

65 2824 397 2923 praehephogpffium
415 2829 597 2905 Ecclesiis:
636 2855 719 2902 nam
742 2832 788 2902 ad
810 2826 906 2902 hunc
923 2813 1030 2900 bnern
1078 2841 1315 2913 sacramenta,
1340 2831 1468 2920 punire
1490 2849 2062 2928 contumaeesexcommunicatio·

65 2929 223 3002 constitnit
248 2919 500 3022 'principaliter
513 2932 691 3024 imperia,
721 2944 761 3002 ut
783 2931 855 3002 sint
876 2926 1029 3022 hospitia
1077 2949 1142 3012 ne,
1166 2926 1300 2996 sineri
1324 2934 1510 3024 corporali,
1563 2935 1658 3008 Haec
1679 2943 1887 3030 gubernatio
1902 2957 2060 3040 pruden-

63 3019 226 3100 litclesiae.
292 3029 394 3103 Sicut
420 3047 536 3102 autern
559 3033 724 3124 coniugio
746 3031 850 3102 multi
871 3033 1029 3102 abutun-
1077 3042 1132 3098 ter
1161 3027 1393 3100 diicernflssda
1421 3037 1699 3126 08l2901523ffl2
1732 3056 1766 3113 el
1789 3047 1876 3114 5⁰0⁸
1896 3058 2061 3128 bonside·

65 3137 127 3214 tur,
147 3131 193 3201 sic
214 3132 321 3205 rnnlti
343 3155 440 3220 reges
464 3149 497 3206 et
511 3133 688 3225 principes
702 3134 901 3203 abutuntur
915 3131 1029 3226 impe-
1078 3127 1182 3199 randi
1197 3141 1291 3204 sunt.
1343 3129 1439 3203 Haec
1455 3138 1544 3226 regit
1559 3163 1632 3208 non
1648 3155 1784 3212 tantum
1805 3161 1965 3223 externos
1983 3181 2060 3228 mo-

65 3227 128 3312 riis‚
157 3233 293 3306 iaciunt
323 3231 473 3302 iniustas
503 3233 642 3317 caedes,
674 3233 817 3323 rapiunt
847 3232 1029 3306 iacultates
1078 3251 1151 3312 res,
1177 3233 1237 3300 sed
1262 3233 1363 3302 docet
1385 3236 1490 3306 corde
1511 3241 1677 3310 iuvocare
1698 3241 1834 3332 Deum,
1861 3263 1894 3320 et
1916 3269 2059 3332 aeterna

64 3329 285 3420 subditorum,
309 3333 384 3402 sine
400 3335 507 3402 modo
522 3334 709 3423 indulgent
723 3331 942 3402 libidinibus.
1076 3330 1172 3400 bona
1196 3331 1353 3420 impertit
1375 3335 1460 3426 piis,
1492 3337 1598 3407 etiam
1622 3365 1702 3410 cum
1725 3346 1832 3416 vitam
1856 3364 1890 3422 et
1912 3353 2059 3448 imperia

147 3433 235 3503 Cum
254 3433 302 3504 ita
319 3450 521 3524 grassantur
537 3435 576 3504 in
592 3434 748 3524 imperiis
762 3435 1026 3524 gubernatores,
1077 3431 1263 3518 emittunt,
1295 3434 1385 3504 sicut
1408 3431 1541 3522 David,
1573 3463 1774 3534 quanquam
1800 3472 1964 3525 excussus
1987 3474 2083 3534 erat·

64 3525 140 3602 Deus
165 3557 222 3604 ρος
252 3533 402 3620 exeniis,
426 3549 460 3606 et
482 3558 588 3626 regna
613 3535 791 3607 transfert.
847 3529 939 3604 Nam
962 3531 1027 3604 hae
1078 3553 1208 3620 regno,
1234 3545 1350 3603 tamen
1373 3535 1503 3610 sciebat
1523 3561 1559 3608 se
1581 3539 1691 3610 aDeo
1713 3559 1830 3634 petere
1853 3553 1981 3626 debere
2002 3584 2060 3630 re-

65 3651 180 3722 mp„
201 3636 348 3706 summ
372 3657 494 3706 caus„
519 3633 769 3708 mmmmm,-
825 3629 940 3728 cyrus
960 3659 1028 3725 pu.
1077 3631 1279 3701 missionem
1302 3649 1545 3726 peccatorum,
1570 3655 1606 3712 et
1627 3657 1807 3734 expectare
1827 3653 1997 3728 auxilium
2020 3661 2059 3732 in

64 3729 137 3802 nivit
160 3731 356 3832 Astyagen,
391 3737 453 3830 qni
481 3735 592 3805 filium
626 3736 836 3806 vescendum
861 3733 1026 3827 Hapargo
1076 3734 1319 3824 praesentibus
1335 3740 1524 3809 aemmnii·

64 3835 263 3920 praebuerat.
314 3835 500 3906 Persarum
519 3836 698 3906 saevitiam
715 3835 856 3928 punivit
873 3831 1028 3906 Alexan·
1179 3831 1230 3903 Ῑῑθ
1255 3860 1350 3908 1111111
1372 3840 1583 3926 sentiamus,
1606 3866 1685 3913 ⁰⁰¹⁰
1705 3849 2057 3950 οΡΡ1ἷ1111111111η1ἷῐ3

64 3931 127 4018 der,
148 3937 275 4008 deinde
296 3937 526 4029 petulantiam
545 3935 764 4006 Graecorum
779 3933 937 4008 Romani
960 3959 1028 4028 pu·
1077 3931 1223 4022 T¹¹r⁰l⁸s
1247 3960 1320 4006 ‘¹⁰¹¹
1343 3953 1526 4031 ΡῑθΡῑθΐθθ
1550 3945 1713 4016 deficiam
1729 3973 1747 4018 ὃ
1764 3945 1856 4036 13⁸⁰,
1880 3963 2058 4052 (111011110-

65 4033 198 4113 ninnnt.
256 4037 441 4111 Romanae
464 4037 660 4108 nobilitatis
685 4038 892 4132 tyrannides
914 4035 1028 4108 lulius
1076 4035 1170 4106 litias
1185 4037 1390 4112 amiserunt.
1441 4038 2058 4142 8111111115υάεεεετεευυωοοε-

65 4136 194 4220 punivit.
245 4137 372 4211 Postea
395 4139 538 4209 crebrae
563 4139 773 4208 mutationes
797 4138 907 4208 iactae
932 4150 1028 4208 sunt.
1076 4136 1181 4218 leste,
1206 4135 1441 4210 ministerium
1459 4142 1577 4228 verbi,
1602 4145 1722 4234 puniri
1739 4171 1804 4225 nos
1817 4174 2057 4248 agnoscamus,

63 4227 97 4303 Et
119 4237 262 4332 imperia
286 4244 331 4312 ad
355 4253 549 4311 extremum
574 4241 654 4331 plus
678 4238 896 4310 confusionis
920 4233 1027 4309 habi·
1076 4237 1205 4327 ereptis
1226 4241 1418 4308 commodis
1440 4265 1647 4334 corporum,
1675 4263 1708 4318 et
1731 4272 1796 4320 nos
1812 4257 1920 4326 verbo
1937 4255 2002 4332 Dei
2018 4267 2055 4349 in

61 4345 123 4408 mm
139 4355 231 4417 sum·
1075 4331 1133 4436 bis
1156 4339 1334 4408 aernmnis
1357 4353 1601 4416 sustentemus.
1652 4346 1723 4418 Hic
1743 4351 1917 4428 discamus
1936 4359 2057 4434 Evan-

145 4443 197 4512 ΑΕ
227 4427 319 4512 im
347 4438 495 4534 imperpa
522 4451 605 4510 ,unp
626 4436 795 4508 benefici„
818 4436 901 4511 Dei,
950 4435 1027 4534 Ty.
1076 4437 1206 4528 gelium
1222 4461 1295 4508 esse
1313 4441 1547 4513 ministerium
1565 4447 1730 4536 spiritus,
1757 4451 1793 4522 id
1811 4467 1881 4541 est,
1907 4482 1980 4531 non
1996 4489 2056 4536 es.

64 4541 211 4612 rannides
236 4566 321 4611 vero
345 4540 519 4612 admixtae
540 4539 795 4630 permittuntur
814 4543 859 4608 ad
877 4553 1027 4632 tempus,
1076 4554 1211 4609 ternam
1228 4541 1405 4629 politiam,
1430 4545 1490 4613 sed
1504 4549 1780 4620 consolationem
1797 4561 1943 4647 mentis,
1965 4588 2055 4657 quae

65 4653 96 4708 nt
109 4643 170 4713 sint
186 4665 320 4734 poenae
338 4641 508 4712 scelerum
522 4640 669 4723 mundi,
695 4639 785 4709 sicnt
798 4640 1028 4732 pestilentiae,
1076 4652 1216 4709 aeterna
1231 4641 1323 4711 bona
1340 4641 1517 4735 impertit,
1543 4660 1584 4716 ut
1596 4646 1733 4733 David,
1758 4651 1957 4744 Manassae,
1980 4689 2055 4740 uon

66 4755 114 4811 ,ut
130 4743 289 4814 incendia
308 4743 465 4814 fortuita.
518 4739 603 4814 Ideo
625 4740 712 4812 dicit
725 4737 911 4812 Salomon:
936 4739 1028 4810 Pro-
1076 4741 1268 4810 amiserunt
1285 4742 1519 4814 ministerium
1536 4746 1702 4838 spiritus,
1727 4753 1833 4824 etiam
1849 4783 1929 4831 cum
1946 4787 2055 4856 regno

66 4850 129 4928 pter
148 4857 285 4936 peccata
302 4843 447 4938 populi,
474 4843 674 4914 multisunt
691 4841 888 4934 principes,
913 4839 1028 4928 idest,
1076 4840 1212 4932 expulsi
1226 4856 1337 4916 erant.
1378 4841 1474 4914 Haec
1489 4848 1685 4920 admonitio
1700 4859 1959 4933 necessaria-est
1971 4890 2055 4955 pro-

66 4941 187 5013 rrthrae
214 4944 428 5015 mutationes
453 4943 684 5036 imperiorum
706 4939 817 5030 liunt,
850 4941 1029 5016 nectunt
1075 4954 1155 5034 pter
1177 4963 1256 5026 eos,
1280 4943 1341 5035 qni
1364 4958 1500 5015 tantum
1521 4947 1686 5022 llorentes
1703 4955 1842 5042 politias
1859 4960 2057 5052 imaginari.

66 5045 257 5115 mutationes
284 5044 361 5114 sine
391 5045 529 5134 magnis
555 5044 733 5124 cladibus,
765 5056 806 5113 nt
835 5043 1028 5114 ostendunt
1076 5055 1135 5112 tur
1150 5043 1320 5132 populum
1334 5041 1401 5114 Dei
1420 5069 1509 5129 esse,
1533 5049 1623 5119 sicot
1637 5049 1767 5139 Tucci,
1789 5071 1823 5127 et
1839 5060 2055 5142 deductrina

67 5144 249 5226 quotidiana
279 5148 449 5238 exempla.
507 5139 555 5216 lit
584 5143 769 5216 ecclesiast.
794 5143 853 5218 10.
875 5142 1026 5221 dicitur:
1077 5143 1235 5213 iudicant
1257 5168 1297 5216 ex
1318 5147 1460 5228 fortuna
1483 5149 1705 5240 palimarum,
1728 5158 1824 5249 quod
1848 5184 1920 5234 non
1938 5173 2055 5240 estfa-

67 5231 210 5332 lltgnum
235 5258 378 5342 algente
403 5247 441 5315 in
462 5235 601 5338 gentem
621 5243 851 5348 transfertur,
884 5257 1028 5338 Pl⁰P¹⁶¹
1076 5242 1253 5355 diadum·
1355 5339 1440 5420 25.
