4620 5814
51 207 112 284 ste
168 223 172 230 ·
266 197 350 280 xtt.
400 193 798 310 Annonartonns
823 187 900 274 ΕΤ
917 191 1202 274 CONClONES
1238 193 1290 267 ΙΝ
1321 191 1504 274 EVANG.
1528 192 1811 276 ΜΑΤΤΗΑΕΙ.
1982 197 2058 273 570

52 372 172 471 loseph,
197 369 331 461 David,
364 384 436 444 tres
459 365 531 441 viri
552 370 592 440 in
613 371 760 442 fornace
779 367 1010 466 Babylonica.
1160 366 1363 454 Praeterea,
1389 367 1495 440 etiam
1517 392 1598 439 cum
1621 369 1714 439 veris
1737 371 1850 441 causis
1873 371 2055 444 lacessitus

52 481 122 554 ltem
137 476 184 546 illi
198 476 313 562 etiam,
335 474 396 569 qui
412 496 492 544 cum
508 495 583 544 nort
596 472 669 544 sint
683 473 902 560 innocentes,
922 465 1009 542 hae·
1059 471 1152 542 iuste
1168 467 1341 554 irasceris,
1362 483 1479 540 tamen
1495 471 1603 542 debes
1618 466 1785 542 cohibere
1802 473 1975 566 privatam
1991 499 2054 546 cu·

51 577 113 656 rent
124 581 158 649 in
172 577 311 669 poenis,
337 587 371 646 et
387 574 604 665 castigantur
618 589 764 666 propter
780 596 843 645 sua
859 587 1010 667 peccata,
1060 571 1244 665 piditater'n
1264 571 1454 644 vindictae.
1507 569 1602 660 Quia
1619 571 1717 646 Deus
1740 574 1856 644 sanxit
1877 575 2053 667 ordinem,

51 699 161 756 utrum
177 681 280 764 fures,
302 673 501 748 homicidae
516 691 551 748 et
566 676 629 746 alii
643 675 803 747 scelerati
819 675 1010 768 rapiuntur
1059 686 1100 744 ut
1117 673 1188 744 sint
1202 674 1315 762 leges,
1339 673 1473 744 iudices
1487 687 1520 743 et
1537 675 1710 764 regimina
1728 699 1790 747 seu
1814 678 2053 766 magistratus,

51 787 83 855 ad
96 780 271 873 supplicia,
295 779 324 849 si
342 793 462 850 tamen
479 790 732 848 convertantur
752 778 798 848 ad
812 774 948 870 Deum,
974 788 1010 847 et
1060 770 1117 846 bis
1134 775 1283 846 subiecit
1302 797 1412 864 genus
1430 770 1648 867 humanum,
1676 776 1720 846 ad
1743 772 1809 848 hos
1824 780 1901 850 vult
1925 781 2053 850 confu-

50 882 299 956 coosolationem
314 879 527 970 concipiant,
541 905 582 950 ac
595 880 781 970 erigantur
793 877 923 950 fiducia
933 899 1008 948 rne-
1060 899 1152 968 gere,
1179 890 1297 970 petere
1313 876 1566 959 defensionem,
1593 879 1809 970 praesidium
1826 895 1860 952 et
1875 882 2052 952 executio·

50 984 171 1056 diatoris
184 977 317 1054 Christi
331 980 490 1074 exemplo
506 981 682 1054 emendati
704 981 854 1076 latronis
872 981 913 1050 in
927 1003 1008 1051 cru-

50 1115 92 1174 ce,
113 1083 211 1174 Regis
225 1081 432 1168 Manassm,
455 1095 491 1154 et
506 1078 706 1176 Prophetae
726 1080 876 1155 Davidis
891 1094 956 1158 etc.

127 1184 176 1257 De
190 1185 336 1275 singulis
350 1179 466 1254 bisin
482 1183 579 1256 luctu
598 1184 654 1254 vel
677 1207 837 1256 moerore
860 1183 1008 1255 iacenti·

48 1290 99 1360 bus
119 1289 217 1358 modo
236 1287 308 1358 sint
329 1285 490 1356 conversi
503 1288 547 1357 ad
563 1285 691 1371 Deum,
714 1300 749 1356 et
764 1285 1007 1378 confugientes

48 1392 82 1458 ad
95 1383 262 1460 Christum
283 1388 507 1482 acquiescant
528 1389 618 1479 lide,
644 1401 738 1459 certa
759 1400 866 1459 estet
887 1400 1009 1458 manet

48 1515 111 1560 vera
131 1486 209 1560 baec
230 1491 373 1580 regula,
404 1489 616 1581 promittens
637 1489 850 1561 levationem
876 1489 1008 1560 saluta-

49 1615 120 1660 rem:
143 1590 237 1662 Beati
263 1591 326 1684 qui
340 1589 489 1680 lugent,
517 1591 599 1684 quia
623 1591 903 1663 consolationem
925 1612 1009 1661 sen-

49 1693 130 1766 tiunt.
178 1689 228 1763 Ac
254 1691 427 1762 referatur
452 1695 495 1763 sd
520 1717 640 1764 rocem
666 1694 877 1765 iuramenti:
912 1689 1006 1764 Vivo

50 1815 110 1883 rgo,
132 1793 209 1865 dicit
223 1785 420 1876 Dominus,
446 1794 531 1864 nolo
547 1807 695 1866 mortem
712 1793 922 1887 peccatoris,
945 1795 1007 1866 sed

49 1909 79 1963 nt
95 1910 307 1968 convertatur
327 1910 362 1967 et
383 1897 490 1978 rien.
543 1893 631 1965 Item
657 1891 784 1967 Esaiae
801 1895 882 1968 66.:
933 1893 1004 1968 Ubi

51 1990 191 2069 habitabit
209 1996 412 2069 Dominus?
438 1995 480 2065 ln
504 1996 632 2088 spiritu
656 1999 811 2069 contrito
834 2013 869 2070 et
891 1997 1007 2069 tribis-

49 2096 118 2179 lato,
146 2113 179 2169 et
207 2111 382 2170 tremente
414 2119 593 2168 sermones
625 2096 759 2170 meon'
792 2097 879 2170 ltem
907 2098 1007 2171 Psal-

50 2219 94 2264 mo
106 2196 177 2268 tt:
227 2198 451 2271 Sacrificium
466 2199 542 2272 Deo
562 2197 718 2291 Spiritus
734 2200 1007 2293 contribulatus,

49 2321 94 2367 cor
112 2301 294 2373 contritum
317 2313 351 2370 et
373 2297 599 2374 humiliatum
614 2296 711 2372 Dens
729 2325 804 2372 non
825 2302 1008 2394 despicies.

49 2393 83 2468 n
99 2415 245 2473 sumatur
264 2395 325 2471 hic
339 2403 530 2475 declaratio
554 2426 596 2473 ex
619 2402 754 2494 integra
773 2403 1008 2496 explicatione

49 2501 131 2572 totius
146 2503 329 2577 doctrinae
342 2506 388 2572 de
400 2528 512 2575 cruce.

110 2677 216 2749 Beots'
235 2679 371 2764 mites,
399 2682 488 2770 qus‘n
501 2677 742 2775 possidebunt
759 2688 913 2754 terram.

125 2807 242 2894 Miles,
280 2809 317 2876 id
350 2823 422 2894 est,
455 2833 528 2880 non
558 2813 681 2908 cupidi
700 2814 910 2899 mindictae,
942 2835 1008 2883 nec

47 2906 192 2979 laedentes
209 2911 301 2980 alios
317 2911 510 3002 cupiditate
526 2914 684 3004 privatae
701 2915 891 3001 vindictae,
906 2915 1009 2990 sicot

45 3008 167 3096 plurima
195 3011 493 3101 perniciosissima
521 3014 612 3084 bella
643 3032 835 3089 moventur
862 3030 1008 3110 propter

46 3112 241 3199 mpiditatem
280 3113 469 3189 vindictae.
527 3114 559 3184 E
592 3119 771 3188 contrario
805 3117 921 3188 David
956 3133 1008 3191 est

46 3229 218 3284 mansuetus
237 3239 300 3284 seu
324 3215 436 3300 mitis,
461 3217 497 3284 id
522 3231 590 3301 est,
616 3243 690 3288 non
715 3221 866 3310 cupidus
887 3221 1007 3290 vindi-

48 3324 118 3397 ctae,
140 3339 215 3384 cum
234 3338 340 3407 saepe
363 3331 479 3408 posset
494 3316 636 3390 Saulem
660 3321 873 3406 interficere,
900 3338 933 3394 et
956 3323 1007 3392 ci·

48 3411 140 3484 viliter
153 3417 353 3510 loquendo,
382 3415 527 3491 baberet
542 3420 597 3491 ins
613 3422 841 3494 interimendi
858 3418 1007 3510 bostem,

47 3525 137 3586 tamen
155 3543 338 3612 nunquam
362 3519 478 3591 voluit
498 3522 677 3610 occidere,
704 3548 749 3594 ne
763 3524 925 3598 videlicet
943 3550 1007 3596 au·

47 3629 87 3684 tor
105 3639 183 3692 esset
205 3621 291 3691 novi
315 3622 464 3710 exempli
487 3645 548 3692 sen
564 3627 720 3694 scandali
736 3627 926 3719 rapiendae
941 3630 1007 3698 do-

47 3717 221 3790 minationis
245 3724 284 3791 in
307 3723 441 3813 populo
461 3723 548 3809 Dei,
573 3725 603 3794 si
629 3729 788 3817 privatus
805 3729 860 3797 vel
882 3730 1006 3802 subdi-

47 3829 87 3884 tus
105 3823 277 3894 diceretur
296 3825 510 3896 interfecisse
526 3849 642 3917 regem
660 3829 895 3900 ordinarium.
946 3829 1005 3900 Sic

48 3923 214 4012 exemplum
249 3919 390 4017 losepbi
426 3927 603 3998 mitissimi
639 3927 864 4002 Patriarchae
898 3933 1004 4004 etiam

46 4019 135 4112 pingit
151 4023 240 4096 banc
256 4037 366 4097 totam
382 4029 591 4100 doctrinam.

122 4123 207 4197 Cum
228 4142 346 4200 antem
369 4131 561 4200 acerrimus
581 4133 733 4224 impetus
754 4146 788 4210 et
803 4133 928 4224 ingens
946 4133 1006 4204 in-

47 4227 181 4296 cendium
211 4231 259 4300 sit
288 4228 326 4297 in
351 4229 479 4299 animis
509 4227 696 4304 hominum
727 4236 902 4326 cupiditas
924 4237 1006 4306 vin-

48 4321 150 4412 dictae,
181 4355 223 4400 eo
256 4330 391 4400 maiore
416 4334 644 4405 contentione
672 4330 757 4406 huic
783 4337 923 4407 affectui
949 4337 1006 4406 're-

48 4443 230 4516 pugnamns,
259 4431 388 4501 muniti
406 4435 514 4503 verbo
536 4447 572 4504 et
593 4436 724 4507 auxilio
739 4435 882 4522 divino,
908 4440 1004 4508 iuxta

48 4544 241 4620 praeceptum
272 4531 376 4602 Pauli
403 4531 512 4606 Rom.
542 4539 617 4610 tn:
670 4535 751 4607 Non
787 4541 1005 4610 vindicantes

49 4633 232 4722 vosmetipsi.
284 4629 420 4727 Estque
442 4637 598 4709 vindicta
621 4639 755 4730 privata
779 4645 898 4710 severe
922 4665 1004 4734 pro·

49 4717 146 4801 hibita.
184 4731 283 4825 Ergo
299 4737 523 4812 manifestum
539 4753 591 4810 est
609 4741 767 4831 singulos
779 4742 1005 4835 quotiescun·

49 4847 98 4938 qne
110 4832 343 4908 incenduntur
358 4839 428 4923 ira,
453 4842 580 4910 ardent
598 4843 691 4914 odiis
707 4858 739 4912 et
756 4844 1004 4916 malevolentia

51 4930 171 5022 iniuste,
202 4939 295 5008 sicut
318 4937 425 5020 Gaio,
458 4942 586 5012 debere
620 4941 685 5020 bos
708 4945 854 5019 affectus
883 4960 1003 5017 contra

51 5036 268 5112 crementiam
291 5035 475 5112 haerentes
495 5044 691 5135 deponere,
715 5071 782 5118 nec
796 5049 869 5123 irae
885 5061 919 5120 et
941 5072 1003 5117 cn-

49 5131 160 5216 piditati
180 5142 357 5214 vindictae
380 5167 513 5214 morem
534 5168 672 5236 gerere,
694 5151 889 5220 secundum
915 5173 1004 5240 gno-

50 5251 110 5304 men
130 5263 213 5334 qnae
238 5257 330 5318 extat
353 5245 391 5316 in
416 5241 586 5318 lobannis
609 5247 787 5341 Epistola:
823 5251 896 5342 Qui
919 5253 1002 5324 odio

51 5343 238 5435 lttsequitur
254 5347 397 5421 fratrem
415 5369 538 5438 snum,
564 5363 613 5422 est
631 5346 819 5425 homicida.

993 5443 997 5454 s

1059 1003 1140 1048 nem
1157 1003 1371 1071 poenarum,
1395 1003 1434 1049 ac
1450 979 1595 1048 interim
1610 993 1644 1050 te
1659 978 1757 1066 Deo„
1785 981 1922 1072 legibus
1940 1007 1979 1052 ac
1994 983 2051 1052 iu-

1059 1081 1200 1152 dicibus
1221 1105 1305 1151 vcro
1326 1080 1447 1150 animo
1473 1081 1597 1151 cedere
1621 1080 1833 1168 vindictam,
1870 1108 1934 1154 nec
1957 1085 2051 1154 alere

1059 1183 1237 1275 privatum
1264 1182 1397 1255 odium.
1456 1183 1676 1273 Adiungitur
1706 1185 1824 1278 itaque
1850 1185 2051 1276 promissio,

1058 1307 1149 1378 quae
1176 1285 1379 1354 consolatur
1408 1285 1539 1356 iniuste
1570 1309 1770 1378 oppressos:
1805 1283 1906 1358 Beati
1938 1288 2053 1374 mites,

1059 1386 1142 1480 quia
1161 1386 1391 1477 possidebunt
1418 1399 1562 1459 terram.
1614 1385 1715 1476 Quae
1731 1388 1875 1482 quidem
1898 1392 2051 1480 promis-

1057 1488 1112 1559 sio
1134 1487 1264 1557 clarius
1293 1487 1506 1578 intelligitur
1532 1491 1750 1560 considerata
1773 1487 1964 1578 antithesi,
1999 1506 2052 1562 est

1059 1587 1155 1660 enim
1171 1589 1332 1681 opposita
1350 1585 1516 1660 humanis
1541 1590 1693 1661 iudiciis.
1747 1589 1880 1681 Reges,
1907 1591 2049 1662 Princi-

1058 1713 1119 1785 pes
1145 1705 1180 1763 et
1201 1690 1331 1784 privati
1358 1715 1421 1762 seu
1451 1693 1661 1762 inferiorum
1693 1693 1860 1764 ordinum
1886 1689 2050 1765 homines

1058 1793 1231 1883 cogitant,
1277 1815 1314 1862 se
1347 1808 1596 1864 consecuturos
1629 1795 1843 1886 potentiam,
1891 1797 2072 1888 imperia,

1058 1895 1259 1984 dignitates,
1285 1888 1469 1966 habituros
1485 1919 1673 1975 successus,
1699 1897 1860 1986 gloriam,
1880 1913 1913 1968 et
1929 1899 2048 1968 incre·

1057 2010 1176 2066 menta
1190 1997 1426 2081 fortunarum,
1445 1998 1475 2065 si
1489 1997 1733 2066 formidabiles
1746 1997 1939 2070 videantur
1951 2024 2050 2070 acer-

1058 2098 1167 2169 bitate
1187 2097 1383 2183 vindictae,
1417 2098 1447 2166 si
1470 2113 1631 2191 premant
1658 2113 1691 2168 et
1716 2099 1925 2170 conculcent
1947 2102 2047 2182 alios.
2141 2129 2145 2136 ·

1058 2195 1108 2270 At
1132 2211 1256 2269 contra
1278 2193 1441 2270 Christus
1470 2199 1646 2292 promittit
1677 2225 1750 2269 non
1779 2201 2049 2292 indulgentibus

1058 2301 1216 2393 privatae
1231 2299 1409 2370 vindictae
1431 2301 1732 2371 conservationem
1754 2303 1858 2373 etiam
1882 2305 1921 2372 in
1943 2318 2049 2388 terra,

1059 2403 1107 2474 ita
1124 2415 1165 2473 ut
1177 2401 1300 2472 deletis
1315 2404 1476 2498 tyrannis
1500 2403 1553 2473 illi
1572 2405 1715 2474 tandem
1732 2405 1803 2476 sint
1820 2407 2048 2481 dominaturi.

1157 2499 1351 2595 Exempla,
1382 2517 1424 2575 nt
1450 2503 1565 2576 David
1599 2500 1761 2576 evehitur
1794 2508 1836 2576 ad
1870 2509 2064 2599 fastigiumx

1060 2604 1180 2694 regni,
1213 2607 1442 2698 quantumvis
1472 2605 1637 2678 atrociter
1669 2608 1845 2677 saeviente
1875 2608 1982 2681 Saule
2015 2623 2050 2680 et

968 2776 971 2782 f
1059 2704 1203 2777 caeteris
1215 2701 1377 2778 hostibus
1392 2708 1523 2805 impiis.
1573 2707 1680 2778 Iacob
1695 2725 1855 2781 servatur
1870 2725 1903 2781 et
1917 2713 2049 2800 tegitur

1059 2806 1254 2899 divinitus,
1281 2810 1417 2880 etiamsi
1441 2811 1576 2901 cogitur
1598 2810 1807 2903 aliquandiu
1830 2813 1950 2902 fugere
1972 2835 2048 2882 sae·

1059 2907 1439 2997 ffimfflfflffim

1162 3007 1289 3102 loseph
1305 3011 1343 3083 bt
1357 3013 1522 3084 dominus
1546 3014 1704 3084 omnium
1722 3039 1868 3086 suorum
1885 3017 2048 3096 fratrum,

1058 3116 1296 3202 respondente
1327 3130 1456 3185 eventu
1486 3115 1558 3184 suis
1585 3117 1750 3202 somniis,
1786 3141 1891 3210 quem
1923 3120 2048 3186 fratres

1057 3215 1480 3314 moliebantur'omnibus
1495 3217 1629 3286 viribus
1641 3217 1825 3315 impedire.
1855 3217 1930 3288 lmo
1946 3244 2047 3309 prae*

1057 3317 1175 3388 ficitur
1189 3341 1229 3386 ac
1246 3317 1395 3407 imperat
1409 3319 1512 3386 etiam
1532 3313 1616 3386 bero
1636 3341 1699 3387 suo
1718 3334 1751 3390 et
1771 3315 1876 3390 herili
1892 3323 2049 3412 coniugi,
2158 3311 2160 3318 ’

1057 3417 1120 3513 qui
1136 3433 1345 3488 curaverant
1359 3441 1437 3489 eum
1457 3420 1585 3488 coniici
1602 3420 1640 3488 in
1658 3443 1846 3492 carcerem.

1160 3517 1277 3589 David
1296 3535 1414 3591 manet
1429 3521 1613 3606 dominus,
1642 3534 1676 3591 et
1689 3525 1821 3594 retinet
1835 3524 1972 3614 regium
1992 3526 2047 3594 lo-

1058 3645 1137 3692 cum
1172 3643 1278 3713 sopra
1312 3644 1435 3693 omnes
1462 3621 1644 3714 Principes
1676 3650 1714 3694 ac
1748 3650 1909 3714 proceres
1936 3628 2047 3716 regni,

1058 3723 1219 3817 quamvis
1241 3723 1402 3818 plerique
1426 3726 1668 3817 conspirantes
1695 3743 1909 3799 conarentur
1926 3730 1963 3799 vi
1980 3754 2046 3819 op-

1058 3847 1175 3917 presso
1190 3847 1337 3916 regnum
1356 3827 1501 3918 eripere.

1056 3999 1167 4070 Beati
1196 4003 1259 4091 qui
1288 4001 1459 4070 esuriunt
1488 4005 1529 4068 et
1551 4000 1688 4068 sitiunt
1719 4001 1930 4087 iusticiam,
1958 4005 2047 4092 quia

1409 4096 1697 4172 saturabuntur.

1158 4223 1306 4300 Esurire
1330 4244 1364 4301 et
1389 4230 1487 4302 sitire
1511 4231 1708 4316 iusticiam,
1743 4248 1794 4303 est
1814 4258 1899 4302 vero
1921 4235 2045 4305 dolore

1056 4331 1147 4402 affici
1172 4346 1206 4401 et
1223 4333 1303 4422 angi
1322 4346 1466 4425 propter
1489 4335 1668 4426 propriam
1693 4336 1952 4420 infirmitatem,
1979 4339 2047 4406 im·

1056 4433 1287 4518 munditiem,
1321 4436 1435 4519 labes,
1464 4435 1583 4526 lapsus
1606 4450 1711 4528 atque
1736 4453 1893 4527 peccata,
1921 4454 1956 4510 et
1977 4439 2046 4510 lide

1056 4559 1076 4605 a
1091 4531 1167 4605 Deo
1183 4551 1299 4626 petere
1316 4536 1575 4621 remissionem,
1602 4537 1879 4608 consolationem
1894 4565 1933 4608 ac
1951 4542 2047 4610 salu-

1057 4651 1166 4708 tarem
1183 4638 1475 4723 emendationem,
1494 4653 1534 4709 ut
1550 4637 1679 4723 David,
1707 4637 1884 4726 Manasse,
1907 4637 2047 4728 Petrus,

1056 4740 1147 4809 latro
1176 4737 1214 4806 in
1242 4762 1362 4825 cruce,
1400 4754 1586 4834 postquam
1619 4743 1833 4812 consternati
1864 4743 2046 4833 agnitione

1056 4842 1128 4909 irae
1145 4835 1213 4910 Dei
1228 4842 1395 4912 adversus
1411 4866 1472 4912 sua
1490 4859 1637 4933 peccata,
1665 4856 1698 4914 et
1715 4867 1790 4915 sese
1803 4847 2045 4930 emendantes,
2123 4867 2126 4876 ’

1055 4964 1138 5012 vere
1171 4941 1333 5014 esuriunt
1363 4967 1402 5013 ac
1434 4944 1559 5015 sitiunt
1589 4945 1782 5033 iusticiam,
1816 4946 2046 5035 experiuntur

1056 5044 1200 5113 uberem
1224 5057 1259 5114 ct
1281 5045 1455 5115 efficacem
1480 5043 1778 5130 consolationem,
1813 5049 2045 5138 quemadmo-

1054 5147 1139 5214 dum
1165 5141 1381 5242 pollicentur
1399 5143 1485 5216 baec
1504 5149 1613 5223 dicta:
1651 5143 1858 5222 Esurientes
1883 5149 2045 5242 implevit

1053 5245 1169 5330 bonis,
1190 5271 1230 5317 ac
1244 5247 1371 5318 divites
1383 5249 1523 5320 dimisit
1538 5240 1673 5324 inanes.
1725 5251 1815 5321 ltem
1830 5243 2044 5324 Esaiae66.:

1053 5346 1125 5422 Ubi
1142 5342 1317 5424 habitabit
1326 5347 1528 5421 Dominus?
1554 5351 1595 5424 ln
1612 5353 1746 5446 spiritu·
1754 5353 1908 5424 contrito
1922 5367 1959 5422 et
1977 5353 2042 5423 tri-
