4620 5814
61 215 128 291 438

100 381 188 456 Loci
209 378 403 480 praecipui.

201 506 248 596 Ι.Ι
309 518 365 592 De
381 515 601 589 confessione
620 514 813 590 doctrinae.

198 622 247 696 Il.
315 621 486 694 Doctrina
496 615 670 708 Stephani
686 621 730 689 de
744 641 854 706 regno
871 613 1037 688 Messias.

197 723 265 798 Ill.
318 721 504 794 Revelatio
537 717 673 793 Christi
704 720 885 811 regnantis
922 719 1038 810 palam

256 828 348 898 facta
363 817 558 915 Stephano.

203 925 292 1000 llll.
320 925 375 998 De
392 925 553 1017 passione
569 919 756 1016 Stephani.

203 1029 250 1104 V.
314 1023 529 1119 Exemplum
560 1027 774 1122 precationis
809 1023 965 1098 directae
993 1023 1039 1094 ad

256 1125 451 1203 Christum.

153 1262 304 1356 Semper
324 1263 397 1334 duo
415 1259 688 1335 considerentur
706 1263 744 1334 in
766 1256 927 1333 historiis
949 1259 1040 1332 San·

57 1381 207 1438 ctornm:
230 1387 339 1454 genus
352 1364 536 1436 doctrinae
552 1367 646 1456 quod
664 1367 894 1450 confitentur3
911 1364 1040 1434 deinde

56 1469 120 1540 vita
136 1482 172 1540 et
186 1489 315 1538 mores.
354 1465 529 1537 Doctrina
545 1479 580 1536 et
593 1467 771 1540 invocatio
787 1465 857 1538 Dei
874 1465 1042 1536 discernit

57 1572 128 1660 pios
144 1571 192 1638 ab
208 1564 372 1638 Ethnicis
389 1567 519 1638 virtute
534 1570 722 1659 praeditis:
748 1582 782 1639 et
796 1567 979 1638 sententiis
1001 1590 1041 1636 ac

58 1669 257 1764 testimonio
287 1669 530 1738 confitentium
561 1669 781 1758 doctrinam,
815 1669 977 1740 eruditur
1007 1680 1042 1738 ct

59 1773 281 1842 confirmatur
313 1767 488 1840 Ecclesia:
523 1772 709 1862 praecipue
741 1771 836 1840 enim
869 1773 918 1841 ob
950 1765 1043 1840 hanc

58 1895 195 1942 causam
217 1873 263 1942 ab
284 1871 388 1941 initio
403 1871 501 1940 missi
525 1887 609 1942 sunt
624 1867 822 1966 Prophetae
840 1885 874 1943 ct
891 1871 954 1940 alii
976 1873 1042 1941 do-

61 1987 183 2052 ctores,
206 1973 269 2067 qui
286 1973 395 2043 variis
413 1974 664 2042 certaminibus
681 1989 716 2044 et
741 1974 907 2065 periculis
930 1973 1042 2042 incla-

60 2087 224 2156 ruerunt,
247 2087 288 2145 ut
301 2069 370 2143 hoc
390 2075 497 2144 modo
513 2077 672 2144 doctrina
690 2077 841 2145 subinde
864 2075 1041 2145 instanra-

59 2189 152 2246 retur
165 2189 201 2244 et
218 2187 490 2266 propagaretur,
517 2189 549 2247 et
565 2177 697 2268 posteri
714 2177 817 2247 novis
831 2175 1043 2247 testimoniis

58 2277 360 2350 confirmarentur.

153 2391 218 2464 Sic
234 2406 269 2464 et
285 2391 448 2484 Apostoli
469 2407 641 2465 eteorum
659 2393 825 2486 discipuli
848 2393 943 2463 missi
962 2407 1044 2466 scant

59 2495 98 2562 ad
113 2494 335 2579 docendum,
361 2509 395 2565 et
420 2497 462 2564 ad
486 2497 669 2565 subeunda
687 2498 878 2567 certamina
900 2509 1045 2588 propter

58 2597 275 2682 doctrinam,
311 2605 352 2664 ut
385 2593 540 2672 Ecclesia
574 2597 793 2678 erudiretur,
834 2612 867 2668 et
899 2593 1045 2668 haberet

58 2710 144 2767 certa
161 2697 366 2767 testimonia
383 2699 574 2767 doctrinae.
629 2697 712 2769 ldco
734 2721 856 2767 eorum
877 2693 1045 2768 historiae

58 2799 335 2866 considerandae
363 2812 461 2884 scant,
493 2815 533 2870 ιιι
567 2799 738 2869 confessio
770 2822 892 2870 corum
923 2801 1046 2870 doceat

58 2921 135 2986 nos,
162 2923 242 2969 non
258 2912 299 2969 ut
314 2899 525 2971 invocentur
541 2895 683 2973 ethnico
699 2925 808 2974 more.

208 3089 301 3174 Quae
321 3087 390 3176 fuit
410 3092 517 3180 igitur
538 3089 691 3178 doctrina
713 3088 900 3178 Stephani?

156 3214 286 3286 Iudaei
307 3227 471 3285 accusant
490 3239 592 3298 eum,
615 3219 709 3309 quod
729 3228 851 3286 contra
874 3213 1045 3307 templum

58 3333 89 3389 et
104 3330 233 3389 contra
249 3314 361 3405 legem
378 3309 614 3407 blasphemias
631 3317 772 3387 dixerit.
812 3314 944 3406 Magna
961 3339 1046 3386 con-

55 3419 230 3491 troversia
246 3419 335 3502 suit,
359 3419 453 3488 etde
477 3417 517 3488 're
539 3419 700 3488 omnium
722 3416 894 3500 maxima,
920 3418 1048 3490 videli-

57 3537 108 3594 cet
129 3525 179 3592 de
203 3521 279 3610 lege
299 3516 388 3609 Dei,
415 3531 447 3590 et
472 3521 570 3590 cultu
587 3544 691 3614 quem
713 3519 935 3600 instituerat,
962 3517 1047 3590 haec

56 3623 263 3717 Stephanus
280 3621 366 3691 dicit
382 3618 457 3690 Deo
476 3621 678 3711 displicere,
704 3637 737 3692 et
754 3620 940 3691 interitura
964 3643 1048 3694 esse.

56 3721 153 3796 llaec
190 3722 385 3793 adversarii
417 3722 621 3794 iudicabant
650 3746 723 3793 esse
750 3721 898 3792 crimina
926 3734 1049 3792 coutra

55 3829 214 3918 primam
229 3825 406 3908 tabulam,
432 3819 635 3920 blasphema
650 3848 711 3918 sen
729 3819 922 3913 haeretica,
948 3826 1049 3894 dein·

57 3931 100 3998 de
117 3931 230 4000 ctiam
251 3927 432 3996 seditiosa:
459 3927 542 4018 quia
562 3919 649 3996 haec
665 3925 826 3995 doctrina
852 3925 1051 3996 distractio-

55 4053 137 4100 nem
156 4027 312 4100 faciebat
330 4029 430 4099 istius
450 4027 606 4118 politiae.
657 4023 804 4118 Semper
826 4026 981 4099 existunt
1002 4027 1051 4098 si·

55 4133 160 4202 miles
181 4129 444 4214 contentiones,
469 4129 607 4222 quoties
623 4125 717 4198 Deus
743 4129 906 4198 emendat
928 4125 1054 4200 Eccle-

56 4233 167 4318 siam,
201 4227 408 4326 hypocritac
429 4230 612 4300 clamitant
629 4231 763 4300 cultum
778 4225 846 4299 Del
863 4229 1053 4303 labetacta-

56 4333 107 4421 ri,
134 4333 319 4425 sapientes
335 4344 533 4427 queruntur
550 4325 700 4402 distrahi
718 4331 875 4423 imperia.

120 4527 221 4614 Quid
245 4527 353 4618 lpitrer
381 4513 572 4596 discendum
599 4532 648 4593 est
674 4547 720 4593 es·
746 4523 809 4594 lsac
829 4525 994 4624 Stephani

472 4607 640 4680 ttuorta?

164 4735 330 4809 Primum
353 4731 423 4806 hoc
446 4735 485 4806 in
509 4759 637 4828 genere
662 4737 837 4821 discatur,
871 4740 967 4832 qnod
993 4761 1056 4809 ne-

58 4865 157 4914 cesse
189 4838 237 4911 sit
263 4840 469 4909 mandatum
495 4843 540 4909 de
566 4840 786 4912 consessione
810 4839 883 4914 illis
906 4841 1058 4933 querelis

57 4945 251 5015 anteferre.
303 4939 423 5012 Grave
437 4941 570 5011 crimen
587 4957 658 5027 est,
682 4944 778 5035 quod
796 4942 918 5014 dicunt
933 4945 1058 5012 adver·

59 5047 147 5116 sarii
167 5043 303 5113 aboleri
325 5041 466 5112 anobis
488 5043 625 5116 cultum
640 5043 726 5129 Dei,
750 5057 783 5114 et
805 5045 942 5133 legibus
962 5044 1060 5114 laxa.

58 5149 107 5218 tis
144 5143 352 5216 confirmari
379 5145 571 5219 licentiam.
624 5143 743 5216 Grave
772 5160 824 5218 est
849 5160 884 5217 ct
909 5147 1059 5217 alterum

59 5250 226 5330 crimen,
249 5249 345 5338 quod
368 5247 522 5318 dicimur
539 5243 734 5318 distrahere
750 5243 907 5339 Respub.
926 5263 1060 5318 mutato

59 5370 202 5442 genere
214 5348 407 5438 doctrinae.
459 5345 527 5418 His
549 5347 831 5422 accusationibus
849 5345 957 5424 homo
980 5374 1061 5420 rno-

116 5455 306 5522 trenam.
324 5455 428 5522 Orsa.
455 5455 540 5526 Vos..
558 5449 654 5526 xlv.

599 203 683 286 xer.
733 191 1130 282 anuorarrorms
1155 195 1208 276 m
1232 129 1544 279 maneant:

2002 201 2077 280 tst

1088 373 1208 446 destos
1223 396 1297 444 noo
1314 383 1427 465 potest
1443 396 1518 443 non
1535 371 1691 460 moveri,
1716 373 1777 444 sed
1799 384 1917 448 tamen
1940 377 2085 448 aurete--

1089 477 1240 546 rendum
1270 489 1323 547 cst
1350 475 1557 546 mandatum
1587 475 1632 544 de
1659 475 1897 548 confessione:
1930 477 1970 551 Si
1994 481 2075 575 quis

1088 577 1270 667 negaverit
1297 601 1354 647 me
1383 600 1501 648 coram
1533 571 1759 660 hominibus,
1788 580 1924 671 negabo
1953 595 1987 652 et
2009 601 2074 674 ego

1088 704 1169 750 curn
1184 701 1303 749 coram
1325 692 1425 769 patre
1439 676 1593 749 coelesti.

1189 796 1373 883 Secundo,
1407 795 1567 868 doctrina
1589 795 1666 890 ipsa
1696 813 1938 888 cognoscatur.
1995 799 2076 876 Ste-

1088 895 1229 993 phanos
1245 902 1348 971 docet
1364 899 1455 971 ritus
1470 897 1594 990 templi
1610 922 1685 969 non
1705 923 1779 972 esse
1795 903 1913 975 cultus
1926 901 2013 989 Dei,
2039 920 2077 979 et

1089 1016 1194 1090 negat
1215 1000 1363 1072 ludaeos
1391 1001 1504 1072 iustos
1533 1022 1607 1070 esse
1635 1000 1730 1090 lege,
1761 1018 1866 1095 negat
1894 1020 2075 1097 peceatum

1090 1103 1169 1174 tolli
1191 1103 1347 1174 cultibus
1369 1102 1461 1188 illis,
1484 1101 1656 1194 praedicit
1671 1115 1706 1173 et
1723 1106 1846 1195 templi
1864 1108 2076 1179 destructio·

1090 1228 1191 1290 nem,
1216 1217 1251 1275 et
1270 1203 1444 1274 excidium
1466 1204 1575 1274 totius
1591 1204 1754 1294 politiae,
1780 1219 1821 1278 ut
1839 1210 2002 1280 ostendat
2017 1232 2076 1280 re·

1090 1329 1199 1397 gnum
1213 1303 1348 1378 Christi
1365 1327 1439 1375 esse
1453 1317 1635 1377 aeternum
1651 1329 1812 1396 regnum,
1829 1324 1864 1383 et
1879 1333 1954 1380 non
1968 1335 2077 1383 mun.

1090 1412 1219 1480 danem
1254 1407 1427 1500 politiam.
1489 1409 1532 1476 In
1566 1401 1631 1476 hac
1665 1409 1906 1500 disputatione
1938 1435 2077 1487 summa

1090 1506 1276 1600 Evangelii
1297 1501 1627 1601 comprehenditur:
1660 1511 1744 1601 quia
1766 1526 1869 1602 negat
1898 1515 2077 1586 sacrificiis

1091 1613 1170 1684 tolli
1188 1624 1337 1701 peccata,
1361 1611 1518 1682 ostendit
1533 1622 1677 1703 propter
1691 1609 1860 1684 Messinm
1875 1617 2003 1686 donari
2019 1641 2077 1688 re·

1091 1712 1296 1784 missionem
1328 1725 1570 1805 peccatorum,
1604 1712 1687 1805 quia
1712 1729 1816 1804 negat
1839 1715 1928 1788 ritus
1952 1718 2078 1810 templi

1092 1837 1165 1886 esse
1180 1815 1295 1887 cultus
1307 1813 1393 1902 Dei,
1421 1828 1593 1885 monstrat
1609 1815 1716 1900 alios,
1740 1817 1875 1890 scilicet
1890 1821 2079 1910 poeniten-

1091 1917 1200 2001 tiam,
1233 1917 1360 2002 iidem,
1397 1916 1677 2000 invocationem,
1717 1917 1884 1990 fiduciam
1914 1918 2078 2005 Messire,

1091 2042 1161 2109 qna
1185 2019 1347 2087 incoatur
1368 2017 1406 2085 in
1430 2017 1535 2086 nobis
1555 2039 1646 2090 nova
1662 2019 1741 2101 lux,
1765 2043 1859 2091 nova
1874 2021 2079 2097 ohedientia

1093 2133 1128 2192 et
1150 2119 1223 2188 vita
1248 2131 1409 2200 aeterna,
1440 2118 1531 2190 sicut
1552 2111 1714 2192 Christus
1738 2119 1874 2214 inquit:
1907 2120 2005 2196 Haec
2026 2142 2080 2198 est

1093 2221 1165 2291 vita
1196 2234 1358 2305 aeterna,
1391 2231 1432 2290 ut
1461 2233 1652 2308 agnoscant
1674 2234 1708 2292 te
1728 2221 1848 2294 Deum
1871 2247 2012 2313 verum,
2044 2241 2080 2300 et

1093 2345 1197 2416 quern
1215 2321 1341 2392 misisti
1358 2319 1472 2390 lesum
1490 2344 1564 2391 esse
1577 2315 1771 2398 Christum.

1195 2437 1270 2509 Has
1290 2459 1363 2524 res,
1387 2437 1551 2510 videlicet
1574 2437 1844 2528 poenitentiam,
1869 2442 1995 2526 tidem,
2022 2443 2081 2514 in..

1094 2542 1326 2627 vocationem,
1342 2563 1470 2610 novam
1487 2539 1729 2610 obedientiam
1745 2542 1976 2633 spiritualem,
1991 2546 2082 2620 dixit

1094 2637 1296 2733 Stephanus
1318 2665 1421 2716 veros
1443 2661 1517 2714 esse
1538 2639 1675 2726 cultus,
1707 2656 1742 2713 et
1765 2658 1911 2736 propter
1939 2641 2002 2720 has
2023 2671 2081 2722 res

1095 2745 1239 2813 missum
1256 2766 1328 2812 esse
1342 2742 1475 2817 Filium
1490 2739 1577 2827 Dei,
1603 2766 1676 2816 non
1693 2759 1734 2815 ut
1747 2760 1934 2836 occuparet
1954 2751 2082 2822 mundi

1095 2845 1296 2936 imperium.
1349 2842 1505 2938 Ideoque
1522 2857 1667 2916 testatus
1682 2861 1732 2918 est
1754 2847 1924 2939 templum
1941 2863 1973 2922 et
1990 2851 2082 2922 ritus

1095 2947 1300 3017 interituros
1317 2967 1408 3031 esse,
1431 2958 1580 3016 utentet
1599 2947 1840 3022 testimouium
1862 2949 1987 3024 iudicii
2001 2951 2083 3040 Dei,
2197 3023 2203 3034 ,

1096 3045 1189 3144 quod
1206 3042 1244 3115 hi
1262 3047 1352 3117 ritus
1368 3071 1442 3116 non
1458 3047 1529 3122 sint
1546 3047 1683 3118 iusticia
1700 3050 1800 3140 regni
1819 3047 1978 3128 Messias.

1196 3163 1461 3236 Hanceandem
1486 3164 1694 3234 sententiam
1718 3166 1757 3235 in
1781 3166 1886 3259 longa
1911 3170 2083 3244 concione

1096 3281 1214 3359 postea
1239 3278 1363 3337 tractat
1384 3260 1602 3356 Stephanos,
1627 3267 1728 3337 cuius
1751 3270 1933 3340 concionis
1955 3269 2013 3348 hic
2031 3287 2084 3345 est

1095 3382 1224 3438 status:
1260 3365 1365 3454 Quod
1386 3368 1487 3434 datae
1507 3367 1579 3436 sint
1602 3367 1852 3458 promissiones
1866 3373 1911 3441 de
1931 3388 2083 3446 venturo

1098 3469 1251 3547 Messia,
1278 3482 1311 3537 et
1326 3469 1432 3538 luerit
1447 3464 1606 3538 Ecclesia
1624 3468 1728 3538 etiam
1753 3496 1832 3542 cum
1850 3476 2012 3547 nondum
2029 3501 2085 3547 cs-

1096 3585 1148 3642 set
1171 3569 1361 3662 templum:
1396 3593 1461 3639 nec
1487 3571 1622 3638 cultum
1649 3593 1774 3648 verum
1803 3597 1876 3645 esse
1900 3571 1967 3647 hos
1994 3579 2085 3649 ritus
2188 3613 2191 3620 ·

1098 3672 1230 3763 templi,
1257 3674 1315 3741 secl
1335 3674 1475 3748 credere
1489 3667 1556 3741 Dei
1573 3673 1869 3764 promissionibus
1884 3680 1929 3750 de
1942 3677 2086 3763 Messio,

1098 3775 1186 3846 etin
1204 3769 1268 3844 hac
1289 3774 1356 3844 irde
1371 3799 1450 3844 eum
1469 3773 1646 3846 invocare.

1203 3889 1364 3964 Eandem
1393 3891 1589 3962 doctrinam
1617 3893 1863 3984 complectitur
1884 3898 2087 3990 disputatio,

1101 4019 1190 4089 quae
1213 3995 1376 4072 adfirmat
1404 4015 1549 4082 regnum
1575 3989 1808 4065 Christi-non
1836 4021 1909 4069 esse
1933 4004 2087 4070 munda.
2149 4023 2152 4028 ⁴

1101 4120 1209 4178 num,
1234 4095 1317 4188 quia
1332 4094 1448 4164 statim
1465 4095 1706 4186 quaerendum
1723 4110 1793 4182 est,
1819 4120 1883 4170 cur
1895 4124 2016 4192 passus
2031 4104 2089 4188 sit,

1101 4197 1245 4281 scilicet,
1271 4211 1311 4267 ut
1326 4207 1414 4265 esset
1428 4195 1568 4263 victima
1584 4184 1647 4286 p‘ro
1665 4212 1817 4286 peccato.
1854 4199 1957 4288 ltem,
1984 4207 2089 4300 quale

1103 4298 1147 4368 sit
1165 4320 1325 4386 regnum,
1350 4319 1440 4390 quae
1455 4296 1525 4365 sint
1541 4296 1616 4366 eius
1636 4298 1815 4386 beneficia,
1834 4306 2007 4386 videlicet,
2031 4334 2090 4378 re.

1103 4399 1223 4470 missio
1243 4401 1396 4490 peccati,
1421 4397 1575 4470 incoatio
1593 4398 1867 4494 visaeseternae
1890 4432 1951 4498 per
1974 4409 2091 4498 Spiri-
2154 4477 2157 4482 ⁴

1104 4516 1179 4573 tum
1202 4512 1382 4581 sanctum,
1415 4513 1450 4570 et
1472 4501 1617 4572 donatio
1642 4502 1735 4572 vitae
1762 4519 1935 4594 aeternae.
1993 4511 2091 4584 Haec

1104 4603 1273 4682 beneficia
1295 4602 1483 4694 iocoautur
1504 4602 1541 4670 in
1566 4597 1631 4674 hac
1645 4603 1715 4674 vita
1734 4629 1796 4696 per
1817 4610 1936 4685 fidem.
1986 4611 2034 4686 Et
2049 4638 2091 4684 ex

1104 4699 1172 4775 hac
1196 4699 1385 4800 hypothesi
1410 4705 1651 4797 sequebantur
1670 4705 1749 4779 illa:
1778 4724 1818 4783 ut
1840 4727 2017 4784 constaret
2036 4738 2094 4784 re-

1106 4829 1215 4900 guum
1241 4805 1391 4876 Messiae
1420 4829 1494 4878 nou
1521 4828 1594 4900 esse
1615 4809 1858 4899 mundanum,
1892 4831 2092 4886 secuturum

1107 4932 1181 4978 csse
1212 4908 1387 4977 excidium
1422 4907 1543 4992 urbis,
1575 4910 1718 4999 templi,
1753 4927 1786 4985 et
1814 4916 1924 4988 totius
1948 4918 2094 5009 politiae

1108 5009 1291 5095 iudaicae,
1315 5009 1407 5102 sicut
1418 5007 1548 5080 Daniel
1566 5013 1798 5101 praedixerat.

1209 5143 1307 5216 llaec
1331 5145 1616 5237 disputata-suut
1636 5171 1655 5216 a
1677 5143 1877 5238 Stephano,
1904 5156 1967 5249 qui
1994 5158 2096 5229 facile

1109 5260 1247 5338 poterat
1267 5249 1477 5319 convincere
1507 5243 1666 5324 ludaeos.
1716 5249 1845 5324 Daniel
1874 5257 1968 5330 clarc
1994 5284 2098 5350 prae..

1089 5433 1090 5436 Ἴ
1110 5350 1201 5422 dixit
1214 5352 1314 5422 urbis
1329 5349 1519 5434 excidium,
1539 5371 1621 5419 mox
1636 5365 1715 5444 post
1728 5356 2100 5433 adventanessiae.

1508 5451 1589 5524 ,28
