4590 5808
232 191 308 276 fif

235 393 255 446 ιι
271 365 367 446 ltro,
400 373 437 436 et
450 367 570 456 postes
588 375 652 448 pro
668 345 847 424 beneficiis
862 333 992 436 gratias
1008 367 1121 436 agere.
1170 335 1226 417 Ac

235 467 420 546 distinctos
434 485 508 538 esse
522 453 588 530 ltos
603 456 733 548 gradus
743 451 825 520 inde
842 450 927 520 satis
940 445 1094 538 intelligi
1103 455 1227 539 potest,

236 571 332 680 quod
348 563 440 642 ntbtt
455 561 566 654 magis
589 572 642 630 est
665 555 834 627 usitatum
857 563 891 621 et
915 574 1023 646 prope
1046 547 1227 643 quotidia-

236 697 325 750 num
351 685 422 746 tam
444 688 524 758 erga
538 661 655 736 Deum
679 678 785 752 quam
808 676 890 746 erga
912 649 1095 734 homines,
1121 673 1228 745 quam
1302 703 1311 720 .

239 789 357 874 petere
373 776 468 846 bona
488 760 702 847 necessaria,
727 769 763 827 et
785 769 983 850 exspectare
997 779 1058 828 seu
1073 752 1229 846 accipere

239 879 332 952 velle
348 873 500 968 plurima
525 863 712 946 beneficia,
747 883 869 930 verum
893 857 996 950 pauci
1018 869 1103 932 sunt
1128 855 1231 946 grati,

148 1029 151 1037 ·
241 979 344 1078 pauci
363 969 616 1068 gratitudinem
638 989 738 1036 suam
760 962 853 1031 veris
884 959 1011 1048 officiis
1039 960 1150 1042 vitae,
1198 969 1232 1028 et

243 1107 328 1154 voce
352 1078 552 1164 declarant,
593 1071 654 1142 sed
680 1063 830 1157 acceptis
853 1063 1033 1134 benefieiis
1056 1083 1121 1152 pro
1143 1071 1234 1132 tem·

244 1209 329 1280 pore
345 1175 571 1258 necessariis,
597 1186 718 1265 postea
734 1190 808 1239 non
826 1164 1080 1256 magnifaciunt
1095 1186 1161 1235 nec
1177 1186 1233 1232 ce-

243 1289 384 1358 lebrant
415 1294 576 1352 autorem
611 1277 808 1353 bonorum,
850 1273 908 1338 sed
937 1282 998 1341 eut
1022 1264 1235 1357 despiciunt,

244 1387 412 1462 autvelut
426 1379 531 1455 obliti
546 1389 770 1478 acceptorum
786 1370 1038 1442 beneficiorum
1052 1367 1112 1438 vir
1127 1389 1236 1458 agno-

244 1503 348 1564 scunt
373 1484 646 1558 benefactorem.
713 1473 755 1546 ld
790 1475 885 1568 qnod
919 1494 1042 1544 omnes
1074 1466 1237 1543 homines

245 1598 336 1666 bene
361 1587 478 1660 meriti
500 1587 545 1656 de
568 1583 649 1655 aliis
671 1577 831 1673 quotidie
855 1573 1096 1664 experiuntur.
1148 1569 1239 1642 Pro-

247 1709 366 1790 pterea
395 1686 667 1761 assuefaciamus
690 1704 756 1766 nos
779 1681 823 1748 ad
849 1689 1041 1770 utrumque
1064 1695 1154 1766 opus
1176 1695 1238 1744 sen

249 1796 426 1877 officium,
450 1787 633 1870 videlicet,
656 1806 735 1854 curn
755 1783 798 1850 ad
816 1778 1023 1872 petitionem
1040 1780 1079 1846 in
1094 1777 1240 1846 invoca·

250 1901 366 1981 tione,
405 1908 483 1965 tum
514 1892 559 1962 ad
589 1886 782 1980 gratiarum
812 1881 988 1953 actionem
1019 1902 1101 1971 erga
1123 1875 1240 1950 Deum

249 1997 491 2096 exercendam.

805 156 959 251 'etrus
985 165 1104 251 usu
1130 164 1339 252 wasers
1363 161 1700 250 strennos.-
1767 123 1770 132 ’
1897 189 1903 194 -

2058 281 2062 288 Ι
2173 167 2236 244 ιιι

1602 353 1650 406 ns
1673 355 1833 408 secondo
1856 341 1948 410 loco.

1336 457 1480 541 rsonae
1501 473 1581 543 paor
1598 449 1685 540 fines
1705 459 1738 520 et
1757 473 1820 521 cur
1837 449 1997 540 faciendo
2016 454 2060 521 stt
2077 455 2215 542 petitis*

1371 593 1605 696 Respondeo:
1633 597 1794 668 Primum
1809 597 1934 690 petitio
1947 599 2113 671 referatur
2124 601 2165 670 ad
2178 601 2239 690 glo·

1280 725 1371 778 riam
1388 697 1477 785 Det,
1502 700 1580 770 vult
1596 700 1692 770 enirn
1705 696 1803 770 Deus
1817 696 1914 771 ltunc
1929 695 2099 772 honorem
2113 701 2176 772 sibi
2191 705 2242 775 tri-

1283 805 1347 875 bui
1364 803 1531 900 postulat,
1549 815 1590 874 ut
1605 803 1781 874 discamus
1795 826 1994 894 agnoscere,
2012 804 2089 898 quis
2103 819 2136 876 et
2147 807 2243 899 qualis

1283 903 1349 993 sit,
1374 921 1464 1001 quae
1482 906 1528 976 sit
1542 905 1654 1006 ipsius
1669 904 1855 992 voluntas,
1880 908 1975 1001 quod
1999 907 2135 978 nonsit
2157 907 2245 979 inane

1285 1032 1431 1089 nomen,
1457 1031 1532 1077 non
1550 1007 1596 1078 sit
1609 1007 1758 1098 ignavos
1774 1020 1836 1079 aut
1851 1009 1987 1079 otiosus
1995 1005 2178 1096 Dominus,
2199 1011 2246 1082 cui

1287 1135 1360 1182 non
1374 1109 1446 1181 sint
1458 1132 1564 1179 curae
1578 1132 1635 1180 res
1652 1105 1848 1193 humanae,
1880 1109 1938 1180 cui
1955 1105 2047 1180 nibil
2070 1111 2114 1183 sit
2134 1114 2247 1202 negotii

1287 1238 1349 1287 seu
1380 1209 1632 1284 familiaritatis
1656 1224 1689 1281 et
1711 1212 1989 1282 conversationis
2012 1237 2091 1283 cum
2114 1211 2249 1283 bomini·

1289 1319 1366 1388 bus.
1417 1311 1508 1385 Nam
1525 1313 1685 1408 quisquis
1700 1315 1743 1384 ad
1759 1308 1856 1384 hunc
1872 1315 2019 1385 modum
2035 1315 2172 1406 cogitat:
2194 1315 2250 1386 Ne-

1290 1420 1363 1488 scio
1379 1439 1425 1488 an
1442 1413 1540 1486 Deus
1557 1414 1678 1486 audiat
1694 1429 1728 1486 et
1750 1414 1897 1508 recipiat
1919 1438 2014 1486 meas
2037 1441 2168 1508 preces,
2197 1419 2250 1488 sibi

1290 1519 1448 1592 fortassis
1463 1519 1580 1588 bonu's
1596 1530 1658 1592 est.
1684 1515 1755 1589 Sed
1770 1540 1834 1586 cnr
1848 1541 1904 1588 me
1918 1518 2125 1608 respiceret?
2149 1544 2251 1614 quan·

1291 1623 1414 1692 obrem
1430 1633 1568 1692 curaret
1584 1644 1702 1690 meum
1719 1617 1905 1689 murmur?
1953 1616 2028 1709 Cur
2043 1645 2122 1710 erga
2138 1646 2188 1692 me
2205 1623 2252 1690 be-

1292 1724 1424 1798 nefscus
1438 1721 1552 1792 esset?
1604 1717 1637 1790 ls
1659 1746 1744 1790 vero
1764 1721 1896 1813 reipsa
1919 1720 2054 1794 iudicat
2068 1719 2176 1794 Deum
2196 1746 2252 1794 esse

1293 1848 1426 1895 numen
1443 1822 1558 1907 iners,
1586 1823 1754 1912 ignavum
1779 1838 1813 1893 et
1832 1822 2127 1910 somniculosum,
2156 1850 2192 1896 ac
2209 1825 2251 1894 in·

1293 1923 1397 1997 terim
1424 1925 1564 2019 quaerit
1584 1924 1781 2016 praesidia,
1816 1937 1850 1996 et
1872 1924 2041 2017 implorat
2063 1926 2183 1997 auxilia
2203 1922 2253 1996 ho·

144 3157 149 3164 ·
259 3140 335 3189 rere
351 3116 447 3182 bona
461 3101 667 3182 necessaria,
695 3112 728 3169 et
743 3110 837 3168 certa
851 3097 1021 3166 beneficia
1036 3109 1246 3187 exspectare,

1294 2028 1432 2102 minum
1457 2040 1519 2097 aut
1543 2025 1693 2096 alianrm
1717 2040 1973 2098 creaturarum.
2077 2031 2255 2100 uemadmo-

318 2141 322 2154 '
352 2129 516 2205 Primum
533 2137 649 2196 autem
668 2122 712 2192 ‘¹0
726 2120 846 2213 P¹l⁰¹⁰
862 2119 994 2211 8Ρθῧῑθι
1020 2115 1170 2192 “illias
1197 2111 1240 2178 de
1294 2133 1379 2200 dum
1397 2127 1484 2200 Saul
1501 2127 1539 2196 in
1556 2141 1709 2198 extrema
1727 2129 1991 2220 desperatione,
2018 2027 2193 2202 epsummo
2206 2119 2267 2220 pes

249 2236 420 2332 petitione
437 2225 675 2302 renotatione
691 2223 858 2294 dicem·
1295 2229 1424 2312 riculo,
1453 2225 1570 2322 'atque
1594 2228 1799 2300 discrimine
1823 2231 1976 2302 consulit
2001 2234 2181 2304 veneficam
2206 2255 2256 2300 seu

353 2368 425 2438 Vix
446 2376 498 2434 est
520 2360 618 2430 aliud
642 2354 803 2424 omnium
832 2374 980 2444 operum
1003 2345 1242 2442 humanorum
1293 2327 1563 2428 Pythonissam,
1594 2355 1715 2402 manes
1738 2326 1893 2403 exOrco
1910 2334 2133 2425 educentem,
2162 2335 2257 2416 idest,

252 2457 503 2568 praestantius,
529 2459 670 2551 gravim
686 2470 719 2526 et
734 2454 927 2537 difficilius,
951 2475 1059 2550 quam
1073 2451 1117 2521 sd
1128 2449 1242 2520 Deum
1296 2433 1454 2524 confugit
1478 2435 1523 2501 ad
1544 2434 1740 2504 diabolum.
1792 2429 2045 2554 Talisltomo,
2078 2433 2258 2530 autEpicu·

254 2575 436 2654 fletedss'es
461 2579 496 2636 ⁶¹
511 2567 557 2636 ⁸¹)
577 2584 619 2630 ²⁰
642 2571 789 2650 Pl⁰l³lff
808 2553 1040 2624 mfdlalfflm
1055 2566 1180 2646 «peiere
1203 2573 1244 2618 ac
1295 2557 1395 2620 reus,
1420 2547 1481 2654 {ul
1497 2536 1805 2653 flesperabundus,
1830 2550 1997 2608 omrttens
2014 2540 2259 2620 invocationem,

255 2686 454 2769 exspectare
467 2664 616 2760 gratiam
630 2685 692 2734 seu
708 2656 1051 2739 reconciliationem,
1077 2675 1244 2746 corpora.
1296 2661 1372 2708 non
1397 2638 1523 2708 trrburt
1547 2637 1622 2708 Deo
1644 2638 1805 2708 debiturn
1830 2650 1865 2708 et
1888 2641 2074 2732 proprium
2100 2637 2258 2716 bonorem,

254 2783 303 2852 lia
327 2791 361 2848 et
380 2787 523 2846 aetem
539 2769 657 2846 bon„
686 2760 859 2832 ,milium
881 2771 914 2828 η
936 2755 1182 2828 liberationem
1204 2755 1244 2822 in
1296 2761 1401 2843 quem
1425 2738 1651 2832 peculiariter
1673 2739 1809 2830 flagitat
1834 2740 1908 2831 ipse
1923 2738 2102 2814 Dominus
2117 2743 2201 2816 Deos
2214 2741 2259 2808 in-

163 2933 164 2938 *
256 2869 604 2970 omnibnspeticullt
618 2879 655 2937 et
670 2859 950 2936 necessitatibus,
1299 2841 1442 2936 quiens:
1475 2836 1674 2914 Dominum
1692 2836 1808 2910 Deum
1832 2855 1933 2914 tuum
1956 2843 2081 2916 vivum
2104 2859 2136 2916 et
2158 2864 2258 2916 verum
2286 2886 2287 2890 =

358 3009 450 3082 Nam
468 3006 505 3074 id
521 3005 664 3072 demum
680 3008 731 3068 est
746 3008 864 3088 petere
879 3017 941 3064 seu
956 2991 1112 3086 precari,
1138 3013 1246 3085 qnae-
1298 2945 1485 3026 ⁸d⁰¹³b¹⁸’
1511 2957 1545 3013 εἴ
1558 2942 1613 3012 ml
1630 2941 1696 3012 ⁵⁰¹¹
1712 2942 1854 3014 mlle&

1401 3075 1523 3168 Quare
1537 3077 1655 3170 primo
1676 3077 1943 3152 meminerintus
1963 3081 2195 3170 precationem
2213 3102 2260 3149 seo

138 3207 141 3220 ⁸
259 3241 334 3290 non
356 3215 624 3283 demnrmttrare
647 3202 766 3296 aliqua
789 3199 896 3268 verba
917 3189 1003 3268 ¹sine
1033 3197 1246 3286 cogitatione
1298 3179 1508 3273 petitionem
1542 3178 1762 3251 severissime
1786 3195 2008 3272 praeceptam
2034 3198 2068 3256 et
2088 3185 2261 3254 ordinatam

60 5316 65 5338 ι
174 5239 177 5254 ¹
276 5277 353 5330 nus.
406 5244 709 5322 lamdesecundo
727 5243 817 5314 loco.

261 3321 317 3390 νει
336 3313 551 3392 attentione,
576 3305 666 3377 sicut
680 3304 774 3396 apud
791 3300 969 3393 Papistas‚
996 3293 1186 3378 Monachi,
1212 3309 1248 3366 et
1300 3305 1391 3363 esse,
1422 3282 1686 3398 principaliter,
1720 3297 1867 3378 propter
1887 3285 2106 3371 agnitionem
2130 3284 2209 3369 Dei,
2234 3307 2264 3352 ac

261 3417 440 3492 Moniales
462 3435 524 3483 scu
545 3408 713 3487 Nonnae,
744 3405 835 3473 mira
859 3402 1084 3474 volubilitate
1105 3399 1248 3490 linguae
1300 3385 1381 3454 {1¹²⁰
1397 3386 1595 3454 ¹10⁶0⁸³³ri⁰
1615 3384 1834 3468 lamudam,
1859 3399 1899 3456 ¹¹¹
1914 3383 2011 3457 ”²¹¹³
2025 3412 2107 3460 vm
2122 3409 2265 3478 ³8⁰⁰i0l·

163 3533 168 3546 ’
261 3537 353 3595 totos
368 3518 443 3589 dies
456 3512 666 3585 Psalterium
681 3519 937 3590 emurmorant,
962 3529 1028 3576 nec
1043 3504 1249 3592 intelligunt
1301 3499 1370 3558 ²1¹1·
1414 3483 1505 3556 Nam
1523 3485 2020 3576 ⁰¹¹¹l¹i⁰¹¹st⁵il¹l⁰fflll⁰¹¹⁰ms
2046 3491 2264 3562 fluidubllfss·

264 3624 351 3721 quid
370 3633 492 3711 agan„
520 3611 755 3686 antemium,
779 3607 864 3678 sed
883 3609 1031 3696 „pdffi'
1058 3606 1249 3700 9015150031
1301 3603 1353 3660 tes
1374 3610 1422 3656 an
1445 3583 1542 3705 Deus
1566 3588 1653 3660 velit
1673 3588 1852 3706 invocari,
1890 3605 1992 3662 etan
2025 3607 2123 3664 curet
2150 3605 2266 3662 nostras

264 3739 382 3798 motus
397 3718 511 3791 animi
526 3712 702 3806 cupientis
716 3709 853 3801 aliquid
867 3710 1023 3800 accipere
1039 3733 1058 3777 a
1073 3704 1171 3778 Deo:
1199 3720 1249 3791 ut,
1302 3712 1440 3809 preces,
1465 3703 1632 3778 ¹8⁰⁰f³¹¹l
1647 3691 1734 3782 ‘lffld
1751 3687 1911 3775 ⁵¹¹D²U⁸s
1938 3706 1973 3763 ⁶1
1988 3706 2110 3767 Uirum
2124 3693 2266 3770 dormitis

265 3853 344 3901 enm
362 3823 482 3896 Moses
507 3833 602 3890 stans
625 3815 718 3883 inter
737 3811 854 3882 undas
876 3813 983 3879 maris
1005 3809 1127 3893 rubri,
1159 3809 1250 3879 vidit
1303 3816 1349 3867 ³¹¹
1364 3791 1497 3882 mistel·

266 3929 490 4002 Pharaonem
514 3924 700 3993 ducentem
723 3912 1033 3996 instructissimum
1058 3910 1249 3982 exercitum
1406 3907 1590 3995 Secundo,
1615 3910 1740 4001 petitio
1762 3912 1923 3984 facienda
1939 3928 1991 3984 est
2006 3915 2204 3988 necessario·
2217 3935 2268 3981 no·

265 4033 446 4114 accedere,
477 4039 519 4098 ut
535 4019 712 4114 opprimat
730 4015 995 4088 multitudinem
1010 4013 1250 4088 lsraiilitarum
1304 4027 1396 4086 strae
1411 4013 1574 4084 utilitatis
1589 4033 1651 4083 seu
1664 4015 1881 4086 necessitatis
1895 4030 1927 4086 et
1944 4017 2159 4109 indigentiae
2174 4037 2268 4086 cansa.

265 4139 457 4211 inermem,
495 4141 530 4197 et
549 4121 805 4218 promiscuam,
837 4117 1017 4207 virorum,
1050 4116 1252 4200 mulierum,
1305 4113 1459 4206 Quantis
1474 4114 1570 4212 enirn
1587 4114 1718 4203 singuli
1734 4139 1854 4186 sumus
1870 4118 2010 4189 assidue
2022 4121 2147 4204 cincti,
2169 4115 2269 4210 impli-

164 4223 173 4230 ’
267 4261 307 4308 ac
322 4253 515 4326 puerorum
531 4223 805 4324 trepidantium,
833 4234 867 4290 et
887 4219 1018 4310 partim
1034 4218 1143 4304 mari,
1169 4241 1252 4310 par·
1304 4217 1385 4302 citi,
1403 4228 1438 4287 ct
1453 4216 1550 4288 velut
1567 4215 1725 4286 immersi
1740 4219 2026 4306 difficultatibus,
2049 4223 2197 4306 insidiis,
2218 4217 2270 4286 ni·

267 4340 331 4409 tim
347 4334 532 4406 montibus
549 4327 784 4408 inclusorum,
801 4322 853 4394 ibi
870 4321 1101 4392 exsuscitatur
1116 4319 1253 4410 ingenti
1306 4319 1408 4392 seriis
1428 4341 1469 4390 ac
1488 4318 1656 4412 periculis
1680 4313 1839 4390 humano
1863 4323 2014 4394 consilio
2039 4319 2270 4396 inextricabili·

268 4452 368 4509 motu
386 4433 518 4518 animi,
540 4443 583 4502 ut
596 4428 762 4498 ardenter
777 4439 812 4496 et
827 4424 919 4494 serio
936 4423 1111 4506 clamitet,
1136 4437 1176 4494 nt
1192 4447 1253 4491 ve·
1304 4421 1392 4493 bns!
1446 4419 1649 4493 Premimur
1666 4423 1761 4492 mole
1776 4424 1930 4515 peccati,
1954 4449 2146 4497 oneramur
2160 4423 2270 4519 poenis

166 4555 173 4570 ι
269 4543 318 4614 ris
334 4536 524 4630 gemitibus
538 4540 675 4622 expetet
691 4540 726 4598 et
739 4527 858 4620 cupiat
879 4527 1036 4618 accipere
1057 4522 1170 4596 aDeo
1191 4549 1254 4599 au-
1307 4525 1518 4614 castigamur
1538 4522 1693 4609 morbis,
1720 4525 1842 4610 bellis,
1865 4527 1974 4612 fame,
2001 4529 2146 4599 excidiis
2165 4549 2272 4616 regno-

268 4641 395 4715 xilium
418 4650 452 4708 et
475 4631 735 4704 liberationem.
808 4627 860 4699 lta
883 4627 1099 4720 praecipitur
1120 4627 1159 4695 in
1186 4623 1254 4698 hoc
1307 4640 1441 4699 rumet
1460 4627 1625 4707 urbium,
1659 4627 1699 4712 in
1725 4628 1840 4698 media
1866 4629 2020 4724 denique
2043 4645 2157 4702 morte
2171 4649 2271 4696 versa·

271 4759 388 4828 textu,
413 4752 453 4811 ut
467 4755 695 4832 quaeramus,
720 4741 897 4826 petamus,
916 4729 1109 4821 pulsemus,
1134 4731 1254 4800 addita
1308 4753 1409 4814 mur,
1448 4729 1649 4801 detinemur
1679 4753 1720 4798 ac
1748 4723 1946 4805 haeremus.
2003 4731 2057 4804 Ac
2080 4735 2110 4802 si
2134 4735 2171 4802 in
2193 4742 2273 4800 tanto

271 4841 521 4943 promissione,
535 4857 657 4906 omnes
670 4845 827 4926 petentes
841 4844 1046 4923 accepturos
1062 4854 1145 4915 esse,
1160 4838 1256 4903 unde
1309 4854 1483 4906 concursu
1513 4829 1752 4906 calamitatum
1777 4846 1811 4903 et
1837 4831 1927 4902 varii
1949 4835 2088 4923 generis
2110 4852 2273 4905 aerumna-

271 4953 385 5043 liquet
398 4938 610 5017 vocabulum
632 4935 776 5027 petendi
800 4935 851 5005 sic
875 4933 1145 5024 intelligendum
1170 4957 1256 5022 esse,
1309 4959 1389 5006 rom
1409 4955 1485 5002 non
1499 4945 1591 5002 esset
1613 4927 1752 5004 bomini
1773 4935 1953 5027 proposita
1974 4937 2148 5010 divinitus
2169 4956 2274 5006 conso·

273 5063 314 5122 ιιι
329 5049 440 5140 gratia
456 5058 493 5117 et
506 5038 678 5113 auxilinm
694 5061 714 5108 a
729 5035 805 5108 Deo
819 5049 984 5130 petantur
999 5061 1039 5106 ac
1055 5051 1257 5127 exspectan·
1309 5035 1418 5120 latio,
1442 5057 1558 5128 neque
1582 5056 1658 5125 spes
1685 5036 1936 5125 mitigationis,
1961 5039 2083 5108 anxilii
2108 5055 2141 5109 ct
2164 5039 2273 5107 libera-

275 5167 344 5228 tur.
396 5150 449 5220 Ac
464 5151 508 5219 dc
525 5139 671 5214 nornine
695 5140 839 5230 petendi
855 5163 917 5211 seu
933 5139 1114 5232 petitionis
1138 5134 1258 5210 hacte—
1311 5136 1438 5210 tionis:
1479 5160 1553 5206 non
1582 5161 1765 5230 possemus
1796 5163 1870 5209 non
1897 5141 2013 5231 frangi
2034 5141 2177 5222 animis,
2217 5137 2274 5202 imo

1312 5239 1490 5331 perpetuis
1512 5241 1705 5327 angoribus
1728 5243 2000 5323 conficerentur,
2022 5257 2057 5313 et
2079 5243 2274 5336 opprimere-

1312 5364 1393 5412 mur
1405 5340 1663 5433 desperatione.
1710 5343 1780 5416 Sed
1798 5361 1835 5418 nt
1851 5348 2071 5436 erigerentur
2085 5349 2201 5428 corda,
2225 5361 2276 5406 nec
