4620 5814
235 163 313 264 66⁷
832 177 960 316 Pllib.
985 187 1105 270 Mitt.
1128 189 1338 268 SCRIPTA
1366 191 1666 277 EXEGETICA.
2199 205 2267 287 568

616 355 754 470 Caput
799 349 867 444 V.
1286 393 1305 439 a
1319 367 1417 456 Deo,
1443 359 1483 444 ut
1498 355 1529 444 si
1544 373 1695 460 diceret,
1719 363 1820 446 Bene
1834 389 1887 450 est
1904 370 2133 471 pauperibus,
2159 380 2269 468 idest,

1286 495 1360 542 non
1376 490 1457 544 sunt
1476 475 1597 546 reiecti
1612 499 1631 544 a
1648 473 1735 546 Deo.

1388 571 1435 648 Et
1449 576 1610 671 loquitur
1621 578 1666 647 de
1679 575 1859 668 Ecclesia,
1884 601 1975 673 quae
1992 591 2092 652 antea
2115 582 2207 655 insta
2224 598 2268 655 εει

1286 676 1374 760 lide,
1407 691 1526 768 postea
1557 672 1665 752 habet
1692 681 1803 750 maalta
1838 682 1932 752 bona
1964 705 2090 774 opera,
2124 708 2267 778 quorum

1287 777 1426 868 singula
1459 780 1631 852 dicuntur
1664 781 1915 856 beatitudines.
1971 782 2126 855 Lazarus
2160 785 2268 858 iacens

1286 892 1370 951 ante
1385 881 1531 952 domum
1555 880 1678 954 divitis
1698 896 1750 953 est
1773 884 1915 962 beatus,
1946 886 2006 955 sed
2031 886 2099 970 ita,
2123 887 2268 978 primum

1289 996 1341 1053 εει
1354 981 1468 1053 iustus
1482 983 1564 1070 lide,
1589 998 1709 1075 postca
1724 983 1802 1054 eins
1818 984 1991 1074 patientia
2007 985 2045 1056 iu
2061 1003 2270 1081 paupertate,

1288 1097 1341 1155 est
1361 1084 1562 1170 beatitudo,
1595 1085 1630 1157 id
1655 1098 1726 1170 est,
1761 1087 1899 1156 bonum
1922 1111 2012 1180 opus
2026 1085 2102 1160 Deo
2117 1091 2267 1184 placens:

1289 1209 1354 1256 nec
1369 1185 1518 1258 reiectus
1531 1200 1582 1258 cst
1596 1185 1749 1258 Lazarus
1765 1212 1785 1256 a
1799 1183 1888 1258 Deo.

1388 1284 1573 1359 Praeterea
1597 1289 1782 1359 sciendum
1803 1303 1875 1373 est,
1903 1313 1977 1359 non
2001 1290 2140 1364 landari
2166 1292 2267 1382 ipsam

1290 1403 1551 1480 paupertatem,
1576 1391 1665 1462 sicut
1681 1385 1848 1460 monachi
1864 1391 2054 1478 finxerunt,
2081 1394 2144 1488 qui
2162 1408 2268 1464 ιειιιεε

1289 1513 1365 1560 non
1386 1491 1595 1582 indigebant
1619 1491 1704 1562 ullis
1728 1489 1835 1562 rebus
1858 1494 2076 1568 necessariis.
2129 1493 2199 1567 Sed
2222 1495 2266 1563 lo-

1289 1591 1414 1684 quitur
1428 1593 1472 1662 de
1489 1593 1692 1666 obedientia
1709 1592 1747 1664 in
1762 1608 1978 1686 paupertate,
1996 1594 2034 1666 id
2049 1610 2115 1682 εει,
2135 1598 2180 1667 dc
2193 1598 2267 1666 obe-

1291 1693 1426 1765 dientia
1446 1716 1526 1785 erga
1545 1695 1671 1768 Deum.

271 569 277 575 .
346 505 535 580 Generalis
559 511 684 581 concio
705 510 867 605 sequitur
882 512 927 581 de
944 512 1237 606 interpretatione

244 608 433 701 Decalogi,
468 609 551 703 quia
567 606 749 682 Pharisaei
774 629 1006 705 corruperant
1027 616 1238 702 doctrinam,

246 713 478 802 attingebant
494 712 532 781 id
546 709 723 803 Decalogo
740 727 877 786 tantum
892 717 1049 814 praecipi
1064 719 1236 810 puerilem

246 813 471 907 disciplinam
486 814 531 884 de
548 817 700 885 externis
716 815 895 907 operibus.

346 911 488 986 Deinde
516 917 671 1007 amplius
699 917 901 1008 lingebant,
934 913 1097 992 homines
1126 920 1237 990 iustos

247 1041 322 1088 esse
342 1017 405 1087 illa
424 1014 631 1110 disciplina,
657 1033 692 1104 et
709 1019 839 1090 mereri
853 1020 1098 1092 remissionem
1115 1045 1237 1113 pecca·

208 1163 214 1172 ·
247 1133 385 1200 torum,
409 1130 444 1188 et
458 1118 626 1192 delebant
642 1133 754 1192 totam
769 1122 967 1192 doctrinam
983 1126 1027 1192 de
1043 1121 1186 1194 Massia.

347 1216 495 1291 Necesse
517 1234 570 1292 est
590 1236 707 1292 autem
724 1217 789 1292 bos
804 1247 941 1295 errores
957 1225 994 1294 in
1009 1219 1166 1296 Ecclesia
1184 1239 1238 1294 ta-

248 1322 344 1406 xari,
368 1335 403 1392 ει
417 1320 589 1393 illustrari
608 1323 807 1395 doctrinam
823 1328 868 1395 de
883 1339 1044 1417 peccato,
1068 1329 1163 1396 etde
1180 1349 1237 1395 re-

249 1422 430 1494 demtione
450 1447 515 1516 per
529 1421 696 1496 Messiam
718 1427 859 1498 donata.
911 1426 1062 1519 Propter
1075 1423 1140 1500 bas
1155 1451 1238 1498 cau-

249 1548 305 1596 sas
319 1524 488 1596 recitatur
503 1529 681 1598 enarratio
698 1526 877 1619 Decalogi.

351 1625 422 1698 Sed
444 1638 525 1697 ante
540 1630 800 1702 enarrationem
817 1629 905 1720 legis
921 1631 1179 1702 consolationes
1194 1633 1239 1702 de

250 1751 353 1799 cruce
377 1744 648 1850 proponuntur,
673 1731 756 1850 quia
771 1725 965 1848 pharisaica
982 1732 1165 1818 doctrina,
1190 1733 1239 1803 si·
1394 1792 1511 1866 Umm
1564 1820 1584 1865 e
1627 1808 1658 1866 st
1706 1797 1789 1866 ὼ
1812 1810 1888 1870 mm
1952 1796 2030 1870 Deo
2076 1799 2199 1871 divitia
2239 1811 2266 1868 et

250 1841 310 1901 cut
333 1841 368 1900 et
386 1824 657 1923 philosophica,
682 1848 822 1923 agnocat
844 1835 1041 1903 doctrinam
1065 1837 1240 1922 detruse,
1515 1819 1625 1890 ‘1¹¹‘
1674 1821 1703 1870 ⁴
1791 1823 1809 1867 ³
1910 1823 1930 1868 ⁸
2039 1851 2049 1884 ι
2203 1824 2220 1870 ⁸

250 1944 285 2001 et
303 1931 355 2003 sic
373 1930 623 2018 ratiocinatur,
649 1931 755 2004 lustis
771 1934 862 2005 bene
875 1933 939 2018 sit,
964 1934 1056 2005 Abel
1071 1936 1240 2008 interfici·
1291 1911 1489 1987 mpetum·
1548 1894 1597 1968 Et
1621 1921 1685 1969 ¹¹⁰⁶
1708 1913 1854 1993 9¹⁰P²⁰¹
1876 1901 2021 1973 divim*
2042 1925 2110 1970 ¹¹⁰⁰
2135 1915 2265 2000 l''⁰P¹er

251 2045 321 2104 tur.
370 2029 464 2122 Ergo
481 2030 573 2103 Abel
589 2047 641 2105 εει
659 2035 829 2120 iniustus,
854 2049 889 2105 et
904 2035 1051 2106 reiectus
1065 2061 1085 2108 a
1101 2035 1188 2110 Deo.
1291 2013 1542 2118 9³⁰pertitefn.
1563 1994 1675 2117 P⁰m⁰
1702 2000 1873 2093 recipitur
1904 2016 1966 2073 ²¹¹¹
1999 2002 2179 2122 mihitur:
2215 2002 2265 2070 δώ

1291 2111 1384 2170 recte
1398 2112 1452 2171 ειι
1468 2104 1622 2187 drvstru,
1646 2115 1699 2172 εει
1714 2102 1849 2173 bouem
1869 2127 1979 2197 opus,
2005 2117 2100 2175 recte
2121 2119 2173 2176 ειι
2191 2126 2266 2194 pau·

1292 2214 1426 2294 pertate
1440 2202 1546 2273 ctiam
1563 2215 1617 2274 est
1635 2204 1769 2273 bonum
1784 2229 1888 2294 opus.

1392 2297 1574 2375 Abraham
1595 2318 1648 2375 εει
1658 2305 1787 2391 -dives,
1812 2319 1848 2376 et
1871 2307 1986 2400 placet
1998 2302 2099 2391 Deo,
2123 2307 2204 2400 quia
2224 2318 2265 2374 est

1291 2404 1406 2476 iustus
1428 2406 1517 2492 lide,
1551 2418 1586 2478 et
1607 2406 1738 2477 deinde
1760 2420 1854 2478 recte
1877 2409 1990 2478 utitur
2014 2407 2171 2488 divitiis,
2204 2428 2264 2475 non

1428 2506 1512 2577 lacit
1532 2507 1693 2589 divitias,
1728 2533 1834 2602 quam
1859 2508 2120 2580 confessionem
2148 2507 2264 2581 doctri-

213 2167 219 2176 ’
352 2131 422 2206 Sed
446 2129 532 2204 baec
552 2136 713 2207 doctrina
738 2131 807 2211 boc
828 2121 907 2207 loco
928 2137 1098 2225 affirmat,
1122 2134 1240 2209 homi-

251 2257 336 2308 nem
356 2259 431 2306 uon
454 2236 624 2309 reiectum
648 2260 722 2307 esse
742 2235 852 2316 aDeo
867 2254 1013 2333 propter
1026 2263 1166 2312 crucem
1184 2241 1239 2312 vel

252 2336 476 2428 calamitates.

354 2437 401 2510 Et
414 2437 663 2511 universaliter
677 2443 822 2534 prodest
835 2442 924 2513 scire
939 2437 1103 2514 homines
1117 2445 1155 2514 in
1170 2443 1241 2516 Ec·
1376 2507 1385 2525 .

253 2539 377 2626 clesia,
403 2543 498 2634 quod
521 2565 644 2613 omnes
665 2545 897 2630 calamitates,
923 2555 984 2615 aut
1005 2560 1090 2617 sunt
1107 2569 1242 2638 poenae
1290 2506 1404 2596 plum

254 2657 458 2714 revocantes
474 2643 518 2714 ad
535 2643 810 2735 poenitentiam,
835 2659 876 2717 ut
890 2645 1036 2716 exilium
1050 2641 1209 2719 Davidis.
1291 2629 1368 2679 ⁰³⁹⁰

355 2742 431 2816 Aut
445 2757 529 2817 sunt
543 2745 728 2832 exercitia,
751 2761 792 2820 ut
808 2770 926 2818 carcer
942 2742 1082 2841 Ioseph.

355 2846 430 2918 Aut
449 2861 532 2918 sunt
547 2839 748 2920 testimonia
762 2849 962 2938 doctrinae,
986 2863 1028 2922 ut
1043 2849 1241 2923 interfectio

1392 2707 1526 2782 Moises
1549 2711 1588 2780 in
1611 2712 1691 2782 aula
1714 2707 1913 2784 Pharaonis
1935 2726 2053 2803 posset
2075 2736 2149 2784 esse
2169 2713 2263 2786 dives,

1291 2825 1325 2882 et
1347 2811 1423 2882 fieri
1445 2811 1634 2904 Princeps,
1669 2813 1699 2883 si
1725 2813 1890 2888 deficeret
1911 2815 1956 2886 ad
1979 2813 2186 2906 religionem
2202 2811 2262 2883 Ac-

254 2943 427 3020 lohgnni,
438 3001 449 3034 ‚
474 2945 590 3023 pauli,
1290 2914 1508 3009 gyptiacam,
1538 2918 1598 2986 sed
1627 2917 1764 2988 mavult
1784 2939 1858 2988 esse
1881 2939 2033 3009 pauper,
2065 2941 2108 2988 ac
2128 2916 2262 2988 retinere

352 3044 432 3120 'Aug
456 3061 538 3120 ,ung
561 3049 717 3141 precium
742 3077 808 3145 pm
830 3052 920 3124 3131,
972 3051 1061 3125 Tale
1083 3055 1240 3147 precium
1290 3032 1410 3136 peram
1425 3015 1646 3108 religionem.
1671 3055 1674 3061 ·
1699 3015 1802 3087 Talia
1818 3020 1977 3111 exempla
1989 3017 2105 3090 multa
2118 3019 2262 3089 videmus

255 3165 308 3223 est
322 3151 397 3222 ,012
413 3175 509 3220 mo„
525 3147 669 3225 chrisa,
1290 3140 1329 3186 m
1344 3117 1553 3212 quotidiana
1573 3117 1657 3192 vita.
1708 3118 1851 3214 Aliquis
1874 3145 1916 3192 ex
1938 3119 2044 3191 nobis
2066 3135 2180 3212 posset
2201 3135 2262 3186 esse

1287 3218 1389 3311 dives
1405 3216 1605 3292 canonicus
1614 3269 1626 3302 ‚
1653 3243 1733 3291 cum
1749 3221 1939 3313 impietate.

254 3365 289 3425 et
310 3375 412 3447 saepe
432 3356 598 3444 cogitate,
625 3369 665 3427 ιιι
689 3355 805 3428 sciatis
829 3381 892 3428 cur
910 3355 1066 3429 Ecclesia
1090 3359 1136 3430 sit
1155 3359 1242 3430 snb·
1390 3319 1460 3394 sed
1479 3322 1614 3392 ‘mul‘
1636 3343 1710 3392 ‘⁸⁵²
1727 3345 1863 3421 P³⁰P⁰‘
1877 3321 2080 3416 Dlffllsss
2106 3345 2182 3395 ⁰⁰¹⁰
2196 3318 2258 3410 ΡῙθ·

354 3247 403 3322 Ει
424 3251 612 3342 diligenter
625 3266 837 3325 mementote
854 3250 920 3326 hos
936 3269 1090 3350 quatuor
1102 3259 1241 3348 gradus,

255 3454 343 3525 lecta
368 3456 481 3542 cruci,
506 3471 603 3529 etex
625 3453 682 3528 his
702 3459 863 3530 lontibus
879 3475 1067 3533 sumantur
1080 3459 1241 3532 consola·
1289 3435 1373 3494 ¹²¹⁰·

255 3557 387 3644 tiones,
407 3571 593 3652 postquam
611 3559 740 3630 scimus
757 3584 878 3632 causas
894 3561 1141 3637 afflictionum.
1438 3579 1534 3662 Quia
1550 3597 1680 3662 eorum
1692 3583 1749 3649 cat
1765 3595 1924 3672 rapacum
1938 3575 2133 3649 coelorum.

1393 3709 1557 3800 Quaero,
1586 3707 1647 3783 An
1670 3723 1872 3802 paupertate
1902 3722 2108 3784 mercantur
2130 3721 2259 3796 regnum

1187 3809 1189 3816 ’
1290 3813 1497 3883 coelorum?
1521 3812 1623 3898 Non,
1648 3813 1709 3882 sed
1727 3835 1806 3882 cum
1824 3812 1894 3880 iam
1911 3825 2013 3882 ειιιεε
2028 3811 2110 3883 lacti
2128 3810 2195 3894 sint
2208 3798 2259 3872 filii

257 3963 260 3970 ,
286 3884 405 3954 secat
416 3901 608 3974 pauperes
620 3884 782 4000 spiriits,
808 3879 852 3998 id
867 3894 944 3972 est,
972 3885 1039 3960 {iit
1056 3885 1090 3958 iil
1105 3893 1218 3959 “imit
1291 3909 1326 3984 et
1342 3910 1526 3999 haeredes,
1551 3938 1700 4004 regnum
1715 3912 1896 3985 coelorum
1912 3912 2018 3982 simul
2035 3926 2087 3983 εει
2109 3925 2259 3999 compen·
2280 3917 2281 3920 ’

625 3984 770 4078 immi
790 3983 870 4075 Pub·
1290 4015 1380 4092 satio
1396 4039 1460 4107 pro
1476 4029 1693 4107 paupertate.
1786 4067 1789 4072 .

354 4114 512 4190 Exorsus
537 4134 589 4191 εει
608 4134 726 4192 εειειε
749 4145 769 4192 a
794 4135 1018 4215 paupertate,
1050 4124 1133 4208 quia
1157 4119 1242 4194 haec
1492 4189 1501 4206 ,
1567 4189 1576 4206 ,
1636 4191 1644 4207 ,

254 4232 306 4292 εει
320 4224 607 4293 communissima
622 4224 763 4294 miseria
780 4225 934 4315 piorum.
1346 4316 1351 4323 ι
1430 4183 1527 4272 ΨΜ
1542 4182 1740 4284 ⁸·'9mfi0at
1757 4207 1917 4282 ''ew''
1931 4181 2138 4260 ⁰⁰⁰¹⁰mffl
2234 4311 2242 4329 .

356 4317 404 4394 Et
432 4347 505 4394 non
538 4337 727 4416 quaeratur
758 4325 827 4394 alia
858 4325 1048 4417 expositio,
1082 4325 1242 4418 loquitur
1393 4321 1474 4394 Non
1494 4321 1780 4393 solumlnturam
1798 4321 1969 4412 gloriam,
1993 4325 2053 4392 sed
2070 4320 2175 4391 simul
2190 4335 2257 4386 εει·

255 4435 370 4493 textus
396 4425 441 4493 de
463 4438 685 4516 paupertate,
712 4447 817 4519 qstam
843 4427 893 4497 sic
917 4449 1083 4498 vocamus
1105 4426 1242 4513 usitate,
1290 4449 1424 4496 versam
1442 4423 1683 4493 defensionem
1699 4422 1857 4492 divinam
1873 4423 1911 4494 in
1927 4418 1993 4492 bac
2009 4424 2094 4496 vita.

255 4523 487 4615 indigentiam
509 4549 628 4598 rerum
651 4527 947 4614 necessariarum,
972 4552 1052 4599 cum
1068 4531 1163 4600 deest
1180 4553 1241 4621 pe-
1393 4521 1520 4618 loseph
1550 4527 1587 4596 iu
1616 4549 1773 4605 carcere,
1808 4548 1959 4616 pauper,
1990 4521 2097 4595 babet
2123 4535 2255 4634 reguum

255 4626 359 4698 cunia
375 4640 410 4697 et
426 4627 496 4697 alia
510 4631 554 4700 ad
571 4628 702 4699 victum
719 4630 924 4714 necessaria.
1288 4630 1479 4702 coelorum.
1531 4625 1593 4700 Est
1610 4627 1709 4698 dives
1728 4640 1874 4718 propter
1888 4623 2127 4696 defensionem
2142 4621 2214 4692 Der.

304 4813 306 4816 Ι
356 4726 434 4799 Ηοε
458 4735 628 4820 pauperes
650 4729 797 4822 spiritu,
822 4730 946 4814 idest,
972 4755 1051 4804 vera
1070 4731 1239 4823 patientia
1726 4801 1734 4818 ,

255 4831 372 4903 cordis
400 4831 589 4902 tolerantes
611 4844 870 4926 paupertatem,
903 4833 991 4903 dicit
1012 4835 1132 4904 beatos
1155 4855 1240 4922 esse,
1527 4825 1536 4830 ’
1617 4801 1734 4872 Rem
1755 4799 1942 4896 ''mm‘'

255 4935 384 5015 idest,
410 4957 483 5006 non
507 4931 653 5005 reiectos
677 4958 696 5004 a
720 4927 814 5019 Deo,
840 4936 898 5005 sed
922 4929 1092 5006 habentes
1108 4948 1238 5007 statum
1388 4935 1567 5026 Lugentes
1597 4929 1663 5005 boc
1687 4934 1766 5006 loco
1789 4934 2002 5025 generaliter
2027 4927 2255 5016 intelligantur

253 5030 330 5104 Deo
358 5037 566 5127 placentem.
631 5033 721 5104 Nam
746 5033 846 5106 Beati
876 5032 935 5106 bic
963 5059 1035 5105 non
1066 5037 1238 5127 significat
1287 5059 1411 5109 omues
1426 5037 1492 5138 pii,
1509 5037 1571 5130 qui
1586 5037 1679 5106 veris
1693 5035 1880 5109 doloribus
1894 5051 1930 5108 et
1942 5035 2129 5128 angoribus
2143 5043 2252 5094 excru-

256 5149 413 5206 mortuos
437 5134 608 5210 babentes
629 5136 737 5208 vitam
760 5153 957 5219 aeternam,
989 5151 1030 5208 ut
1051 5140 1157 5229 vulgo
1180 5141 1236 5210 lo-
1286 5139 1437 5219 ciantur,
1458 5152 1499 5223 ut
1512 5139 1666 5231 primum
1683 5138 1746 5232 qni
1761 5137 1892 5210 iniuste
1907 5137 2110 5228 affliguntur
2125 5135 2253 5242 propter

254 5237 416 5329 quimur,
453 5253 513 5310 ant
541 5253 782 5333 promerentes
807 5240 915 5310 vitam
939 5253 1138 5324 aeternam,
1175 5244 1236 5311 sed
1259 5219 1263 5278 A
1287 5241 1539 5333 professionem
1558 5263 1660 5308 verae
1678 5239 1877 5334 doctrinae,
1904 5254 1965 5311 aut
1976 5231 2107 5329 alioqui
2125 5241 2251 5320 patrun-

253 5337 422 5430 significat
445 5341 579 5412 bonum
601 5363 709 5431 opus,
724 5337 793 5410 'seu
814 5355 943 5414 statum
970 5363 1042 5412 non
1067 5341 1235 5414 reiectum
1259 5397 1264 5430 ,
1287 5339 1345 5414 tur
1365 5343 1592 5427 innocentes,
1618 5341 1741 5436 quales
1765 5341 1912 5414 luerunt
1926 5333 2124 5418 aereum,
2147 5321 2250 5400 ¹³⁶⁰b³

543 3742 616 3814 lam
643 3745 803 3840 sequitur
828 3759 951 3820 textos.
