4590 5808
48 205 108 280 aa
276 203 360 281 xu.
411 195 802 277 aanora'rrours
825 195 892 273 nr
908 171 1201 272 'coactores
1228 192 1279 266 m
1305 189 1490 270 avano.
1515 189 1795 268 marsuam.
1976 171 2052 266 eso

46 379 200 470 hospitia,
239 401 321 470 pace
350 399 411 446 seu
439 374 698 468 tranquillitate
723 371 886 464 publica,
930 393 1017 441 con·
1068 380 1120 438 est
1143 365 1292 459 petitio?
1326 388 1406 436 cum
1431 363 1528 436 Deus
1550 387 1616 434 nos
1641 364 1727 436 velit
1749 365 1879 455 afiligi,
1912 378 2054 464 paratos

44 483 199 552 tractibus
209 495 284 563 etc,
308 478 606 572 quemadmodum
625 469 888 545 videmushanc
904 487 1016 544 exter·
1069 491 1144 540 esse
1166 469 1210 538 ad
1234 469 1415 538 ferendam
1429 478 1691 557 paupertatem,
1716 478 1752 536 et
1773 467 1900 539 offerre
1923 489 1991 538 nos
2010 469 2055 537 ad

44 609 113 652 narn
138 596 171 651 et
203 581 420 672 corporalem
445 579 554 650 vitam
587 579 744 667 indigere
779 577 1016 668 plurimorum
1069 569 1306 640 obedientiam
1324 570 1362 636 in
1378 568 1571 638 tolerandis
1584 568 1767 638 adversis?
1799 565 1906 651 ltem,
1932 566 2056 640 Evan-

45 680 217 754 hominum
235 707 317 774 ope,
343 682 495 765 officiis,
512 679 645 771 operis,
671 694 704 750 et
720 678 933 770 praesidiisb

129 819 202 890 Nec
228 833 276 889 est
299 817 373 887 ulla
396 812 556 886 bumana
575 815 745 908 sapientia
775 827 808 884 et
835 811 1017 904 diligentia
1129 875 1136 892 ,

44 937 144 1005 tauta,
166 931 258 1015 quae
273 921 356 990 satis
372 918 569 1007 intelligere
584 941 623 986 ac
638 916 859 1014 prospicere,
885 917 1023 985 nedum

44 1024 147 1117 eloqui
162 1024 292 1115 possit,
316 1034 402 1114 quot
419 1034 451 1088 et
470 1043 574 1113 quam
592 1019 741 1088 dirersis
766 1020 870 1087 rebus
892 1019 936 1086 ad
963 1041 1019 1086 re-

45 1128 213 1196 tinendam
238 1137 272 1194 et
301 1125 467 1194 tuendam
498 1121 607 1190 vitam
640 1144 828 1211 corporum
853 1142 943 1210 opus
964 1119 1019 1188 sit.

45 1225 114 1296 Non
129 1227 223 1294 enim
245 1227 315 1293 iam
341 1223 528 1292 ‹leclamito
552 1225 596 1290 de
620 1224 725 1289 rebus
749 1222 839 1296 vitae
862 1245 935 1289 nou
956 1243 1019 1287 ne-

45 1329 205 1406 cessariis,
228 1341 268 1396 ut
286 1328 329 1394 de
346 1349 419 1394 non
436 1323 898 1415 necessariis'apparatibus,
918 1345 1020 1412 pom-

47 1431 92 1521 pis
108 1444 139 1498 et
160 1428 446 1520 profusionibus,
473 1429 516 1493 de
541 1425 670 1515 quibus
698 1419 791 1492 banc
814 1423 1018 1515 petitionem

47 1531 178 1600 minime
196 1531 364 1600 convenit
388 1527 559 1614 intelligi,
590 1550 680 1618 qnae
703 1539 837 1594 tantum
861 1525 1021 1616 loquitur

48 1635 83 1702 de
97 1633 260 1702 omnibus
277 1633 381 1701 bonis
398 1627 642 1721 corporalibus
666 1626 869 1698 necessariis
894 1628 931 1694 in
955 1621 1019 1693 bac

48 1737 116 1805 rita.
479 1815 482 1820 Ι

131 1851 228 1924 Haec
247 1855 354 1942 igitur
372 1853 577 1946 quotidiana
593 1867 625 1920 et
640 1849 1022 1934 necessariabenelieia,

49 1960 146 2048 quoad
163 1958 243 2026 eius
265 1957 340 2023 fieri
359 1968 481 2044 potest,
505 1954 623 2022 omnia
642 1955 786 2023 veniant
803 1954 839 2020 in
857 1967 1022 2032 mentem,

53 2083 82 2126 ac
99 2061 132 2127 in
151 2069 346 2154 conspectu
363 2057 434 2125 sint
447 2055 677 2124 recitantibus
691 2051 783 2123 hanc
798 2055 1019 2146 petitionem:

50 2157 136 2230 Pater
166 2163 300 2228 noster‘
320 2159 379 2250 qui
412 2180 448 2225 es
479 2157 516 2223 iu
550 2157 675 2238 coelis,
710 2180 834 2248 panem
860 2168 1020 2224 nostrum

51 2262 282 2352 quotidianum
307 2264 350 2328 da
374 2260 478 2327 nobis
501 2253 625 2342 hodie,
659 2254 726 2342 bpc
748 2271 819 2340 est,
852 2256 1034 2324 danobis

52 2365 151 2432 omnia
167 2363 330 2452 corporis
346 2363 548 2442 commoda,
572 2372 726 2429 sustenta
742 2373 777 2427 et
792 2381 940 2450 proroga
956 2380 1022 2425 no-

52 2463 94 2532 bis
107 2466 228 2545 vitam,
255 2465 299 2530 da
317 2461 421 2531 nobis
436 2461 566 2528 bonam
585 2459 841 2545 valetudinem,
869 2473 905 2530 ut
923 2461 1022 2528 labo-

52 2587 93 2634 res
106 2566 329 2636 vocationum
346 2563 501 2653 perferre
517 2562 709 2652 possimus,
734 2565 778 2630 da
796 2565 947 2643 victum,
972 2563 1022 2630 ci-

53 2666 137 2750 bum,
168 2681 315 2758 potum,
346 2667 390 2734 da
415 2687 553 2753 pacem,
587 2665 800 2732 mediocrem
822 2664 1022 2756 tranquilli-

53 2779 156 2853 tatem,
188 2765 369 2863 bospitia‚
391 2765 551 2855 politiae,
579 2765 764 2852 coniugia,
790 2767 1024 2842 oeconomias,

53 2882 82 2936 ut
94 2871 231 2940 soboles
261 2868 374 2936 foveri
390 2880 424 2936 et
438 2867 580 2934 educari
600 2867 728 2957 possit,
754 2883 893 2957 protege
908 2866 1023 2934 domi-

55 2969 134 3050 cilia,
160 2969 342 3059 tuguriola
359 2981 392 3036 et
409 2967 579 3055 oppidula
597 2983 739 3052 nostra,
763 2971 806 3037 da
823 2969 1025 3038 commodas

54 3081 273 3161 tempestates,
298 3069 571 3138 foecunditatem
593 3091 777 3154 agrorum,
800 3069 934 3158 surges,
960 3094 1024 3136 au-

55 3193 183 3255 nouam,
210 3175 258 3240 da
282 3173 396 3240 bonos
416 3192 593 3240 successus
615 3170 652 3237 in
677 3171 801 3239 ofliciis
819 3172 1025 3250 vocationis,

54 3271 236 3344 lelicitatem
262 3273 301 3340 iu
324 3271 631 3340 administratione
654 3272 798 3360 politica
823 3285 854 3339 et
872 3295 1025 3340 oecono-

54 3374 143 3458 mica,
178 3395 360 3446 successus
392 3373 429 3440 in
460 3373 780 3442 communicatione
810 3398 927 3441 rerum
963 3397 1026 3471 per

55 3489 234 3547 contractus
256 3475 295 3543 in
315 3474 571 3563 negotiatione,
599 3474 636 3541 in
659 3473 800 3564 opificio
818 3498 912 3559 meo,
940 3501 1025 3546 con-

57 3578 121 3646 cede
143 3577 260 3668 parvis
283 3563 371 3642 meis
394 3575 499 3662 longa
522 3586 556 3642 et
578 3573 692 3643 felicia
710 3575 803 3644 vitae
823 3578 955 3667 spatia,
982 3579 1025 3646 da

58 3676 132 3745 eires
154 3677 314 3769 corporis
337 3688 370 3744 et
395 3676 549 3763 vigorem
574 3675 817 3762 ingeniorum,
843 3701 914 3746 non
931 3679 1027 3747 siuas

59 3775 88 3844 in
106 3773 155 3852 his
177 3777 384 3868 regionibus
409 3777 465 3844 vel
481 3775 662 3859 Turricis,
690 3778 745 3845 vel
769 3778 934 3848 civilibus
950 3775 1025 3848 bel-

58 3875 106 3957 lis,
136 3883 188 3950 vel
214 3878 449 3950 seditionibus
474 3879 693 3946 barbaricam
718 3880 914 3948 vastitatem
939 3881 1027 3966 fieri,

59 3979 185 4052 delendo
201 3981 337 4052 casulas
353 3994 506 4062 nostras,
531 4003 575 4048 ne
593 3979 769 4049 incendiis
785 3994 845 4050 aot
860 3983 939 4051 aliis
954 3983 1025 4052 cla-

59 4079 145 4152 dibus
158 4097 315 4176 pereant.

140 4201 212 4271 Has
234 4217 268 4274 et
289 4201 422 4269 similes
446 4201 646 4287 corporales
665 4205 884 4274 necessitates
903 4205 1026 4273 memi-

60 4303 135 4371 neris
156 4305 222 4374 tibi
245 4327 325 4372 cum
344 4302 464 4370 auimo
479 4317 541 4370 tuo
559 4304 834 4373 considerandas
849 4318 883 4375 et
898 4327 1027 4396 expen-

61 4400 172 4474 dendas
189 4428 262 4474 esse
281 4403 373 4472 veris
388 4405 595 4492 gemitibus,
621 4408 760 4496 quoties
774 4431 868 4476 oras:
895 4405 1026 4476 Panem

62 4519 198 4574 nostrum
231 4506 479 4599 quotidianum
509 4507 553 4572 da
586 4506 690 4574 nobis
713 4503 830 4577 bodie.
885 4507 965 4596 sta
989 4511 1027 4577 in

63 4606 251 4692 cogitatione
292 4606 425 4677 multae
465 4607 713 4695 gravissimae,
764 4609 1027 4692 saluberrimae,

63 4707 252 4800 maximique
267 4709 437 4778 momenti
451 4706 635 4778 doctrinae
648 4709 711 4788 tibi
727 4711 926 4793 discendae,
952 4723 1027 4780 me'-

64 4801 223 4896 ditandae,
249 4811 455 4900 intimisque
470 4811 632 4881 sensibus
647 4825 752 4880 erunt
768 4812 974 4900 infigendae.

89 4963 94 4976 ’
145 4941 230 5013 Nam
254 4945 372 5035 primo
394 4945 486 5015 dicat
510 4945 655 5037 aliquis:
684 4943 781 5034 Quid
802 4945 927 5018 attinet
943 4943 1028 5018 haec

65 5035 209 5115 beneficia
241 5059 378 5137 petere,
405 5071 485 5116 cum
510 5045 606 5115 Deus
638 5046 712 5139 ipse
735 5061 846 5132 taxet,
879 5065 1027 5135 accuset,

68 5151 95 5206 et
115 5142 287 5231 probibeat
315 5147 578 5217 solicitudinem
611 5151 655 5216 de
688 5151 859 5233 crastino,
892 5173 952 5220 seu
983 5154 1027 5220 de

68 5251 226 5322 pascendo
244 5265 382 5332 ventre,
413 5253 457 5318 de
481 5251 600 5332 -victu,
631 5249 731 5332 cibo,
766 5266 869 5341 potu,
903 5253 1024 5322 desen-

68 5340 162 5428 sione,
187 5366 219 5421 et
233 5352 310 5420 aliis
328 5351 419 5423 vitae
437 5351 658 5421 commodis?
709 5351 795 5422 ltem
812 5356 896 5446 quid
915 5359 1024 5447 prod-

1070 673 1202 762 gelium
1220 672 1317 740 iubet
1334 693 1501 763 quaerere
1516 683 1695 740 aeternam
1711 673 1838 754 vitam,
1865 696 1939 741 non
1956 695 2057 762 prae-
2092 667 2098 692 ¹

1070 775 1181 842 sentia
1199 786 1232 841 et
1248 772 1443 864 corporalia
1461 773 1565 842 bona.
1624 772 1734 858 Item,
1767 774 1871 844 multi
1895 776 2059 845 doctores

1071 887 1307 972 scripserunt,
1333 871 1409 942 Deo
1427 867 1512 942 baec
1529 896 1602 942 nou
1617 897 1691 942 esse
1706 897 1827 960 curae,
1852 878 1969 945 necin
1984 875 2059 944 usi-

1070 990 1139 1049 tata
1165 975 1366 1067 precatione
1390 974 1662 1062 intelligendum
1683 999 1756 1044 esse
1781 1001 1908 1066 panem
1931 1001 2059 1068 corpo-

1071 1079 1179 1149 ralem
1198 1101 1258 1146 seu
1275 1079 1369 1146 bona
1386 1079 1565 1165 corporis,
1591 1078 1650 1145 sed
1668 1082 1887 1150 contendunt
1909 1101 1985 1148 earn
2004 1080 2076 1149 lo-·

1072 1183 1132 1272 qui
1159 1181 1203 1248 de
1224 1178 1433 1249 coelestibus
1453 1191 1486 1246 et
1511 1179 1661 1248 aeternis
1684 1179 1797 1252 bonis.
1857 1179 1913 1250 Ad
1939 1178 2061 1250 istius-

1072 1282 1168 1351 modi
1192 1281 1480 1349 ratiocinationes
1495 1292 1527 1347 et
1542 1279 1776 1364 abiectiones,
1801 1306 1891 1374 qnae
1905 1281 2060 1352 cordatis

1071 1383 1239 1452 omuibus
1263 1377 1357 1450 haud
1384 1383 1491 1449 dubie
1515 1381 1665 1452 veniunt
1688 1383 1727 1450 iu
1753 1398 1926 1468 mentem,
1967 1379 2060 1452 hauc

1072 1484 1337 1574 responsionem
1360 1483 1548 1571 diligenter
1573 1485 1778 1576 observare,
1812 1497 1905 1553 recte
1927 1484 2060 1553 intelli-

1072 1609 1173 1674 gere,
1191 1600 1295 1677 atque
1311 1587 1400 1654 bene
1418 1585 1616 1653 meminisse
1632 1610 1758 1675 operae
1774 1587 1924 1677 pretium
1939 1585 2060 1656 suerit:
2160 1631 2165 1646 ·

1073 1692 1116 1758 de
1132 1711 1200 1780 qna
1215 1687 1359 1779 quidem
1382 1687 1570 1779 scriptores
1593 1687 1815 1761 ecclesiastici
1831 1689 1933 1760 valde
1950 1711 2060 1781 pauca

1074 1791 1310 1863 tradiderunt.

1459 1978 1670 2042 Responsio.

1175 2099 1351 2170 Aeternus
1369 2113 1404 2170 et
1420 2101 1644 2192 omnipotens
1660 2099 1757 2194 Deps
1771 2099 1952 2170 verissime
1975 2125 2062 2172 con·

1074 2201 1166 2271 didit
1182 2203 1287 2271 initio
1303 2225 1413 2292 genus
1429 2196 1647 2288 humanum,
1673 2203 1883 2272 admirando
1900 2203 2062 2287 consilio,

1075 2304 1306 2372 inenarrabili
1326 2303 1518 2393 sapientia,
1551 2319 1585 2374 et
1608 2305 1780 2374 immensa
1803 2305 1981 2386 bonitate,
2017 2305 2061 2374 ad

1075 2419 1252 2474 aeternam
1269 2405 1390 2491 vitam,
1416 2406 1598 2490 laetitiam,
1625 2421 1659 2476 et
1675 2408 1965 2476 cousuetudinem
1983 2429 2064 2474 cum

1077 2509 1163 2596 ipso.
1213 2503 1310 2576 ldem
1336 2522 1412 2596 post
1436 2507 1572 2596 lapsum
1593 2504 1755 2577 homines
1781 2532 1844 2597 per
1866 2522 1901 2578 et
1921 2520 2066 2599 propter

1076 2609 1188 2677 lilium
1212 2606 1410 2677 Dominum
1436 2622 1597 2677 nostrum
1622 2607 1738 2678 lesum
1764 2606 1966 2694 Christum,
2008 2632 2066 2678 re-

1077 2713 1231 2792 demtos,
1272 2710 1364 2778 etin
1390 2709 1537 2799 gratiam
1565 2723 1722 2800 receptos
1744 2734 1866 2780 rursus
1889 2709 2067 2780 revocavit

1078 2837 1118 2880 ex
1137 2826 1271 2900 morte,
1297 2836 1336 2880 ac
1351 2812 1504 2881 restituit
1525 2813 1569 2880 ad
1589 2811 1716 2894 vitam,
1742 2812 1911 2880 iustitiam
1934 2824 1968 2880 et
1989 2811 2066 2900 glo-

1078 2915 1167 2982 riam
1191 2926 1390 2997 aeternam,
1416 2913 1583 3006 deditque
1602 2915 1854 3005 promissiones
1875 2914 1919 2981 de
1941 2911 2068 2982 remis·

1077 3015 1176 3084 sione
1202 3027 1442 3104 peccatorum,
1476 3016 1699 3107 restitutione
1722 3017 1862 3100 salutis,
1901 3037 2067 3085 consum-

1077 3115 1235 3184 matione
1257 3115 1431 3200 iustitiae,
1462 3140 1503 3185 ac
1519 3117 1727 3187 coelestibus
1744 3131 1778 3188 et
1793 3117 1943 3188 aeternis
1959 3117 2069 3186 bena

1077 3218 1178 3291 liciis.
1225 3215 1323 3286 Haec
1338 3240 1411 3288 esse
1426 3219 1626 3306 verissima,
1652 3219 1854 3290 assensione
1868 3217 2072 3288 firmissima

1078 3334 1283 3390 statuamus.
1366 3325 1373 3338 '

1183 3419 1329 3492 Necesse
1347 3435 1552 3504 astantem,
1578 3435 1617 3492 ut
1631 3423 1669 3492 iu
1688 3418 1754 3492 bac
1776 3423 1847 3492 vita
1867 3437 1949 3495 ante
1972 3446 2069 3493 mor·

1078 3535 1149 3594 tem
1173 3522 1392 3612 corporalem
1414 3525 1473 3593 fiat
1496 3525 1679 3595 conversio
1700 3526 1745 3594 ad
1765 3522 1900 3610 Deum,
1948 3539 1983 3596 et
2011 3526 2070 3592 in·

1081 3619 1258 3696 chointur
1273 3649 1313 3694 ac
1330 3641 1486 3697 crescant
1500 3653 1581 3695 vera
1598 3628 1703 3713 fides,
1735 3650 1817 3696 vera
1840 3627 1974 3716 agnitio
1989 3624 2069 3707 Dei,
2124 3627 2126 3632 ’
2246 3639 2250 3646 ’

1079 3726 1269 3806 vivificatio
1280 3781 1293 3816 „
1315 3728 1512 3797 consolatio
1535 3743 1568 3798 et
1590 3730 1805 3801 obedientia.
1864 3728 1953 3800 Vult
1975 3729 2069 3796 enim

1080 3825 1195 3911 Deus,
1230 3842 1271 3897 ut
1294 3829 1330 3896 in
1354 3825 1421 3898 hac
1447 3831 1572 3898 misera
1598 3853 1727 3914 nrassa,
1758 3832 1802 3898 sit
1824 3843 1858 3898 et
1885 3830 2072 3916 colligatur

1080 3944 1221 4000 aeterna
1245 3926 1400 3999 Ecclesia
1430 3932 1466 3998 in
1499 3927 1566 3999 lroc
1596 3947 1743 4018 angusto
1772 3931 1950 4000 curriculo
1981 3929 2072 3998 vitae
2181 3938 2189 3956 “

1080 4032 1252 4103 mortalis.
1305 4029 1357 4100 Ac
1377 4033 1444 4100 nisi
1467 4035 1504 4099 in
1529 4034 1702 4119 praesenti
1728 4033 1800 4100 vita
1824 4027 1907 4100 haec
1927 4029 2072 4100 divinae

1080 4134 1187 4216 lucis,
1212 4133 1427 4223 sapientiae,
1456 4133 1707 4201 consolationis
1730 4146 1763 4201 et
1785 4131 1953 4204 novitatis
1969 4133 2072 4202 initia

1081 4235 1211 4304 sintin
1235 4237 1338 4302 nobis
1355 4259 1516 4314 accensa,
1543 4232 1673 4326 quibus
1698 4235 1741 4304 ad
1765 4246 1945 4306 aeternam
1969 4228 2073 4303 scho-

1082 4339 1150 4404 lam
1169 4361 1435 4426 praeparamur,
1461 4337 1614 4404 nouerit
1632 4351 1750 4434 postea
1767 4335 1871 4404 nobis
1886 4337 2004 4408 aditus
2027 4339 2072 4406 ad

1081 4438 1265 4506 coelestem
1289 4433 1502 4522 Ecclesiam,
1534 4463 1622 4530 quae
1646 4435 1711 4506 Dei
1742 4451 1954 4528 conspectu,
1987 4464 2074 4509 cou-

1081 4540 1287 4621 suetudine,
1326 4539 1498 4630 sapientia
1519 4557 1553 4609 et
1578 4541 1736 4609 bonitate
1759 4542 1845 4608 laeta
1870 4541 2009 4610 fruetur
2035 4541 2072 4608 in
2114 4575 2125 4584 -

1081 4641 1179 4709 omui
1196 4639 1410 4711 aeternitate.
1465 4639 1566 4728 Quae
1583 4654 1622 4710 ut
1640 4665 1739 4724 vera,
1766 4656 1858 4710 certa
1878 4655 1909 4711 et
1927 4645 2074 4711 immota

1081 4757 1183 4827 sunt,
1211 4743 1256 4832 ita
1274 4765 1419 4835 prorsus
1439 4757 1490 4812 est
1507 4745 1741 4812 trecenarium
1758 4767 1795 4812 ea
1813 4745 1965 4825 discere,
1999 4767 2075 4810 me-

1081 4843 1241 4927 minisse,
1279 4869 1317 4912 ac
1342 4844 1541 4914 firmissima
1567 4845 1636 4912 lide
1659 4845 1834 4935 amplecti.
1898 4841 1967 4911 Hic
1991 4868 2072 4934 ergo

1080 4947 1227 5016 teneatis
1249 4933 1403 5028 dictum,
1437 4946 1537 5038 quod
1558 4947 1724 5014 omnibus
1751 4947 1974 5015 notissimum
2000 4971 2074 5016 esse

1079 5047 1256 5136 oportuit,
1282 5044 1382 5117 Beati
1399 5047 1531 5118 mortui
1546 5047 1607 5138 qni
1627 5049 1662 5114 in
1682 5043 1839 5117 Domino
1857 5048 2074 5133 moriuntur,

1081 5143 1147 5217 boc
1165 5164 1236 5228 est,
1263 5150 1325 5240 qui
1346 5144 1532 5240 antequam
1558 5143 1641 5218 binc
1661 5151 1891 5228 decederent,
1918 5173 2073 5237 agnove-

1079 5249 1384 5333 runtDominum,
1411 5264 1444 5320 et
1460 5250 1497 5316 in
1516 5250 1584 5318 lide
1600 5275 1639 5319 ac
1655 5273 1734 5318 vera
1751 5249 1976 5322 invocatione
1993 5277 2073 5339 per·

1078 5365 1296 5435 severantes,
1329 5351 1368 5418 in
1396 5347 1461 5419 bac
1486 5352 1558 5422 vita
1586 5377 1621 5421 se
1642 5351 1715 5420 lilio
1736 5349 1799 5422 Dei
1822 5350 1974 5424 Domino
1994 5353 2075 5424 lesu
