4620 5814
171 231 247 306 515
458 243 462 251 ’
774 223 898 296 PHlL.
926 223 1042 303 utut.
1069 224 1278 299 SCRIPTA
1307 225 1606 306 EXEGETlCA.
1968 263 1969 268 ¹
2127 227 2208 302 516

177 407 272 499 qnod
289 405 393 477 dicit:
421 397 573 489 Aldigor
589 397 805 491 propterTe,
828 399 925 471 iuxta
939 401 1047 472 illud:
1075 399 1164 471 Pro·
1213 399 1401 474 Ecclesiae.
1469 399 1568 472 Sicut
1606 414 1721 471 autem
1759 405 1798 472 in
1829 403 2068 494 descriptione
2101 401 2208 471 verae

178 521 255 600 pter
269 521 301 576 te
319 521 513 576 mactamur
526 515 598 573 tota
616 501 682 598 die.
717 545 721 550 -
1214 501 1392 576 Ecclesiae
1422 506 1495 574 duo
1525 504 1619 573 bona
1649 506 1868 590 nominavit,
1915 507 2138 574 sanctitatem
2172 516 2211 572 et

282 604 504 677 Describitur
528 626 611 692 ergo
633 599 701 672 hoc
727 625 848 688 versu,
883 627 972 698 quae
994 606 1039 674 sit
1062 627 1166 674 causa
1215 608 1381 697 gloriam:
1412 607 1460 675 ita
1485 606 1523 673 in
1548 606 1785 697 descriptione
1807 608 1915 676 lalsae
1938 603 2115 676 Ecclesiae
2139 629 2210 673 no-

166 704 512 803 .passionisChristi.
564 703 714 796 Propter
729 719 763 774 te
777 707 909 797 patior,
933 707 970 776 id
987 722 1058 787 est,
1081 731 1166 798 pro·
1215 711 1329 778 minat
1358 709 1487 799 duplex
1520 708 1662 776 malum.
1723 708 1862 778 Malum
1897 710 2041 799 culpae,
2073 707 2111 776 id
2145 721 2212 790 est,

181 828 259 904 pter
282 824 381 880 tuum
404 831 570 879 arcanum
595 807 782 876 consilium
807 809 851 877 de
872 809 1090 878 restituendo
1107 830 1167 897 ge·
1216 825 1373 903 peccata,
1411 825 1444 904 et
1476 809 1608 877 malum
1636 833 1792 900 poenae,
1827 810 2008 889 videlicet,
2043 808 2211 880 reiectio-

182 937 267 984 nere
296 908 473 993 humano,
506 912 600 1002 quod
632 909 775 979 voluisti
800 933 856 978 me
879 911 959 979 lieri
980 913 1169 979 victimam.
1217 938 1298 982 nem
1316 928 1348 982 et
1364 909 1643 982 damnationem.
1694 909 1838 982 Peccata
1856 924 1957 994 sunt,
1982 911 2069 980 falsa
2083 906 2210 979 Eccle-

182 1015 278 1086 Huic
301 1026 380 1084 tuae
403 1012 579 1082 voluntati
605 1012 828 1098 obtempero,
855 1026 888 1082 et
912 1013 1067 1083 sustineo
1083 1007 1169 1080 hor·
1218 1017 1267 1084 sia
1292 1012 1462 1102 excogitat
1487 1011 1555 1079 sibi
1576 1012 1690 1096 idola,
1715 1013 1788 1083 imo
1814 1013 1925 1083 multa
1948 1013 2043 1081 idola
2060 1013 2212 1081 commi-

183 1117 310 1186 rendas
339 1137 488 1207 poenas,
504 1155 506 1158 -
521 1136 596 1182 nnn
623 1125 767 1202 propter
792 1113 909 1204 aliqua
930 1138 1007 1182 mea
1030 1115 1169 1182 delicta.
1218 1115 1384 1198 niscitur‚
1416 1112 1553 1208 quaerit
1576 1113 1685 1183 alium
1705 1113 1844 1200 Deum,
1865 1130 1900 1186 et
1924 1117 1966 1185 ad
1991 1110 2089 1183 huuc
2110 1112 2212 1182 lesti-

185 1216 305 1307 Quttre
327 1241 408 1287 cum
429 1216 477 1284 sis
499 1212 595 1284 Deus
621 1237 740 1296 meus,
775 1227 809 1283 et
830 1215 918 1284 velis
941 1239 997 1283 me
1018 1237 1170 1297 servare,
1220 1231 1298 1301 nat,
1324 1211 1409 1284 huic
1432 1215 1597 1298 conlidit,
1622 1210 1719 1284 hunc
1742 1217 1906 1286 celebrat.
1959 1214 2064 1303 Quid.
2077 1227 2128 1284 est
2143 1237 2210 1282 au-

185 1333 219 1390 et
241 1319 405 1407 colligere
429 1317 494 1387 tibi
517 1315 672 1409 aliquam
696 1311 890 1385 Ecclesiam
907 1331 1101 1400 aeternam,
1125 1339 1172 1384 ne
1221 1334 1289 1391 tem
1309 1318 1445 1386 idolum
1463 1317 1595 1396 colere,
1622 1330 1682 1387 aut
1699 1317 1809 1387 alium
1825 1315 1966 1387 Deum?
2017 1314 2213 1406 Multiplcx

186 1422 281 1491 sinas
304 1445 358 1490 me
381 1420 420 1487 in
443 1413 500 1486 his
519 1418 697 1487 aerumnis
723 1418 967 1504 succumbere,
1001 1419 1062 1488 sed
1087 1441 1171 1487 coub
1220 1433 1272 1491 est
1286 1418 1498 1489 idololatria.
1536 1414 1697 1486 Primum
1714 1432 1797 1489 scint
1813 1419 2039 1502 idololatrae,
2065 1418 2128 1507 qui
2142 1413 2214 1485 hoc

186 1523 285 1596 firma
304 1535 339 1592 et
354 1533 530 1609 sustenta,
557 1532 591 1589 et
609 1519 718 1587 libera
734 1543 801 1588 me.
1221 1519 1580 1611 linguntesseDeum,
1596 1521 1689 1611 quod
1702 1544 1774 1590 non
1786 1518 1951 1603 estDeus,
1965 1514 2215 1589 sicutEthnici

289 1621 428 1693 Sanctis
452 1621 617 1716 quisunt
639 1622 677 1688 in
701 1633 812 1704 terra,
847 1622 946 1713 quasi
971 1620 1082 1701 dicat,
1115 1615 1173 1689 Ad
1222 1637 1354 1695 statuas
1388 1644 1486 1700 suas,
1528 1617 1667 1700 lovem,
1709 1621 1882 1701 Martem,
1924 1619 2118 1700 lunonem,
2160 1619 2215 1688 sic

187 1721 253 1794 hos
277 1725 429 1813 pertinet
453 1718 539 1792 haec
555 1747 630 1791 mea
648 1722 782 1813 passio,
807 1719 1045 1816 Estquehaec
1059 1721 1174 1813 appli—
1224 1726 1328 1796 etiam
1344 1723 1504 1815 Papistae
1523 1735 1661 1792 sanctos
1676 1736 1800 1811 putant
1816 1745 1889 1792 esse
1904 1718 2017 1807 Deos,
2044 1723 2216 1790 invocant

189 1826 279 1898 catio
295 1849 360 1917 pro
375 1821 552 1906 Ecclesia,
580 1821 839 1895 sicutChristus
853 1825 928 1915 ipse
943 1839 1025 1895 ante
1041 1822 1175 1914 passio·
1224 1851 1282 1896 eos
1305 1841 1472 1917 tanquam
1492 1825 1564 1893 sint
1579 1825 1857 1915 omnipotentes,
1884 1837 2051 1917 tanquam
2067 1823 2216 1892 videant

190 1951 270 1997 nem
286 1927 360 1996 suis
376 1925 491 1996 verbis
505 1925 711 2016 applicavit:
739 1923 842 2015 Rogo
856 1950 922 2022 pro
937 1927 997 2008 eis,
1019 1945 1093 1994 uun
1111 1948 1174 2015 pro
1225 1943 1340 1998 motus
1362 1927 1524 1995 omnium
1548 1926 1722 1998 cordium.
1773 1924 1867 1994 Haec
1891 1921 2008 1995 adhuc
2030 1938 2081 1994 est
2095 1923 2218 1993 mani-

190 2031 403 2112 cistantum,
428 2028 1175 2119 sedproomnibusquierediturisuntper
1224 2033 1309 2099 festa
1340 2029 1557 2098 idololatria:
1594 2039 1627 2096 et
1658 2030 1701 2096 ad
1736 2023 1832 2097 hunc
1859 2030 2007 2115 gradum
2034 2026 2217 2116 pertinent

191 2133 338 2202 verbum
361 2154 495 2200 eorum.
553 2128 658 2199 Pater
680 2129 855 2198 sanctifica
878 2153 937 2199 ens
959 2133 996 2197 in
1020 2128 1177 2212 veritate,
1226 2127 1334 2203 Athei
1351 2153 1412 2199 seu
1426 2126 1595 2219 Epicurei
1610 2124 1828 2219 blasphemi,
1856 2127 1918 2221 qui
1935 2127 2095 2198 sentiunt
2109 2151 2214 2218 pror-

189 2255 305 2304 sermo
323 2244 403 2302 tuus
420 2244 471 2302 εει
488 2230 625 2302 veritas.
678 2225 715 2299 Ο
731 2232 869 2300 dulcem
887 2231 1177 2314 consolationem,
1225 2257 1283 2304 sus
1309 2227 1400 2311 nihil
1422 2254 1494 2299 esse
1507 2227 1642 2314 Deum,
1669 2245 1729 2300 aut
1752 2255 1825 2298 non
1846 2253 1969 2299 curare
1985 2224 2140 2298 humana
2155 2229 2216 2297 di·

191 2328 250 2405 hic
267 2334 421 2405 ostendit
437 2332 550 2404 Filius
564 2329 629 2400 Dei
647 2354 682 2398 εε
700 2355 773 2400 εεεε
790 2333 988 2423 pontificem
1006 2346 1177 2415 nostrum,
1226 2347 1327 2414 cunt,
1354 2333 1474 2426 quales
1498 2345 1581 2400 sunt
1607 2332 1750 2420 plurimi
1768 2329 1955 2401 Pontifices
1979 2344 2013 2400 et
2028 2328 2219 2415 Canonici,

192 2451 227 2507 et
247 2435 546 2524 interpellatorem
572 2432 665 2523 apud
682 2430 808 2504 Deum.
861 2431 913 2502 Ita
937 2429 995 2503 hic
1011 2433 1177 2523 applicat:
1227 2451 1260 2506 et
1288 2434 1349 2504 alii
1375 2430 1561 2524 Epicurei,
1601 2434 1662 2526 qui
1692 2435 1846 2523 cogitant
1875 2429 2111 2522 Evang'elium
2141 2454 2219 2501 esse

192 2534 276 2606 Mea
297 2537 411 2626 passio
436 2534 545 2604 servit
567 2534 695 2602 sanctis
718 2548 753 2605 et
774 2530 993 2604 honorandis
1013 2535 1053 2602 in
1073 2548 1177 2614 terra,
1225 2539 1392 2608 fabulam.

193 2633 250 2710 his
273 2650 327 2707 est
349 2638 532 2729 profutura
556 2636 599 2704 ad
618 2635 792 2721 salntem,
809 2635 872 2729 qui
889 2651 972 2707 sunt
988 2637 1114 2720 sancti,
1139 2636 1176 2704 id
1328 2636 1511 2706 Pertinent
1540 2637 1645 2708 etiam
1674 2631 1759 2721 huc,
1794 2638 1855 2720 qui
1881 2649 2009 2724 negant
2031 2627 2218 2705 Christum

104 2831 108 2840 .
194 2754 264 2826 est,
296 2739 376 2810 Deo
400 2738 524 2822 dicati,
553 2737 668 2808 Deum
692 2739 916 2823 invocantes,
941 2751 1178 2828 agnoscentes,
1228 2765 1300 2810 esse
1313 2737 1447 2823 Deum,
1474 2753 1512 2809 ut
1530 2737 1649 2810 ludaei
1665 2753 1701 2810 et
1715 2735 1839 2808 Ariani
1856 2752 1986 2828 negant
1999 2736 2133 2808 Filium
2149 2733 2220 2804 Dei

194 2843 366 2926 colentes,
391 2838 439 2910 Hi
457 2853 559 2919 sunt,
583 2839 645 2932 qui
661 2863 777 2909 meum
794 2837 1028 2930 Evangelium
1045 2841 1177 2933 ample·
1229 2843 1433 2913 crucifixum
1452 2855 1484 2912 et
1501 2842 1762 2917 resuscitatum,
1782 2837 1989 2909 esseDeum.
2027 2836 2078 2906 Hi
2094 2860 2222 2906 omnes

194 2956 356 3027 ctuutur,
380 2937 447 3012 hos
467 2942 585 3011 iudico
603 2954 750 3011 ‘sanctos
774 2953 808 3010 et
828 2939 1017 3030 gloriosos,
1043 2968 1107 3035 pro
1125 2938 1179 3011 his
1229 2953 1303 3015 ndu
1320 2943 1443 3013 cnlrrnt
1458 2957 1493 3014 et
1506 2945 1673 3012 invocant
1688 2966 1810 3011 verum
1826 2939 1962 3025 Deum,
1989 2941 2061 3009 imo
2077 2940 2222 3008 nullum

96 3055 102 3068 ’
193 3070 252 3117 me
272 3045 405 3124 offero,
430 3044 521 3112 sicut
545 3041 631 3112 alias
655 3042 789 3136 inquit:
815 3043 890 3133 Ego
908 3069 972 3134 pro
985 3045 1036 3115 eis
1051 3046 1180 3114 sancti·
1229 3045 1343 3118 Deum
1365 3040 1514 3129 habent,
1541 3043 1624 3137 quia
1647 3039 1742 3112 hunc
1759 3044 1873 3112 solum
1890 3057 1924 3112 et
1938 3042 2083 3111 unicum
2101 3037 2221 3109 Deum

194 3149 260 3220 lico
282 3147 475 3237 meipsum,
502 3140 558 3214 his
574 3142 712 3235 applico
730 3170 846 3214 meum
864 3147 1091 3226 sacrificium,
1115 3142 1180 3215 hos
1230 3173 1302 3219 nnn
1326 3161 1460 3217 norunt
1481 3170 1545 3215 nec
1570 3147 1758 3230 invocant,
1789 3146 1850 3236 qui
1874 3157 1924 3215 est
1948 3158 2046 3230 pater
2068 3139 2221 3212 Domini

193 3275 276 3322 amo
297 3263 332 3320 et
354 3247 587 3339 complector,
613 3261 647 3317 et
670 3271 733 3338 pro
751 3242 807 3316 his
822 3269 920 3337 rogo.
976 3247 1025 3317 lta
1042 3243 1099 3316 hic
1118 3249 1180 3315 de·
1230 3251 1342 3322 nostri
1368 3247 1447 3318 lesu
1462 3245 1616 3328 Christi,
1644 3248 1687 3316 de
1712 3271 1783 3338 quo
1810 3245 1917 3316 dixit:
1943 3243 2013 3314 Hic
2037 3258 2088 3314 est
2103 3241 2222 3312 Filius

170 3352 403 3424 clarandum
434 3361 484 3419 est
516 3350 748 3435 vocabulum,
773 3347 906 3424 Sancti.
958 3345 1093 3443 Estque
1123 3344 1182 3418 hic
1232 3377 1330 3422 nteus
1354 3351 1522 3431 dilectus,
1550 3374 1620 3442 quo
1645 3347 1816 3432 delector,
1843 3347 1953 3417 Hunc
1978 3347 2107 3418 audite.
2159 3342 2223 3414 Sic

196 3454 270 3546 ipse
297 3451 466 3523 articulus
493 3450 532 3519 in
561 3452 739 3545 symbolo:
774 3448 890 3523 Credo
912 3451 1103 3521 Ecclesiam
1124 3475 1181 3520 ca.
1231 3456 1308 3525 vult
1339 3453 1482 3541 agnosci
1511 3466 1545 3524 et
1568 3449 1743 3533 invocari,
1774 3451 1864 3519 sicut
1889 3449 2023 3539 seipse
2047 3445 2226 3539 patelecit,

195 3552 363 3628 tholicam
399 3565 572 3637 sanctam,
612 3554 649 3622 id
678 3567 750 3634 est,
783 3555 933 3632 dicatam
966 3554 1059 3638 Deo,
1100 3576 1195 3622 vere.
1232 3557 1328 3650 quod
1354 3555 1399 3626 sit
1422 3566 1522 3644 pater
1545 3546 1650 3621 huius
1668 3549 1773 3635 Filii,
1798 3553 1860 3643 qni
1878 3565 1927 3620 est
1942 3551 2018 3619 eius
2035 3560 2223 3620 coaeterua

196 3668 461 3748 agnoscentem,
486 3655 659 3723 colentem
684 3667 717 3722 et
733 3655 967 3725 celebrantem
982 3652 1118 3740 Deum,
1143 3657 1183 3724 in
1231 3660 1367 3746 imago,
1389 3669 1423 3725 et
1436 3657 1531 3748 quod
1549 3666 1692 3744 propter
1708 3648 1803 3721 hunc
1818 3653 1902 3720 velit
1917 3654 2097 3723 credentes
2114 3664 2146 3719 et
2163 3650 2225 3718 in-

197 3760 266 3830 fide
290 3771 325 3828 et
346 3755 565 3827 consessione
581 3753 667 3825 Filii
680 3755 760 3828 Dei.
810 3753 906 3824 Haec
929 3753 1181 3826 etiamestho·
1234 3772 1399 3828 vocantes
1417 3758 1584 3847 recipere,
1610 3767 1642 3823 et
1659 3755 1743 3823 dare
1759 3755 1867 3823 vitam
1883 3766 2071 3826 aeternam.
2121 3750 2225 3823 Sicut

198 3862 358 3934 notanda
381 3872 415 3929 et
437 3857 608 3948 gloriosa,
634 3858 717 3951 quia
733 3857 833 3926 Deus
853 3857 1006 3925 vicissim
1025 3881 1100 3925 earn
1118 3854 1183 3928 ho·
1235 3857 1356 3933 lohan.
1376 3856 1431 3932 17.
1459 3858 1605 3928 dicitur:
1633 3852 1730 3924 Haec
1753 3869 1806 3925 est
1827 3857 1897 3924 vita
1921 3869 2082 3938 aeterna,
2107 3869 2147 3923 ut
2160 3878 2225 3922 co·

197 3986 286 4037 nore
308 3960 435 4044 afficit,
462 3959 588 4030 tribuit
609 3959 641 4027 ei
663 3957 833 4049 gloriam,
860 3959 992 4029 scilicet
1010 3957 1182 4051 Spiritum
1233 3976 1402 4053 gnoscant
1418 3975 1453 4030 te
1466 3959 1581 4029 solum
1598 3981 1671 4027 esse
1684 3980 1809 4044 verum
1823 3955 1955 4042 Deum,
1982 3969 2016 4027 et
2032 3979 2135 4048 quern
2154 3956 2225 4023 mi-

152 4151 157 4160 ·
199 4078 376 4146 sanctum,
401 4077 435 4136 et
459 4060 716 4154 perspiritum
739 4076 896 4134 sanctum
924 4060 1057 4149 lucem,
1082 4061 1179 4134 iusti·
1233 4065 1309 4136 sisti
1326 4063 1461 4146 Iesum,
1485 4085 1558 4131 esse
1570 4055 1766 4130 Christum.

198 4168 288 4244 ciam
307 4179 340 4236 ct
354 4165 462 4238 vitam
480 4164 742 4256 sempiternam.
1335 4162 1520 4235 Secundus
1535 4164 1664 4253 gradus
1678 4174 1729 4232 est
1742 4159 1945 4245 obscurior,
1971 4158 2031 4227 sed
2047 4156 2226 4248 superiori

299 4265 424 4340 Brevis
446 4282 499 4338 est
517 4267 728 4350 versiculus,
751 4266 811 4335 sed
827 4263 1037 4357 pulcerrima
1053 4266 1184 4336 descri-
1234 4279 1413 4356 cognatus.
1463 4263 1670 4356 Idololatria
1694 4277 1745 4334 est
1761 4265 1875 4334 colere
1890 4261 2005 4334 Deum
2021 4261 2098 4330 sine
2111 4259 2224 4328 verbo

199 4369 273 4465 ptio
287 4364 480 4440 Ecclesiae:
507 4380 541 4438 et
561 4363 646 4437 hinc
669 4367 829 4461 sequitur
851 4361 1052 4452 antithesis,
1076 4393 1183 4461 quam
1234 4370 1364 4462 ipsius,
1390 4367 1591 4456 excogitatis
1612 4365 1766 4464 propriis
1788 4363 1961 4446 cultibus,
1988 4374 2022 4432 et
2047 4360 2226 4431 confidere

199 4496 280 4544 mox
300 4467 473 4560 adiungit.
525 4466 601 4541 Alit
618 4493 690 4539 nnn
706 4482 789 4539 sunt
805 4469 936 4554 sancti,
963 4471 1083 4554 idest,
1110 4494 1184 4539 non
1233 4466 1291 4540 his
1311 4471 1486 4556 cultibus,
1513 4469 1609 4562 qnod
1635 4479 1778 4558 propter
1801 4489 1861 4535 ens
1882 4465 1980 4538 Deus
2004 4462 2165 4533 exaudiat
2190 4475 2227 4530 et

197 4586 281 4646 sunt
297 4571 403 4642 dicati
417 4570 515 4659 Deo,
540 4595 613 4642 uon
629 4585 855 4662 agnoscentes
871 4569 1008 4657 Deum,
1034 4596 1108 4642 non
1125 4596 1185 4642 co·
1234 4573 1443 4644 benefaciat.
1496 4571 1596 4643 Sicut
1611 4569 1696 4638 olim
1709 4569 1831 4638 Iudaei
1848 4565 2092 4656 excogitabant
2106 4564 2227 4632 varios

197 4678 326 4760 leutes,
353 4695 417 4744 nec
439 4689 522 4746 sunt
535 4669 758 4759 honorandi,
784 4674 822 4743 id
840 4687 911 4759 est,
938 4689 1055 4746 carent
1071 4675 1183 4765 gloria
1236 4674 1370 4758 cultus,
1396 4686 1431 4743 et
1451 4673 1616 4743 fiduciam
1631 4666 1760 4741 horum
1777 4669 1936 4740 cultuum
1952 4663 2145 4736 habebant:
2173 4665 2226 4735 ita

196 4777 284 4865 Dei,
308 4801 383 4847 non
406 4790 490 4872 sunt
511 4777 626 4847 ornati
651 4775 763 4847 aDeo
787 4776 883 4856 luce,
910 4776 1102 4868 sapientia,
1128 4776 1183 4845 iu·
1235 4799 1331 4846 nunc
1345 4773 1507 4867 Papistae
1528 4773 1650 4843 colunt
1666 4770 1802 4856 Deum,
1827 4773 1926 4843 cultu
1943 4769 2094 4854 Missae,
2120 4768 2227 4852 votis,

195 4881 313 4961 stiria,
340 4878 410 4949 vita
426 4892 578 4953 aeterna.
1234 4874 1464 4952 Monachatu.
1515 4873 1593 4944 Hae
1608 4896 1680 4959 res,
1703 4872 1831 4958 Missa,
1856 4865 2112 4954 Monachatus,
2140 4883 2225 4940 sunt

298 4981 536 5074 Multiplicata
568 4991 653 5050 sunt
678 4977 772 5048 idola
796 4980 960 5063 illorum,
998 4993 1075 5070 post
1095 5004 1184 5072 qttae
1234 5004 1316 5051 vera
1343 4980 1457 5064 idola,
1490 4979 1572 5073 quia
1597 4977 1805 5067 scriptumm
1830 4988 1895 5045 est:
1930 4973 2073 5044 Frustra
2098 4972 2226 5042 colunt

170 5083 374 5158 'festinant
424 5080 524 5155 Dixit
544 5106 581 5152 se
595 5103 733 5173 passum
750 5103 824 5151 esse
839 5104 902 5172 pro
918 5105 999 5151 vera
1017 5077 1184 5152 Ecclesia.
1233 5106 1290 5153 me
1313 5081 1490 5153 mandatis
1513 5076 1710 5148 hominum.
1764 5073 1870 5161 Item,
1898 5073 2013 5147 honos
2035 5075 2225 5167 qnidcbe-

195 5183 299 5256 Hanc
316 5208 413 5256 nunc
430 5183 658 5256 discernitab
674 5181 810 5276 impiis,
836 5183 898 5275 qui
914 5185 1043 5254 uolunt
1061 5209 1181 5255 verum
1234 5197 1294 5254 tur
1322 5180 1480 5264 Christo,
1513 5181 1661 5263 scilicet,
1694 5179 1821 5250 fiducia
1852 5179 2075 5256 mediatoris,
2106 5189 2225 5246 trans-

195 5289 316 5359 Deum
346 5310 572 5375 cognoscere,
602 5297 636 5356 et
663 5299 924 5379 persequuntur
946 5280 1127 5357 Christum
1149 5300 1182 5357 et
1233 5287 1346 5356 fertur
1374 5287 1411 5354 in
1431 5283 1598 5372 Missam,
1627 5283 1664 5352 in
1688 5297 1794 5370 vota,
1827 5284 1864 5352 in
1889 5295 2048 5352 mortuos
2072 5292 2227 5362 sanctos,

193 5401 341 5490 patrem.
402 5387 529 5461 Tradit
551 5389 661 5480 igitur
683 5389 870 5461 discrimen
896 5389 1004 5461 falsae
1024 5403 1057 5460 et
1081 5412 1183 5458 verae
1205 5422 1209 5462 t
1232 5402 1267 5460 et
1280 5387 1412 5460 similes
1428 5409 1495 5463 res.
1984 5377 1985 5384 ἵ
