4622 5818
191 109 314 232 'sco
408 107 414 114 ’
796 129 1345 225 aerumnosarum
1367 103 1669 218 macerino
1951 139 2016 154 '·
2200 147 2269 226 coo

342 319 390 396 Et
415 316 518 412 saepe
549 316 635 390 alias
656 314 790 391 dictum
815 324 883 384 est:
922 308 1079 400 manao
1104 313 1237 405 incipis
1290 307 1418 404 magna
1451 311 1647 406 profanitas
1681 308 1801 388 nunc'
1818 318 1896 404 est,t
1930 335 2004 389 non
2034 311 2271 396 adsuefaciunt

246 445 341 516 aqam
360 423 610 517 precationem,
627 413 808 508 cogitasel
822 409 1096 506 patefactionem
1109 409 1238 488 factam
1291 439 1328 488 se
1350 411 1515 487 homines
1538 416 1584 487 ad
1606 413 1867 508 precationem,
1895 418 1976 490 ideo
1998 445 2133 514 poenae
2153 425 2272 495 mundi

248 533 288 600 in
307 529 481 619 baptismo
503 518 658 603 Christi,
682 517 739 588 vel
763 517 889 586 factam
914 514 953 584 in
976 529 1117 598 monte,
1144 517 1239 590 iuxta
1291 543 1366 588 non
1390 516 1612 608 mitigantur.
1653 515 1801 590 ‘Hortor
1820 535 1938 602 autern
1961 547 2024 594 vos
2046 527 2089 594 ad
2104 525 2192 596 tales
2206 551 2273 596 me·

250 627 342 702 hanc
361 625 566 704 historiam,
592 622 643 722 'de
665 641 734 712 qua
753 617 824 688 iam
839 615 919 704 dico
929 667 940 702 ,
970 630 1004 687 et
1020 618 1189 689 exsuscita
1207 632 1240 690 te
1291 619 1483 694 ditationes
1506 631 1542 690 et
1561 619 1797 714 precationes.
1852 621 1998 710 Dictum
2021 638 2072 697 est
2093 627 2138 698 de
2165 626 2272 720 primo

222 747 224 757 “
251 736 296 805 ad
312 727 376 802 has
390 726 633 819 cogitationes:
660 719 833 792 Discerno
850 741 963 788 meam
980 717 1240 791 invocationem

253 835 299 906 ab
322 829 546 903 invocatione
570 819 743 901 Ethnlca,
785 821 891 890 credo
926 841 1000 888 non
1025 841 1097 890 esse
1121 821 1242 892 irritos
1316 880 1320 890 .

254 941 395 1008 nostros
411 931 560 1021 gemitus
583 938 619 996 et
633 937 726 996 sota.
762 919 893 992 Credo
908 943 965 992 me
981 923 1140 991 exaudiri
1157 947 1242 1016 pro.
1343 914 1345 924 ’

254 1051 335 1130 pter
365 1035 496 1115 filium,
545 1026 628 1121 quia
660 1025 740 1094 ideo
781 1036 863 1092 suut
892 1021 1004 1093 factae
1038 1024 1242 1114 patefactio·

255 1161 339 1218 nes,
372 1148 414 1206 ut
442 1131 611 1215 sciamus,
643 1127 725 1222 quis
744 1124 791 1222 sit
812 1147 916 1197 verus
935 1121 1052 1218 Deus,
1079 1137 1113 1196 et
1134 1149 1243 1219 quare
1296 1125 1303 1134 '

258 1238 433 1310 exaudiat.

358 1335 429 1408 Hic
455 1356 539 1407 usus
569 1327 696 1408 harum
717 1326 948 1404 historiarum
977 1327 1245 1399 commonefacit

258 1466 345 1527 nos,
370 1462 478 1534 quare
493 1433 560 1508 hae
574 1437 757 1506 mirandae
773 1457 827 1502 res
853 1433 964 1502 factae
986 1431 1077 1510 sint,
1103 1443 1138 1502 et
1156 1430 1245 1499 scia-

257 1567 339 1616 mus
360 1541 467 1612 factas
490 1562 579 1624 esse,
613 1561 688 1608 non
711 1549 850 1606 tantum
873 1545 1017 1624 propter
1034 1546 1122 1630 'tunc
1145 1555 1245 1624 prae-

223 1727 227 1736 ,
261 1659 394 1725 sentes,
420 1645 480 1712 sed
504 1639 671 1711 universa
684 1635 841 1708 Ecclesia
863 1631 993 1730 cogitet
1014 1655 1050 1702 se
1074 1645 1246 1723 spectato-

259 1771 335 1818 rem
350 1768 435 1818 esse.
486 1741 545 1814 Tu
568 1739 642 1832 ipse
657 1733 745 1810 baec
765 1735 942 1825 cogitans,
966 1746 1036 1804 stas
1058 1735 1104 1804 ad
1124 1732 1246 1804 lorda-

259 1871 362 1940 nem,
391 1847 447 1916 vel
463 1859 532 1915 stas
552 1843 590 1910 in
605 1836 673 1910 hoc
689 1851 827 1917 monte,
853 1851 888 1906 et
911 1837 1024 1906 oculis
1046 1850 1079 1931 et
1101 1835 1247 1906 auribus

261 1965 297 2021 et
312 1961 428 2018 mente
444 1944 572 2036 accipis
586 1938 673 2011 haec
697 1939 878 2008 manifesta
892 1937 1104 2010 testimonia.

363 2048 424 2120 Sic
450 2048 496 2116 ad
524 2067 628 2116 usum
662 2055 822 2112 nostrum
860 2039 1118 2110 transferantur
1139 2049 1247 2136 'pate-

260 2150 430 2223 factiones
444 2168 585 2230 omnes,
600 2187 603 2194 ·
617 2158 652 2214 et
670 2138 755 2214 haec
771 2139 932 2210 doctrina
953 2140 1052 2209 utilis
1073 2153 1106 2210 et
1127 2161 1247 2208 neces-

263 2254 353 2323 saria
372 2266 441 2335 est,
468 2262 503 2320 et
519 2247 621 2317 valde
635 2247 820 2314 confirmat
835 2243 939 2322 fidem
954 2242 993 2308 in
1008 2239 1187 2323 cordibus,
1215 2253 1248 2310 et

263 2354 415 2443 seiungit
442 2373 508 2420 nos
529 2349 574 2420 ab
596 2341 761 2418 Ethnicis
783 2357 818 2414 et
844 2342 923 2412 aliis
945 2341 1076 2440 impiis.
1126 2340 1248 2441 ‘Saepe

263 2457 369 2527 etiam
383 2451 512 2543 gratias
533 2449 668 2539 agimus
683 2443 777 2530 Deo,
803 2443 899 2537 quod
920 2442 1091 2512 immensa
1109 2443 1248 2510 miseri·

263 2557 385 2628 cordia
408 2577 443 2622 se
464 2553 513 2634 sic
535 2547 756 2641 patefecerit,
789 2559 823 2616 et
847 2547 944 2636 quud
967 2541 1081 2614 filium
1104 2544 1248 2627 miserit,

264 2660 358 2753 quod
377 2653 627 2746 promissiones
640 2647 797 2738 dederit,
823 2658 888 2715 etc.

364 2755 461 2827 Haec
482 2751 642 2824 doctrina
667 2751 711 2820 de
732 2743 789 2818 his
818 2745 991 2816 exercitiis
1013 2745 1153 2815 videtur
1174 2767 1255 2816 esse.

263 2861 364 2954 parvi
387 2856 575 2938 momenti,
607 2853 669 2923 sed
692 2851 919 2944 profecto‘est
938 2848 1188 2937 saluberrima,
1215 2860 1250 2917 ct

263 2963 415 3032 maxime
441 2952 692 3028 assuefaciendi
717 2964 800 3021 sunt
822 2949 871 3040 pii
893 2951 936 3018 ad
962 2944 1048 3018 haec
1073 2949 1248 3029 exercitia,
1320 2996 1328 3013 .

262 3063 446 3157 inquibus
464 3069 504 3127 'et
525 3055 592 3148 ipsi
613 3053 802 3124 utilitatem
830 3048 1071 3141 experientur,
1097 3050 1249 3120 sentient

244 3165 369 3234 iidem
386 3159 530 3255 accendi
551 3170 585 3227 et
600 3154 821 3238 confirmari,
854 3164 888 3221 et
910 3175 990 3220 vere
1010 3152 1103 3243 pasci
1129 3155 1247 3223 corda.

265 3264 391 3355 Qualis
420 3261 524 3332 etiam
552 3256 770 3349 ingratitudo
798 3267 870 3338 est,
909 3275 989 3322 cum
1012 3253 1108 3323 Deus
1145 3254 1249 3322 toties

261 3365 449 3458 prodierit,
475 3374 508 3432 et
522 3373 619 3431 tanta
635 3356 875 3428 misericordia
889 3355 1113 3424 renovaverit
1126 3351 1249 3422 Eccle-

263 3469 370 3553 siam,
396 3478 428 3534 et
449 3485 504 3532 res
519 3461 698 3530 mirandas
720 3458 858 3540 fecerit,
883 3456 981 3526 nolle
1004 3479 1061 3528 eas
1084 3455 1247 3545 cogitare,

263 3584 325 3640 aut
338 3563 542 3657 imaginari,
568 3558 661 3630 nihil
678 3581 735 3628 eas
751 3559 927 3650 pertinere
943 3558 989 3627 ad
1005 3558 1095 3628 nos?
1143 3558 1248 3628 Absit

264 3669 405 3742 anobis
420 3662 506 3736 haec
522 3663 636 3755 turpis
650 3661 881 3749 ingratitudo.

365 3766 535 3861 Quotidie
549 3787 621 3836 una
640 3784 721 3855 pars
737 3761 975 3852 precationum
997 3781 1071 3828 esse
1082 3758 1248 3844 debebat,

264 3875 397 3946 dicere:
431 3869 510 3960 Ago
532 3865 600 3939 tibi
620 3863 750 3954 gratias
774 3882 855 3930 vere
869 3858 984 3944 Deus,
1010 3860 1247 3951 omnipotens,

264 3991 406 4047 aeterne
427 3983 528 4064 pater
546 3965 693 4041 Domini
714 3963 826 4034 nostri
845 3959 928 4031 'lesu
943 3957 1096 4045 Christi,
1122 3962 1246 4031 condi.

264 4092 323 4150 tor
337 4076 425 4147 coeli
451 4087 486 4143 et
508 4087 639 4152 terrae,
665 4081 699 4138 et
712 4061 898 4135 bominum
914 4075 948 4134 et
962 4059 1139 4132 Ecclesiae
1154 4076 1246 4148 tuae,

262 4201 430 4250 unacum
446 4174 520 4244 lilio
540 4187 601 4244 tuo
614 4167 772 4240 Domino
796 4171 918 4236 nostru
932 4163 1010 4235 lesu
1025 4159 1187 4248 Christo,
1211 4177 1247 4235 et

263 4278 402 4370 Spiritu
417 4291 556 4358 sancto,
582 4273 675 4365 quod
695 4282 729 4339 te
749 4268 920 4336 immensa
934 4265 1173 4336 misericordia
1190 4279 1245 4336 to-

261 4381 329 4450 ties
342 4377 552 4470 patefecisti,
579 4387 614 4443 et
635 4373 690 4439 vis
714 4369 855 4459 agnosci
873 4392 894 4438 a
910 4369 1033 4451 nobis,
1059 4380 1093 4437 ct
1111 4369 1164 4437 vis
1179 4390 1245 4438 nos

261 4482 304 4551 in
328 4503 410 4550 vera
436 4479 615 4568 agnitione
637 4473 689 4570 tui
709 4470 773 4541 tibi
793 4471 977 4560 'copulatos
998 4492 1089 4554 esse,
1120 4484 1154 4540 et
1176 4470 1244 4538 rni-

256 4583 338 4654 sisti
360 4582 487 4664 lilium,
513 4577 548 4649 e't
576 4580 687 4650 donas
708 4596 774 4641 nos
787 4570 923 4662 Spiritu
944 4585 1064 4642 sancto
1089 4584 1171 4651 tuo,
1204 4586 1246 4643 ut

263 4707 346 4756 vera
364 4684 414 4754 tui
430 4682 562 4771 agnitio
577 4683 616 4748 in
632 4675 736 4746 nobis
758 4674 978 4744 accendatur.
1019 4667 1097 4742 Oro
1112 4685 1146 4741 te
1160 4697 1244 4761 pro-

262 4803 342 4882 pter
367 4785 499 4864 lilium,
522 4781 671 4851 accende
694 4778 798 4846 corda
824 4786 942 4843 nostra
962 4771 1098 4860 Spiritu
1122 4787 1243 4843 sancto

260 4904 337 4976 tuo,
362 4900 402 4960 ut
418 4900 451 4958 te
466 4907 547 4954 vere
560 4899 805 4970 agnoscamus,
832 4899 911 4944 vere
930 4875 1153 4961 invocemus,
1178 4876 1243 4946 tibi

262 5013 345 5061 vere
358 4989 581 5066 obediamus,
605 4982 671 5052 tibi
685 4981 815 5070 gratias
828 4998 980 5066 agamus.

1293 719 1463 810 articulo,
1489 743 1600 815 quare
1612 720 1684 792 sint
1697 722 1808 796 factae
1821 726 2083 822 patefactiones.

1572 919 1621 972 De
1644 922 1803 974 secundo
1826 921 1995 978 articulo.

1505 1019 1694 1096 Doctrina
1705 1017 1755 1095 *de
1774 1020 1879 1109 Iesu,
1904 1025 1989 1125 quis
2003 1025 2079 1104 sit.¹

1397 1171 1441 1244 l'n
1467 1174 1565 1244 omni
1591 1173 1824 1267 patefactione
1850 1177 2062 1268 proponitur
2082 1181 2201 1276 aliqua
2217 1187 2273 1256 du-

1220 1293 1221 1298 ’
1296 1275 1427 1361 ctrina,
1460 1275 1519 1344 vel
1546 1275 1736 1368 promissio
1747 1311 1765 1359 ,·
1792 1277 1849 1346 vel
1881 1279 2095 1367 consolatio,
2126 1285 2214 1366 sicut
2240 1288 2272 1356 in

1297 1377 1399 1450 Sinai
1423 1375 1637 1476 proponitur
1658 1374 1745 1452 Lex.
1795 1373 1838 1447 ln
1859 1379 2038 1474 colloquio
2060 1407 2142 1454 cum
2167 1383 2272 1456 Abra-

1297 1475 1378 1550 ham
1408 1478 1563 1548 traditur
1595 1478 1801 1568 promissio:
1830 1477 1871 1548 lu
1894 1481 2028 1552 semine
2048 1497 2112 1553 tuo
2138 1489 2272 1558 benedi-

1297 1592 1422 1651 centur
1434 1601 1557 1648 omnes
1572 1591 1702 1668 gentes.
1753 1577 2027 1652 Consideremus
2041 1584 2170 1674 igitur,
2195 1591 2272 1682 quid

1298 1684 1357 1752 fiat
1378 1681 1417 1750 in
1437 1675 1503 1750 hac
1518 1681 1764 1770 patefactione.
1814 1678 1985 1754 Doctrina
2002 1686 2047 1756 de
2062 1686 2137 1758 filio
2153 1693 2271 1760 confir-

1298 1797 1436 1862 matur,
1461 1794 1497 1852 et
1525 1794 1646 1874 postea
1671 1782 1817 1854 additur
1838 1784 2043 1858 mandatum
2067 1787 2112 1858 de
2135 1791 2272 1862 audien-

1299 1884 1447 1955 dolilio.

1400 1980 1540 2074 Cogites
1574 1983 1683 2074 igitur
1714 1980 1782 2056 hoc
1815 1985 2033 2080 colloquium
2063 1989 2149 2082 Dei,
2187 1993 2271 2079 Filii,

1300 2083 1446 2172 Moisis,
1485 2083 1606 2168 Eliae,
1647 2089 1932 2181 esse'syuodum
1961 2093 2202 2183 praecipuam,
2238 2097 2271 2166 iu

1300 2211 1370 2281 qua
1394 2190 1438 2258 de
1460 2211 1596 2258 summa
1613 2189 1795 2260 doctrinae
1809 2185 1993 2280 Evangelii
2012 2192 2102 2262 tales
2116 2221 2271 2286 personae
2305 2261 2306 2264 ,

1300 2289 1572 2382 colloquuntur,
1597 2290 1826 2361 audientibus
1848 2303 1882 2359 et
1904 2296 2145 2382 spectantibus
2165 2299 2271 2368 omni-

1299 2392 1366 2463 bus
1380 2391 1544 2480 Angelis,
1576 2405 1611 2460 et
1631 2391 1812 2484 aliquibus
1827 2385 2027 2480 Apostolis‚
2058 2421 2149 2489 quos
2169 2401 2270 2470 voluit
2305 2411 2306 2424 ¹

1298 2491 1397 2566 Deus
1411 2514 1484 2560 esse
1501 2492 1647 2562 nuntios
1663 2506 1697 2562 et
1715 2505 1820 2563 testes
1835 2495 1879 2561 de
1895 2488 1965 2565 hoc
1978 2497 2167 2591 colloquio.
2305 2497 2306 2506 ’

1400 2592 1714 2682 Discamus'igitur
1734 2589 1794 2664 hic
1809 2594 1997 2665 articulum
2014 2587 2139 2686 tradi,
2151 2603 2192 2673 dc
2206 2603 2267 2671 tilio
2305 2593 2306 2624 ³

1299 2688 1377 2762 Dei.
1428 2690 1592 2766 Affirmat
1605 2693 1701 2764 Deus
1723 2695 1816 2789 ipse,
1841 2689 1936 2764 hunc
1954 2693 2069 2767 lesum
2096 2717 2268 2774 natum-ex

1301 2793 1418 2863 Maria
1439 2794 1596 2884 virgine,
1619 2818 1692 2865 esse
1709 2793 1877 2866 Messiam
1901 2798 2135 2890 promissum,
2159 2819 2192 2874 et
2206 2826 2267 2874 esse

1300 2895 1413 2964 filium
1434 2897 1566 2966 aeterni
1585 2895 1718 2982 Patris,
1743 2899 1787 2966 de
1804 2921 1874 2990 quo
1890 2897 2116 2994 locutaeusint
2131 2905 2267 2996 proruis·

1301 3018 1418 3067 srones
1439 3011 1472 3068 et
1489 2993 1698 3096 Prophetae.
1747 2997 1851 3067 Hanc
1873 2996 2070 3070 doctrinam
2093 3019 2269 3089 teneamus,

1299 3112 1334 3168 et
1349 3097 1387 3165 in
1401 3093 1467 3165 hac
1481 3101 1618 3191 synodo
1635 3100 1818 3189 repetitam
1828 3123 1908 3170 'esse
1921 3101 2085 3178 sciamus.
2135 3091 2139 3100 ⁸

1401 3195 1585 3270 Discamus
1606 3214 1722 3271 autem
1744 3195 1802 3270 hic
1817 3213 1930 3271 totum
1944 3203 2135 3274 articulum
2151 3205 2192 3274 de
2204 3202 2267 3272 filio

1299 3297 1388 3384 Dei,
1414 3303 1508 3393 quod
1526 3302 1565 3370 in
1582 3295 1725 3373 Christo
1742 3303 1813 3372 sint
1828 3303 1919 3372 duae
1935 3319 2102 3394 naturae,
2127 3305 2216 3400 quod
2231 3303 2269 3372 sit

1299 3403 1411 3471 factus
1437 3427 1501 3493 pro
1534 3403 1637 3474 uobis
1668 3403 1831 3489 victime,
1870 3406 1966 3497 quod
1996 3405 2100 3478 Deus
2127 3403 2267 3476 mirabili

1300 3502 1448 3572 consilio
1471 3504 1521 3572 sic
1543 3516 1575 3574 et
1598 3527 1674 3572 non
1699 3505 1822 3591 aliter,
1847 3506 2000 3577 voluerit
2021 3508 2175 3580 iustitiae
2193 3527 2266 3576 suae

1300 3603 1475 3685 satisfieri,
1500 3617 1533 3672 et
1560 3604 1689 3695 placari
1714 3606 1820 3688 iram,
1846 3620 1881 3677 et
1902 3609 1996 3700 quod
2020 3622 2115 3680 certo
2138 3619 2266 3700 propter
2305 3605 2306 3616 ’

1299 3698 1395 3774 hunc
1418 3705 1531 3776 tilium
1548 3705 1777 3795 recipiamur,
1803 3722 1837 3779 et
1852 3709 1948 3802 quod
1963 3706 2032 3781 fide
2049 3723 2203 3804 oporteat
2217 3731 2265 3777 ac-

1299 3805 1369 3897 crpi
1387 3806 1462 3874 eius
1479 3807 1667 3891 beneficia,
1694 3820 1758 3879 etc.

1401 3906 1493 3978 Sunt
1515 3923 1630 3979 autem
1653 3909 1856 3979 dulcissima
1876 3911 2002 3980 verba:
2029 3909 2100 3983 llic
2121 3926 2168 3983 est
2185 3909 2263 3979 filius

1420 4009 1588 4094 dilectus,
1624 4029 1667 4083 oa
1690 4009 1833 4104 mctqem
1855 4009 1900 4102 id)
1923 4011 2077 4108 itttlidre
2101 4013 2189 4106 frent
2209 4013 2262 4084 out

1298 4124 1413 4182 warne
1437 4108 1527 4201 habe·
1579 4108 1746 4184 Testatur
1762 4108 1859 4182 hunc
1877 4113 1990 4185 filiurn
2006 4116 2109 4206 diligi
2124 4141 2141 4186 a
2158 4138 2206 4196 se,
2228 4126 2262 4182 ut

1297 4210 1449 4280 sciamus
1472 4226 1504 4283 et
1529 4213 1603 4283 eius
1624 4217 1782 4283 membra
1806 4213 1926 4303 diligi,
1957 4215 2047 4287 sicut
2068 4217 2192 4288 Paulus
2213 4215 2260 4280 iu-

1297 4312 1375 4405 quit
1400 4314 1445 4382 ad
1467 4309 1663 4406 Ephes.1.:
1696 4313 1830 4386 Dilexit
1851 4339 1926 4386 nos
1955 4315 1994 4387 in
2017 4314 2159 4390 Christo
2183 4315 2259 4386 dile·

1297 4425 1366 4500 cto,
1395 4429 1457 4485 etc.
1489 4491 1491 4497 s

1299 4029 1397 4076 melis

1356 4649 1361 4660 ·
1397 4629 1544 4684 Tertius
1567 4628 1751 4683 articulus
1776 4629 1941 4685 continet
1964 4635 2173 4688 mandatnm:

1649 4731 1762 4805 Hunc
1786 4729 1925 4811 audite.

1396 4867 1494 4940 Haec
1523 4883 1573 4940 est
1602 4893 1670 4940 vox
1699 4895 1803 4962 saepe
1831 4871 1979 4962 repetita
2006 4873 2045 4942 in
2078 4868 2256 4966 Prophetis,

1256 5020 1257 5028 .
1294 4970 1492 5047 Dettt.18.:
1524 4971 1712 5042 Suscitabo
1734 4973 1800 5042 tibi
1823 4971 1862 5041 in
1887 4975 2003 5045 medio
2025 4975 2168 5048 fratrum
2187 4985 2254 5043 tuo·

363 5091 466 5162 Talia
480 5089 536 5158 vel
548 5083 677 5156 similia
694 5083 799 5150 verba
823 5103 925 5169 saepe
946 5081 1038 5168 apud
1062 5101 1243 5169 nosrepe-
1295 5098 1375 5143 rum
1393 5085 1458 5146 etc.
1482 5073 1637 5166 quinon
1661 5074 1815 5145 audierit
1839 5073 1961 5158 illum,
1983 5073 2060 5168 Ego
2083 5077 2174 5149 ultor
2189 5093 2252 5142 ero·

261 5193 366 5265 tenda
384 5206 501 5276 erant,
529 5186 670 5283 quando
684 5183 878 5273 surgimus,
898 5181 1042 5272 quando
1065 5179 1157 5251 imus
1181 5205 1244 5250 cu-
1294 5172 1381 5246 Item
1397 5173 1525 5246 Psalm.
1539 5175 1590 5243 2:
1616 5172 1692 5264 Ego
1715 5175 1883 5247 constitui
1906 5198 2022 5266 regem
2039 5201 2150 5250 meum
2163 5191 2255 5264 snper

262 5295 397 5378 bitum,
421 5293 564 5386 quando
579 5287 776 5361 accedimus
797 5285 841 5357 ad
864 5305 998 5379 operas.
1049 5279 1121 5354 Sed
1135 5281 1249 5362 nimis,
1293 5275 1559 5357 montemSion,
1585 5277 1787 5370 praedicare
1801 5291 2028 5372 praeceptum
2043 5292 2105 5352 etc.
2152 5268 2252 5348 Oscu-
