4714 5826
215 155 287 230 :ss
321 241 325 248 ,

812 145 937 222 Ptttu
965 143 1082 223 MEL.
1108 145 1319 222 SCRIPTA
1347 141 1647 221 EXEGETICA.

2172 145 2248 220 :aa
2335 185 2344 240 2

272 318 346 396 Vir
375 341 516 418 pauper
539 325 572 389 et
604 317 755 414 sopiens
786 314 960 390 liberabit
995 316 1138 404 urbem,
1173 328 1203 387 et
1228 339 1232 377 ι
1256 319 1312 404 Ιο,
1335 342 1441 413 quam
1457 315 1621 390 homines
1637 318 1788 390 modesti
1803 333 1838 390 et
1853 299 2044 415 pauperes,
2072 331 2165 390 recte
2181 319 2250 388 do-

323 446 418 494 unus
431 429 597 519 peccator
611 418 732 492 multa
748 418 846 494 bonu
861 414 995 519 perdet.

323 571 435 644 Valde
459 574 603 664 prodest
626 572 849 641 considerare
870 572 908 640 in
927 572 1018 654 vita,
1042 585 1205 663 utsupra

223 698 365 770 qnoque
393 673 527 744 dictum
555 687 621 742 est:
656 669 736 743 Duo
762 697 834 742 esse
856 669 1043 744 hominum
1068 696 1208 762 genera,

187 850 192 861 ‚
223 779 284 846 alli
299 789 385 846 sunt
400 799 480 844 vasa
498 776 589 858 irae,
620 773 679 842 alii
698 798 778 843 vasa
794 775 1071 848 misericordiae.
1116 773 1205 844 Vasa

224 881 296 948 irae
317 889 399 946 sunt
423 871 585 945 homines
599 876 775 955 infelices,
802 877 863 968 qui
878 877 946 945 sibi
963 890 997 945 et
1008 877 1087 944 aliis
1101 876 1206 946 exitio

1256 435 1390 505 centes,
1416 435 1476 492 aut
1493 421 1658 492 salutaria
1676 419 1912 491 consulentes.

1307 571 1507 775 Pauliqper
1527 605 1658 677 melior
1677 617 1728 678 est
1744 603 2041 702 stulticia‘qunm
2056 605 2246 703 sapientia
2345 673 2346 690 ,

1360 718 1431 802 etg
1450 707 1543 779 orio.

1360 861 1536 958 Congruit
1556 887 1636 934 cum
1658 863 1769 932 dicto:
1796 859 1879 932 Non
1903 863 2056 952 ponebat
2072 863 2167 932 enim
2185 887 2249 931 ru·

224 994 325 1064 sunt,
352 975 417 1047 etsi
438 978 619 1047 interdum
642 978 760 1064 magni
784 990 819 1046 et
839 977 1014 1067 sapientes
1033 991 1133 1063 sunt,
1160 979 1209 1046 si·
1260 989 1375 1036 mores
1392 980 1472 1034 ante
1487 965 1645 1034 salutem.
1689 963 1821 1034 Fabius
1836 964 2015 1056 paulisper
2029 965 2157 1034 stultns
2172 986 2250 1032 csse

225 1094 285 1150 cut
300 1079 412 1151 Solon
432 1079 568 1172 inquit:
592 1076 714 1148 Everti
732 1075 964 1168 Respublicas
984 1105 1003 1148 a
1025 1080 1161 1168 magnis
1175 1091 1207 1148 et
1260 1067 1500 1153 1115111111ῐῦ1,
1542 1067 2131 1157 8111901113111111111011111111,
2170 1065 2250 1134 11111

226 1181 478 1252 excellentibus
494 1180 657 1270 ingeniis.
709 1176 763 1248 lta
780 1193 881 1249 erant
896 1202 975 1248 vasa
992 1181 1064 1250 irae
1082 1176 1209 1264 achas,
1260 1169 1535 1238 1011111111111111
1557 1163 1740 1249 salutaria,
1765 1184 1799 1239 11
1821 1167 1986 1257 congruit
2008 1171 2103 1260 quod
2127 1167 2249 1260 sequi·

225 1277 433 1365 Sedechias,
454 1294 489 1350 et
504 1279 641 1352 Romae
659 1277 832 1370 Catilina,
858 1279 1039 1350 Antonius
1054 1296 1088 1351 et
1106 1281 1207 1350 multi
1260 1285 1334 1340 lut:
1362 1265 1580 1365 Sapienlvm
1606 1264 1779 1337 1011111111
1804 1262 1938 1336 11111111
1953 1285 2069 1337 11111111
2085 1289 2182 1358 1111,
2208 1267 2247 1337 ld

225 1384 305 1468 alii,
338 1397 373 1453 ec
396 1383 434 1460 in
458 1379 612 1451 Ecclesia
637 1379 902 1468 samosatenus,
936 1379 1062 1466 Arius,
1089 1381 1209 1451 Mani.
1262 1385 1330 1450 est,
1363 1371 1501 1440 firmius
1529 1369 1660 1456 teneri,
1694 1395 1739 1439 ne
1764 1371 2009 1458 obtemperent
2033 1370 2251 1452 iracundiae,
2285 1457 2289 1463 ἢ

226 1479 372 1570 chaeus,
393 1483 543 1553 etmulti
558 1483 620 1552 alii
636 1483 821 1574 perniciosi
839 1485 1012 1555 doctores.
1063 1481 1117 1553 De
1131 1485 1211 1554 tali·
1261 1472 1398 1556 dolori,
1433 1472 1633 1544 ambitioni.
1699 1466 1907 1542 Stultorum
1940 1465 2051 1542 corda
2084 1478 2170 1540 sunl
2204 1469 2248 1536 111

223 1588 293 1655 bns
315 1585 638 1677 omnibus-inquit:
668 1581 768 1654 Unus
789 1599 968 1675 peccator,
990 1581 1101 1656 mult'a
1118 1587 1210 1656 bona
1260 1572 1437 1658 1111111111,
1470 1575 1603 1657 111111,
1636 1574 2249 1662 11111111111111111111,1111111111110

228 1688 368 1778 perdet,
391 1678 553 1774 ιπολλάκι
582 1681 646 1756 καὶ
675 1678 851 1777 ξύμπασα
879 1679 985 1766 πόλις,
1004 1691 1123 1758 κακοῦ
1145 1683 1212 1759 ἄν·

227 1783 316 1883 δρὸς
333 1787 494 1883 ἐπαυρεῖ.

329 1921 401 1994 Sed
424 1945 503 1991 rasa
527 1921 790 1992 misericordiae
814 1937 896 1994 sunt
912 1919 1094 2003 homines,
1121 1948 1211 2017 quo-

228 2047 309 2094 rnm
332 2047 453 2093 cursus
475 2023 638 2094 salutaris
661 2037 713 2093 est
728 2024 814 2115 ipsis
829 2039 863 2095 et
877 2025 974 2107 aliis,
999 2038 1039 2095 ut
1055 2025 1211 2103 Samuel,

227 2124 364 2209 David,
392 2122 567 2194 Ieremias.
620 2125 673 2194 Ac
688 2125 831 2216 proprie
845 2127 927 2195 talis
941 2123 1009 2195 Vir
1025 2150 1158 2218 pauper
1173 2126 1211 2193 in

229 2227 382 2310 civitate,
408 2239 449 2296 ut
462 2225 536 2316 ipse
550 2225 686 2316 scribit,
712 2227 780 2296 snit
798 2224 972 2311 ieremias,
998 2228 1072 2321 qui,
1098 2252 1211 2320 quan-

229 2351 335 2420 quam
363 2328 396 2396 ei
418 2325 565 2418 plurimi
588 2350 661 2395 non
687 2327 997 2418 obtemperabant,
1030 2329 1212 2398 tamenin

230 2430 291 2496 illa
309 2441 405 2498 tanta
421 2427 628 2497 confusione
643 2427 829 2518 praecipue
844 2430 996 2499 servavit
1009 2425 1213 2498 Ecclesiam.

229 2527 309 2598 Hoc
332 2528 535 2597 discrimine
556 2529 795 2612 considerato,
821 2552 961 2599 oremus
984 2529 1098 2602 Deum
1125 2530 1213 2599 assi-

230 2630 311 2699 duis
333 2616 519 2719 gemitibus
541 2628 691 2720 singuli,
717 2642 756 2700 nt
777 2630 884 2701 faciat
899 2653 1058 2702 nosvasa
1074 2631 1211 2702 miseri·
1256 2644 1260 2653 ’

232 2731 389 2815 cordiae,
422 2755 487 2800 nec
516 2730 608 2801 sinat
634 2754 699 2800 nos
718 2730 794 2800 fieri
817 2746 928 2823 pestes
951 2746 985 2802 te
1007 2724 1214 2827 ἀλάστορας

232 2834 369 2921 generis
385 2828 555 2923 humani,
580 2833 670 2903 sient
684 2833 839 2903 clamant
853 2829 1050 2925 Prophetae
1066 2835 1104 2902 in
1112 2831 1213 2902 Psal-

232 2957 308 3002 mo:
334 2932 485 3026 Respice
501 2957 622 3004 servos
639 2947 736 3018 tuos,
762 2947 796 3004 et
811 2933 924 3024 dirige
941 2958 1029 3025 opus
1043 2957 1213 3004 manuum

232 3048 445 3115 nostrarum.
495 3030 543 3105 Et
556 3030 696 3104 Esaias:
723 3032 782 3105 'l'n
796 3032 951 3105 Domine
973 3051 1072 3126 pater
1094 3051 1215 3106 noster

210 3158 288 3224 cs,
313 3133 386 3204 Nos
408 3136 522 3204 lutum
545 3149 666 3219 tuum,
690 3149 731 3206 tu
747 3135 878 3206 formas
893 3159 977 3226 nos,
1004 3131 1125 3229 Opera
1139 3161 1215 3206 ma-

134 3275 138 3286 ·
231 3259 343 3306 nuum
361 3241 500 3306 t'narum
515 3259 655 3321 sumus,
682 3261 726 3306 ne
742 3235 902 3308 irascaris
916 3239 1029 3312 valde.

334 3370 451 3441 Simul
474 3386 590 3442 autem
610 3385 733 3443 monet
747 3367 816 3442 hoc
832 3373 984 3458 dictum,
1008 3370 1110 3444 Bona
1129 3397 1215 3444 con-

230 3474 309 3542 silia
332 3497 350 3540 a
372 3475 599 3563 paucioribus
620 3474 755 3554 audiri,
782 3487 817 3543 et
837 3477 1058 3547 multitudini
1075 3478 1215 3571 placere

231 3572 405 3645 deteriora
429 3576 586 3648 consilia.
645 3572 731 3645 Ideo
751 3575 885 3668 inquit:
920 3574 1101 3669 Sapientia
1127 3603 1214 3669 pau-

232 3677 324 3768 peris
347 3690 522 3747 contemta
544 3665 630 3749 est'
655 3673 774 3745 Verba
796 3677 993 3767 sapientum
1018 3681 1215 3749 audiuntur

230 3801 250 3846 a
275 3775 478 3857 silentibus,
505 3777 543 3846 id
567 3789 636 3861 est,
663 3799 737 3844 non
758 3777 959 3848 furentibus
979 3779 1097 3871 aliqua
1113 3781 1212 3871 eupi-

231 3879 358 3964 ditate,
392 3879 453 3947 sed
482 3878 736 3971 quaerentibus
763 3878 963 3976 veritatem,
995 3893 1029 3950 et
1057 3903 1213 3972 eaquae

230 3994 314 4050 sunt
336 3980 511 4050 salinaria.
565 3978 665 4050 Alibi
685 4002 770 4050 vero
787 3980 905 4073 inquit
919 3978 1105 4051 Salomon:
1131 3981 1213 4051 Me-

230 4081 300 4150 lius
319 4097 371 4154 est
387 4105 569 4152 occurrere
587 4107 707 4166 ursae,
734 4107 824 4176 quae
840 4083 957 4155 amisit
972 4083 1105 4154 catulos
1120 4107 1211 4168 suns,
1263 4124 1272 4141 ·

125 4221 149 4282 ‚'
207 4253 209 4260 ,
229 4205 334 4274 qnam
358 4183 456 4268 fatuo
478 4183 516 4251 in¹
530 4185 683 4254 stulticia
700 4206 782 4269 sua,
807 4185 845 4253 id
864 4196 934 4267 est,
958 4198 1127 4275 occupato
1145 4185 1211 4254 ali·

145 4361 147 4366 ,
226 4305 295 4374 qua
310 4285 510 4373 cupiditate,
533 4300 594 4357 aut
606 4285 776 4356 fascinato
792 4287 898 4358 stulta
911 4287 1135 4377 persuasione
1146 4288 1214 4356 ad-·

225 4387 356 4454 versari
374 4385 609 4456 difficilimum
627 4401 689 4462 est,
971 4397 973 4407 '

570 4695 573 4702 ·
597 4654 736 4764 Caput
772 4657 827 4740 X.

270 4813 432 4890 Muscas
474 4829 667 4891 venenatae
705 4832 939 4921 corrumpunt
972 4822 1105 4894 suavia
1138 4848 1204 4894 un-

320 4929 472 5014 guenta,
596 4927 597 4932 ’

318 5069 358 5142 ld
382 5086 454 5146 est:
481 5068 583 5143 Bona
605 5075 770 5160 masilia,
796 5079 890 5147 bona
906 5078 1085 5160 doctrina,
1112 5090 1203 5147 artes

1262 1677 1335 1756 ira,
1351 1675 1544 1772 xcupiditas
1566 1676 1717 1764 gloriae,
1750 1676 1853 1743 dolor
1874 1689 1935 1745 aut
1958 1673 2018 1742 alii
2044 1675 2136 1742 coeci
2160 1673 2249 1740 affe-

1262 1791 1337 1846 ctus
1363 1777 1563 1866 impellunt.
1615 1773 1663 1846 Et
1684 1777 1803 1864 regula
1827 1776 1980 1846 traditur
1993 1776 2038 1843 de
2051 1775 2250 1865 proprieta-

1262 1893 1313 1962 te,
1338 1878 1587 1947 universaliter
1608 1879 1794 1948 coniuncta
1820 1902 1899 1946 erem
1922 1878 2007 1945 falsa
2022 1876 2250 1965 persuasione

1263 1978 1473 2069 sapientiae,
1500 1979 1666 2049 videlicet
1688 1981 1783 2070 quod
1807 2001 1929 2046 omnes
1946 1979 2018 2046 sint
2031 1988 2250 2065 arrogantes,

1262 2105 1336 2150 sese
1363 2081 1601 2166 admirentur,
1645 2092 1679 2149 et
1702 2080 1791 2148 alios
1812 2078 2008 2168 despiciant
2030 2101 2071 2148 ac
2091 2079 2251 2148 iudicent

1262 2184 1376 2252 fatuos
1399 2203 1490 2265 esse,
1512 2181 1602 2251 sicut
1619 2178 1787 2274 Epicurei
1813 2185 1846 2250 et
1865 2175 2069 2272 hypocritae
2088 2179 2251 2248 iudicant

1263 2277 1418 2352 insanire
1433 2280 1637 2372 Apostolos.
1690 2281 1881 2372 Pompeius
1896 2281 2029 2352 iudicat
2042 2303 2160 2352 errare
2173 2280 2250 2349 dis·

1262 2405 1420 2453 suasores
1435 2377 1533 2453 belli.
1975 2392 1978 2398 “
2060 2403 2063 2412 ·

1314 2549 1361 2624 Si
1384 2547 1633 2647 praevaluerit
1665 2549 1818 2640 impetus
1837 2549 2054 2647 potentioris
2074 2571 2182 2646 super
2204 2557 2250 2630 te,

1367 2649 1484 2723 locum
1508 2663 1610 2722 tuum
1637 2676 1681 2721 ne
1706 2647 1905 2748 relinquas.
1970 2647 2075 2724 Nam
2097 2649 2252 2720 sanatio

1358 2752 1479 2855 saciet
1497 2777 1635 2825 cessare
1649 2776 1806 2848 magnos
1819 2762 2032 2846 peccatores.

1348 2935 1350 2946 ·
1367 2905 1407 2979 ld
1430 2919 1495 2975 est:
1522 2903 1673 2976 Etiamsi
1693 2903 1949 2997 aliquantisper
1969 2905 2119 2974 vincunt
2136 2903 2254 2974 invidi

1265 3021 1325 3079 aut
1349 3001 1603 3102 sycophantae,
1628 3020 1690 3075 aut
1713 3005 1857 3093 gloriosi
1878 3001 2099 3090 Thrasones,
2132 3021 2253 3076 tamen

1265 3135 1340 3179 nnn
1365 3122 1551 3179 moveatur
1572 3121 1665 3177 recte
1680 3107 1831 3192 faciens,
1855 3123 1895 3178 ut
1912 3109 2048 3175 deserat
2063 3130 2162 3178 suam
2180 3122 2254 3179 sta-

1265 3214 1398 3282 tionem
1420 3223 1565 3301 prnpter
1587 3209 1849 3300 perversitatem
1870 3209 2085 3278 iudiciorum
2108 3223 2168 3279 aut
2183 3211 2253 3279 do-

1265 3315 1391 3383 lorem.
1442 3310 1566 3381 Bonus
1588 3325 1620 3381 et
1638 3310 1752 3380 fidelis
1765 3323 1887 3400 pastor
1902 3333 1976 3378 non
1993 3322 2177 3380 moveatur
2193 3335 2253 3380 ca-

1265 3413 1412 3484 lumniis
1435 3427 1496 3483 aut
1518 3413 1617 3501 vulgi
1641 3413 1873 3491 clamoribus,
1907 3425 1947 3481 nt
1968 3414 2103 3480 deserat
2123 3408 2251 3482 Eccle—

1264 3515 1370 3600 siam,
1395 3528 1456 3583 aut
1469 3537 1542 3583 sese
1557 3514 1718 3583 immutet
1732 3527 1765 3582 et
1781 3512 1937 3582 inllectat
1951 3515 1995 3581 ad
2013 3511 2135 3604 iniqua
2153 3515 2250 3583 iudi-

1264 3619 1328 3692 cia.
1380 3615 1475 3704 Quia
1492 3615 1626 3685 interca
1641 3629 1758 3683 tamen
1774 3613 1883 3687 multa
1900 3635 2024 3682 sanare
2038 3615 2179 3706 poterit.

1365 3716 1533 3810 Sequitur
1546 3714 1674 3784 deinde
1689 3715 1842 3807 querela,
1865 3715 2054 3806 deplorans
2068 3710 2137 3786 hnc
2152 3741 2251 3786 com-

1264 3844 1371 3890 mune
1393 3819 1546 3907 malurn,
1573 3819 1668 3909 qnod
1693 3839 1793 3907 saepe
1817 3830 1965 3906 regnant
1985 3816 2084 3912 stulli
2101 3830 2134 3889 et
2153 3817 2251 3904 mali,

1263 3934 1301 3990 ut
1322 3921 1457 4010 gratior
1478 3932 1530 3987 est
1552 3919 1591 3986 in
1615 3918 1694 3986 aula
1717 3929 1911 3986 assentator
1925 3918 2089 3988 alludens
2103 3919 2145 3988 ad
2162 3920 2249 3988 affe-

1262 4036 1337 4091 ctus
1355 4019 1521 4103 Domini,
1546 4043 1651 4112 quam
1677 4018 1816 4109 sapiens
1834 4031 1868 4090 ct
1882 4018 1995 4088 fidelis
2011 4019 2249 4102 consiliarius,

1261 4137 1356 4193 ruxta
1372 4144 1509 4190 versus:

1284 4279 1291 4290 ι
1314 4231 1426 4318 ὃβίος
1445 4231 1585 4318 μάλιστα
1607 4241 1676 4307 τοῖς
1694 4241 1849 4318 πονηροῖς
1869 4231 2005 4314 idaeus„

1312 4335 1443 4424 πράττει
1465 4339 1501 4400 δὲ
1521 4333 1637 4422 ἄριστα
1659 4332 1775 4414 κόλαξ,
1803 4329 1821 4398 ὅ
1845 4333 2044 4418 συκοφάντης
2065 4333 2218 4422 δεύτερος.

1310 4509 1390 4609 Qui
1392 4506 1498 4612 sodr't
1516 4509 1680 4598 faveam,
1706 4503 1836 4578 incidit
1851 4507 1892 4578 in
1907 4532 1999 4579 eam.

1360 4665 1542 4756 Superiori
1569 4663 1731 4752 querelae
1749 4663 1965 4752 respondent
1981 4659 2066 4732 haec
2080 4665 2173 4732 dicta
2189 4687 2245 4733 se-

1258 4769 1402 4865 quentia
1425 4771 1469 4837 de
1496 4766 1634 4856 poenis,
1661 4787 1750 4855 qnae
1772 4779 1920 4834 monent
1942 4765 2059 4834 tristes
2077 4788 2152 4834 esse
2170 4767 2245 4834 exi-

1257 4889 1313 4944 tus
1342 4871 1517 4940 malorum
1547 4867 1797 4948 consiliorum,
1824 4865 1925 4964 ,iuxta
1960 4865 2117 4956 regulam
2142 4875 2246 4958 s‘aepe

1256 4975 1458 5066 repetitam:
1499 4969 1644 5040 ,atrocia
1675 4967 1801 5035 delicta
1832 4969 2034 5056 puniuntur
2063 4967 2246 5040 atrocibus

1256 5077 1377 5167 poenis
1401 5075 1438 5142 in
1462 5067 1526 5140 leae
1550 5071 1633 5142 vita.
1694 5066 1800 5139 Item:
1836 5067 1917 5164 Qua
1941 5093 2105 5140 mensura
2131 5073 2243 5139 mensi

214 5188 308 5245 recte
324 5175 534 5246 constitutae
548 5175 708 5270 quotidie
725 5194 1004 5270 corrumpuntur
1021 5204 1084 5268 per
1098 5180 1202 5248 arde·
1253 5178 1410 5259 scieritis,
1442 5175 1562 5244 eadem
1585 5173 1790 5242 remetietur
1811 5172 1924 5244 vobis.
1979 5171 2031 5244 lta
2055 5168 2113 5243 hic
2135 5175 2241 5244 dicit:

196 5276 325 5347 linnes
372 5277 435 5370 qui
450 5277 587 5348 facilius
602 5277 799 5356 audiuntur
817 5281 855 5350 in
871 5281 961 5353 aulis
976 5294 1011 5352 et
1027 5281 1066 5350 in
1083 5305 1199 5374 popu·
1252 5277 1327 5368 Qui
1343 5279 1432 5349 fodit
1447 5277 1585 5344 foveam
1610 5274 1753 5346 ·incidit
1765 5273 1808 5343 'in
1823 5297 1899 5344 eam
1937 5288 1980 5344 ·et
1994 5275 2157 5369 congruit
2172 5271 2241 5346 boc
