<?xml version="1.0" encoding="UTF-8"?>
<!DOCTYPE html PUBLIC "-//W3C//DTD XHTML 1.0 Transitional//EN"
    "http://www.w3.org/TR/xhtml1/DTD/xhtml1-transitional.dtd">
<html xmlns="http://www.w3.org/1999/xhtml" xml:lang="en" lang="en">
 <head>
  <title>
</title>
<meta http-equiv="Content-Type" content="text/html;charset=utf-8" />
  <meta name='ocr-system' content='tesseract 3.04.00' />
  <meta name='ocr-capabilities' content='ocr_page ocr_carea ocr_par ocr_line ocrx_word'/>
</head>
<body>
  <div class='ocr_page' id='page_1' title='image "./corpusreformato24melagoog/corpusreformato24melagoog_0104.png"; bbox 0 0 4616 5818; ppageno 0'>
   <div class='ocr_carea' id='block_1_1' title="bbox 3 155 2071 272">
    <p class='ocr_par' dir='ltr' id='par_1_1' title="bbox 3 155 2071 272">
     <span class='ocr_line' id='line_1_1' title="bbox 3 155 2071 272; baseline -0.002 -10"><span class='ocrx_word' id='word_1_1' title='bbox 3 161 5 218; x_wconf 70' lang='lat'><em>³</em></span> <span class='ocrx_word' id='word_1_2' title='bbox 76 195 131 268; x_wconf 86' lang='lat' dir='ltr'>m</span> <span class='ocrx_word' id='word_1_3' title='bbox 307 155 313 164; x_wconf 81' lang='grc'><strong>’</strong></span> <span class='ocrx_word' id='word_1_4' title='bbox 598 191 681 272; x_wconf 79' lang='lat' dir='ltr'>xit.</span> <span class='ocrx_word' id='word_1_5' title='bbox 733 183 1129 266; x_wconf 78' lang='lat' dir='ltr'>auuoruuouus</span> <span class='ocrx_word' id='word_1_6' title='bbox 1156 183 1209 254; x_wconf 85' lang='lat' dir='ltr'>ru</span> <span class='ocrx_word' id='word_1_7' title='bbox 1234 177 1537 254; x_wconf 76' lang='lat' dir='ltr'>uvauoeua</span> <span class='ocrx_word' id='word_1_8' title='bbox 1999 184 2071 258; x_wconf 80' lang='lat' dir='ltr'>us</span> 
     </span>
    </p>
   </div>
   <div class='ocr_carea' id='block_1_2' title="bbox 3 353 2067 458">
    <p class='ocr_par' dir='ltr' id='par_1_2' title="bbox 3 353 2067 458">
     <span class='ocr_line' id='line_1_2' title="bbox 3 353 2067 458; baseline -0.007 -20"><span class='ocrx_word' id='word_1_9' title='bbox 3 373 4 396; x_wconf 37' lang='grc' dir='ltr'>ι</span> <span class='ocrx_word' id='word_1_10' title='bbox 71 381 116 437; x_wconf 88' lang='lat' dir='ltr'>tos</span> <span class='ocrx_word' id='word_1_11' title='bbox 136 367 200 436; x_wconf 84' lang='lat' dir='ltr'>lide</span> <span class='ocrx_word' id='word_1_12' title='bbox 224 365 289 435; x_wconf 86' lang='lat' dir='ltr'>filii</span> <span class='ocrx_word' id='word_1_13' title='bbox 302 365 390 447; x_wconf 83' lang='lat' dir='ltr'>Dei,</span> <span class='ocrx_word' id='word_1_14' title='bbox 414 363 487 434; x_wconf 78' lang='lat' dir='ltr'>sive</span> <span class='ocrx_word' id='word_1_15' title='bbox 506 361 626 433; x_wconf 87' lang='lat' dir='ltr'>ludaei</span> <span class='ocrx_word' id='word_1_16' title='bbox 640 365 792 451; x_wconf 84' lang='lat' dir='ltr'>fuerint,</span> <span class='ocrx_word' id='word_1_17' title='bbox 816 367 890 436; x_wconf 85' lang='lat' dir='ltr'>sive</span> <span class='ocrx_word' id='word_1_18' title='bbox 904 383 1034 458; x_wconf 87' lang='lat' dir='ltr'>gentes,</span> <span class='ocrx_word' id='word_1_19' title='bbox 1084 355 1287 440; x_wconf 71' lang='lat' dir='ltr'>nativitate,</span> <span class='ocrx_word' id='word_1_20' title='bbox 1321 375 1463 423; x_wconf 86' lang='lat' dir='ltr'>necesse</span> <span class='ocrx_word' id='word_1_21' title='bbox 1498 365 1548 422; x_wconf 92' lang='lat' dir='ltr'>est</span> <span class='ocrx_word' id='word_1_22' title='bbox 1580 375 1661 421; x_wconf 90' lang='lat' dir='ltr'>eum</span> <span class='ocrx_word' id='word_1_23' title='bbox 1697 374 1771 424; x_wconf 86' lang='lat' dir='ltr'>esse</span> <span class='ocrx_word' id='word_1_24' title='bbox 1800 353 1845 422; x_wconf 94' lang='lat' dir='ltr'>de</span> <span class='ocrx_word' id='word_1_25' title='bbox 1872 355 2067 426; x_wconf 90' lang='lat' dir='ltr'>substantia</span> 
     </span>
    </p>
   </div>
   <div class='ocr_carea' id='block_1_3' title="bbox 2 917 6 1156">
    <p class='ocr_par' dir='ltr' id='par_1_3' title="bbox 2 917 6 1156">
     <span class='ocr_line' id='line_1_3' title="bbox 2 917 6 1156; baseline 0 0"><span class='ocrx_word' id='word_1_26' title='bbox 2 917 6 1156; x_wconf 86' lang='lat' dir='ltr'>l</span> 
     </span>
    </p>
   </div>
   <div class='ocr_carea' id='block_1_4' title="bbox 1 2397 452 2488">
    <p class='ocr_par' dir='ltr' id='par_1_4' title="bbox 1 2397 452 2488">
     <span class='ocr_line' id='line_1_4' title="bbox 1 2397 452 2488; baseline 0.002 -23"><span class='ocrx_word' id='word_1_27' title='bbox 1 2425 2 2428; x_wconf 42' lang='lat'>¹</span> <span class='ocrx_word' id='word_1_28' title='bbox 68 2399 145 2469; x_wconf 87' lang='lat' dir='ltr'>vitae</span> <span class='ocrx_word' id='word_1_29' title='bbox 159 2412 191 2468; x_wconf 89' lang='lat' dir='ltr'>et</span> <span class='ocrx_word' id='word_1_30' title='bbox 210 2397 452 2488; x_wconf 89' lang='lat' dir='ltr'>omnipotens.</span> 
     </span>
    </p>
   </div>
   <div class='ocr_carea' id='block_1_5' title="bbox 1 2773 1032 2966">
    <p class='ocr_par' dir='ltr' id='par_1_5' title="bbox 1 2773 1032 2966">
     <span class='ocr_line' id='line_1_5' title="bbox 1 2773 1031 2863; baseline 0.004 -25"><span class='ocrx_word' id='word_1_31' title='bbox 1 2825 2 2838; x_wconf 67' lang='grc'>,</span> <span class='ocrx_word' id='word_1_32' title='bbox 68 2774 232 2842; x_wconf 86' lang='lat' dir='ltr'>nusvafre</span> <span class='ocrx_word' id='word_1_33' title='bbox 260 2773 365 2842; x_wconf 82' lang='lat' dir='ltr'>elusit</span> <span class='ocrx_word' id='word_1_34' title='bbox 386 2785 538 2854; x_wconf 83' lang='lat' dir='ltr'>textum,</span> <span class='ocrx_word' id='word_1_35' title='bbox 564 2797 695 2862; x_wconf 89' lang='lat' dir='ltr'>negans</span> <span class='ocrx_word' id='word_1_36' title='bbox 712 2777 819 2844; x_wconf 89' lang='lat' dir='ltr'>verbo</span> <span class='ocrx_word' id='word_1_37' title='bbox 845 2774 1031 2863; x_wconf 78' lang='lat' dir='ltr'>significari</span> 
     </span>
     <span class='ocr_line' id='line_1_6' title="bbox 1 2861 1032 2966; baseline 0.003 -24"><span class='ocrx_word' id='word_1_38' title='bbox 1 2861 2 2914; x_wconf 63' lang='lat' dir='ltr'>l</span> <span class='ocrx_word' id='word_1_39' title='bbox 68 2899 262 2962; x_wconf 81' lang='lat' dir='ltr'>personam,</span> <span class='ocrx_word' id='word_1_40' title='bbox 290 2876 349 2942; x_wconf 88' lang='lat' dir='ltr'>sed</span> <span class='ocrx_word' id='word_1_41' title='bbox 372 2874 591 2966; x_wconf 87' lang='lat' dir='ltr'>propositum</span> <span class='ocrx_word' id='word_1_42' title='bbox 617 2875 685 2945; x_wconf 89' lang='lat' dir='ltr'>Dei</span> <span class='ocrx_word' id='word_1_43' title='bbox 708 2877 858 2947; x_wconf 87' lang='lat' dir='ltr'>volentis</span> <span class='ocrx_word' id='word_1_44' title='bbox 882 2877 1032 2945; x_wconf 88' lang='lat' dir='ltr'>condere</span> 
     </span>
    </p>
   </div>
   <div class='ocr_carea' id='block_1_6' title="bbox 1 3072 1184 3170">
    <p class='ocr_par' dir='ltr' id='par_1_6' title="bbox 1 3072 1184 3170">
     <span class='ocr_line' id='line_1_7' title="bbox 1 3072 1184 3170; baseline -0.025 -24"><span class='ocrx_word' id='word_1_45' title='bbox 1 3113 2 3166; x_wconf 46' lang='lat'><em>4</em></span> <span class='ocrx_word' id='word_1_46' title='bbox 68 3076 182 3146; x_wconf 89' lang='lat' dir='ltr'>lentem</span> <span class='ocrx_word' id='word_1_47' title='bbox 204 3073 403 3148; x_wconf 85' lang='lat' dir='ltr'>hominem.</span> <span class='ocrx_word' id='word_1_48' title='bbox 461 3078 519 3146; x_wconf 86' lang='lat' dir='ltr'>Ad</span> <span class='ocrx_word' id='word_1_49' title='bbox 542 3072 633 3148; x_wconf 88' lang='lat' dir='ltr'>hanc</span> <span class='ocrx_word' id='word_1_50' title='bbox 654 3080 943 3170; x_wconf 80' lang='lat' dir='ltr'>imaginationem</span> <span class='ocrx_word' id='word_1_51' title='bbox 969 3083 1030 3150; x_wconf 84' lang='lat' dir='ltr'>de·</span> <span class='ocrx_word' id='word_1_52' title='bbox 1086 3074 1184 3133; x_wconf 88' lang='lat' dir='ltr'>cere,</span> 
     </span>
    </p>
   </div>
   <div class='ocr_carea' id='block_1_7' title="bbox 71 459 1204 566">
    <p class='ocr_par' dir='ltr' id='par_1_7' title="bbox 71 459 1204 566">
     <span class='ocr_line' id='line_1_8' title="bbox 71 459 1204 566; baseline -0.004 -30"><span class='ocrx_word' id='word_1_53' title='bbox 71 469 136 536; x_wconf 84' lang='lat' dir='ltr'>sine</span> <span class='ocrx_word' id='word_1_54' title='bbox 151 468 352 538; x_wconf 80' lang='lat' dir='ltr'>discrimine</span> <span class='ocrx_word' id='word_1_55' title='bbox 369 468 529 536; x_wconf 89' lang='lat' dir='ltr'>locorum</span> <span class='ocrx_word' id='word_1_56' title='bbox 547 482 609 537; x_wconf 92' lang='lat' dir='ltr'>aut</span> <span class='ocrx_word' id='word_1_57' title='bbox 625 469 804 557; x_wconf 87' lang='lat' dir='ltr'>gentium,</span> <span class='ocrx_word' id='word_1_58' title='bbox 830 485 894 543; x_wconf 86' lang='lat' dir='ltr'>etc.</span> <span class='ocrx_word' id='word_1_59' title='bbox 1083 459 1204 566; x_wconf 66' lang='lat' dir='ltr'>palcis.</span> 
     </span>
    </p>
   </div>
   <div class='ocr_carea' id='block_1_8' title="bbox 1084 602 2065 1194">
    <p class='ocr_par' dir='ltr' id='par_1_8' title="bbox 1084 602 2065 1194">
     <span class='ocr_line' id='line_1_9' title="bbox 1184 602 2065 696; baseline 0.003 -21"><span class='ocrx_word' id='word_1_60' title='bbox 1184 605 1309 676; x_wconf 83' lang='lat' dir='ltr'>Postea</span> <span class='ocrx_word' id='word_1_61' title='bbox 1333 615 1532 696; x_wconf 87' lang='lat' dir='ltr'>sequuntur</span> <span class='ocrx_word' id='word_1_62' title='bbox 1553 602 1811 692; x_wconf 81' lang='lat' dir='ltr'>descriptiones</span> <span class='ocrx_word' id='word_1_63' title='bbox 1828 605 2004 678; x_wconf 91' lang='lat' dir='ltr'>donorum</span> <span class='ocrx_word' id='word_1_64' title='bbox 2030 621 2065 678; x_wconf 91' lang='lat' dir='ltr'>et</span> 
     </span>
     <span class='ocr_line' id='line_1_10' title="bbox 1085 701 2064 799; baseline -0.003 -19"><span class='ocrx_word' id='word_1_65' title='bbox 1085 709 1201 780; x_wconf 85' lang='lat' dir='ltr'>oflicii.</span> <span class='ocrx_word' id='word_1_66' title='bbox 1253 701 1392 776; x_wconf 83' lang='lat' dir='ltr'>Plenus</span> <span class='ocrx_word' id='word_1_67' title='bbox 1407 707 1557 794; x_wconf 87' lang='lat' dir='ltr'>gratiae,</span> <span class='ocrx_word' id='word_1_68' title='bbox 1580 705 1615 773; x_wconf 94' lang='lat' dir='ltr'>id</span> <span class='ocrx_word' id='word_1_69' title='bbox 1634 723 1697 790; x_wconf 96' lang='grc' dir='ltr'>εει,</span> <span class='ocrx_word' id='word_1_70' title='bbox 1717 705 1807 794; x_wconf 90' lang='lat' dir='ltr'>patri</span> <span class='ocrx_word' id='word_1_71' title='bbox 1827 706 1966 795; x_wconf 89' lang='lat' dir='ltr'>placens</span> <span class='ocrx_word' id='word_1_72' title='bbox 1983 732 2064 799; x_wconf 89' lang='lat' dir='ltr'>prae</span> 
     </span>
     <span class='ocr_line' id='line_1_11' title="bbox 1084 803 2061 893; baseline -0.004 -11"><span class='ocrx_word' id='word_1_73' title='bbox 1084 810 1271 893; x_wconf 85' lang='lat' dir='ltr'>omnibus,</span> <span class='ocrx_word' id='word_1_74' title='bbox 1298 812 1388 876; x_wconf 92' lang='lat' dir='ltr'>sicut</span> <span class='ocrx_word' id='word_1_75' title='bbox 1412 807 1513 878; x_wconf 87' lang='lat' dir='ltr'>dicit:</span> <span class='ocrx_word' id='word_1_76' title='bbox 1542 803 1610 873; x_wconf 89' lang='lat' dir='ltr'>Hic</span> <span class='ocrx_word' id='word_1_77' title='bbox 1631 819 1683 875; x_wconf 91' lang='lat' dir='ltr'>est</span> <span class='ocrx_word' id='word_1_78' title='bbox 1710 803 1825 877; x_wconf 86' lang='lat' dir='ltr'>Filius</span> <span class='ocrx_word' id='word_1_79' title='bbox 1848 831 1948 879; x_wconf 87' lang='lat' dir='ltr'>meus</span> <span class='ocrx_word' id='word_1_80' title='bbox 1971 811 2061 880; x_wconf 87' lang='lat' dir='ltr'>dile-</span> 
     </span>
     <span class='ocr_line' id='line_1_12' title="bbox 1085 903 2062 998; baseline -0.001 -16"><span class='ocrx_word' id='word_1_81' title='bbox 1085 928 1172 985; x_wconf 86' lang='lat' dir='ltr'>ctus.</span> <span class='ocrx_word' id='word_1_82' title='bbox 1225 907 1272 980; x_wconf 83' lang='lat' dir='ltr'>Et</span> <span class='ocrx_word' id='word_1_83' title='bbox 1297 905 1428 996; x_wconf 82' lang='lat' dir='ltr'>Ephes.</span> <span class='ocrx_word' id='word_1_84' title='bbox 1447 911 1499 980; x_wconf 88' lang='lat'>1.:</span> <span class='ocrx_word' id='word_1_85' title='bbox 1525 907 1673 998; x_wconf 84' lang='lat' dir='ltr'>Propter</span> <span class='ocrx_word' id='word_1_86' title='bbox 1695 903 1791 977; x_wconf 91' lang='lat' dir='ltr'>huuc</span> <span class='ocrx_word' id='word_1_87' title='bbox 1816 907 1982 981; x_wconf 90' lang='lat' dir='ltr'>dilectum</span> <span class='ocrx_word' id='word_1_88' title='bbox 2005 915 2062 981; x_wconf 93' lang='lat' dir='ltr'>di-</span> 
     </span>
     <span class='ocr_line' id='line_1_13' title="bbox 1121 1005 2061 1093; baseline 0.001 -10"><span class='ocrx_word' id='word_1_89' title='bbox 1121 1015 1169 1085; x_wconf 85' lang='lat' dir='ltr'>xit</span> <span class='ocrx_word' id='word_1_90' title='bbox 1191 1037 1268 1086; x_wconf 90' lang='lat' dir='ltr'>uos.</span> <span class='ocrx_word' id='word_1_91' title='bbox 1317 1005 1457 1079; x_wconf 51' lang='lat' dir='ltr'>¹Plenus</span> <span class='ocrx_word' id='word_1_92' title='bbox 1482 1009 1647 1093; x_wconf 87' lang='lat' dir='ltr'>veritatis,</span> <span class='ocrx_word' id='word_1_93' title='bbox 1675 1009 1708 1077; x_wconf 91' lang='lat' dir='ltr'>id</span> <span class='ocrx_word' id='word_1_94' title='bbox 1737 1023 1807 1089; x_wconf 92' lang='grc' dir='ltr'>εει,</span> <span class='ocrx_word' id='word_1_95' title='bbox 1841 1036 1943 1081; x_wconf 88' lang='lat' dir='ltr'>verae</span> <span class='ocrx_word' id='word_1_96' title='bbox 1965 1018 2061 1085; x_wconf 92' lang='lat' dir='ltr'>noti·</span> 
     </span>
     <span class='ocr_line' id='line_1_14' title="bbox 1086 1112 1610 1194; baseline -0.01 -9"><span class='ocrx_word' id='word_1_97' title='bbox 1086 1119 1158 1186; x_wconf 88' lang='lat' dir='ltr'>ciac</span> <span class='ocrx_word' id='word_1_98' title='bbox 1178 1115 1269 1194; x_wconf 90' lang='lat' dir='ltr'>Dei,</span> <span class='ocrx_word' id='word_1_99' title='bbox 1296 1127 1330 1184; x_wconf 87' lang='lat' dir='ltr'>et</span> <span class='ocrx_word' id='word_1_100' title='bbox 1344 1137 1425 1180; x_wconf 88' lang='lat' dir='ltr'>vere</span> <span class='ocrx_word' id='word_1_101' title='bbox 1441 1112 1610 1181; x_wconf 73' lang='lat' dir='ltr'>iusticias.</span> 
     </span>
    </p>
   </div>
   <div class='ocr_carea' id='block_1_9' title="bbox 1187 1209 2120 1312">
    <p class='ocr_par' dir='ltr' id='par_1_9' title="bbox 1187 1209 2120 1312">
     <span class='ocr_line' id='line_1_15' title="bbox 1187 1209 2120 1312; baseline 0.004 -29"><span class='ocrx_word' id='word_1_102' title='bbox 1187 1209 1282 1284; x_wconf 82' lang='grc' dir='ltr'>Αηιε</span> <span class='ocrx_word' id='word_1_103' title='bbox 1297 1240 1351 1282; x_wconf 89' lang='lat' dir='ltr'>me</span> <span class='ocrx_word' id='word_1_104' title='bbox 1366 1230 1439 1297; x_wconf 90' lang='lat' dir='ltr'>est,</span> <span class='ocrx_word' id='word_1_105' title='bbox 1464 1237 1525 1282; x_wconf 90' lang='lat' dir='ltr'>seu</span> <span class='ocrx_word' id='word_1_106' title='bbox 1544 1214 1703 1312; x_wconf 84' lang='lat' dir='ltr'>anterior</span> <span class='ocrx_word' id='word_1_107' title='bbox 1716 1237 1792 1296; x_wconf 89' lang='lat' dir='ltr'>me,</span> <span class='ocrx_word' id='word_1_108' title='bbox 1818 1213 1854 1282; x_wconf 94' lang='lat' dir='ltr'>id</span> <span class='ocrx_word' id='word_1_109' title='bbox 1873 1231 1936 1300; x_wconf 91' lang='lat' dir='ltr'>est,</span> <span class='ocrx_word' id='word_1_110' title='bbox 1957 1241 2058 1303; x_wconf 86' lang='lat' dir='ltr'>prae-</span> <span class='ocrx_word' id='word_1_111' title='bbox 2116 1289 2120 1298; x_wconf 72' lang='grc'>,</span> 
     </span>
    </p>
   </div>
   <div class='ocr_carea' id='block_1_10' title="bbox 160 1274 2057 1415">
    <p class='ocr_par' dir='ltr' id='par_1_10' title="bbox 160 1274 2057 1415">
     <span class='ocr_line' id='line_1_16' title="bbox 160 1274 2057 1415; baseline 0.008 -61"><span class='ocrx_word' id='word_1_112' title='bbox 160 1280 251 1354; x_wconf 88' lang='lat' dir='ltr'>Usos</span> <span class='ocrx_word' id='word_1_113' title='bbox 267 1293 448 1352; x_wconf 82' lang='lat' dir='ltr'>astantem</span> <span class='ocrx_word' id='word_1_114' title='bbox 468 1274 891 1369; x_wconf 87' lang='lat' dir='ltr'>lohannesappellatione</span> <span class='ocrx_word' id='word_1_115' title='bbox 905 1278 1031 1358; x_wconf 89' lang='lat' dir='ltr'>carnis,</span> <span class='ocrx_word' id='word_1_116' title='bbox 1085 1318 1234 1391; x_wconf 47' lang='lat' dir='ltr'><strong>stantior</strong></span> <span class='ocrx_word' id='word_1_117' title='bbox 1254 1316 1456 1400; x_wconf 50' lang='lat' dir='ltr'>magone,</span> <span class='ocrx_word' id='word_1_118' title='bbox 1483 1329 1516 1385; x_wconf 61' lang='lat' dir='ltr'>ep</span> <span class='ocrx_word' id='word_1_119' title='bbox 1535 1315 1645 1406; x_wconf 49' lang='lat'>3105,</span> <span class='ocrx_word' id='word_1_120' title='bbox 1668 1339 1728 1386; x_wconf 65' lang='lat' dir='ltr'>„u</span> <span class='ocrx_word' id='word_1_121' title='bbox 1745 1319 1913 1407; x_wconf 53' lang='lat' dir='ltr'>mnu,</span> <span class='ocrx_word' id='word_1_122' title='bbox 1955 1315 2057 1415; x_wconf 63' lang='lat' dir='ltr'><em>Quia</em></span> 
     </span>
    </p>
   </div>
   <div class='ocr_carea' id='block_1_11' title="bbox 69 1379 2060 1575">
    <p class='ocr_par' dir='ltr' id='par_1_11' title="bbox 69 1379 2060 1575">
     <span class='ocr_line' id='line_1_17' title="bbox 69 1379 2060 1514; baseline -0.005 -62"><span class='ocrx_word' id='word_1_123' title='bbox 69 1384 321 1502; x_wconf 78' lang='lat' dir='ltr'>ursignificaret</span> <span class='ocrx_word' id='word_1_124' title='bbox 336 1379 574 1450; x_wconf 86' lang='lat' dir='ltr'>infirmitatem</span> <span class='ocrx_word' id='word_1_125' title='bbox 591 1394 929 1499; x_wconf 78' lang='lat' dir='ltr'>naturaeassumtap,</span> <span class='ocrx_word' id='word_1_126' title='bbox 942 1405 1032 1500; x_wconf 88' lang='lat' dir='ltr'>quae</span> <span class='ocrx_word' id='word_1_127' title='bbox 1057 1418 1060 1477; x_wconf 39' lang='grc' dir='ltr'><strong>ᾗ</strong></span> <span class='ocrx_word' id='word_1_128' title='bbox 1086 1425 1182 1514; x_wconf 60' lang='lat' dir='ltr'>prior</span> <span class='ocrx_word' id='word_1_129' title='bbox 1198 1447 1253 1490; x_wconf 60' lang='lat' dir='ltr'>me</span> <span class='ocrx_word' id='word_1_130' title='bbox 1270 1431 1362 1499; x_wconf 52' lang='lat' dir='ltr'><strong>erat,</strong></span> <span class='ocrx_word' id='word_1_131' title='bbox 1379 1419 1413 1486; x_wconf 70' lang='lat' dir='ltr'>id</span> <span class='ocrx_word' id='word_1_132' title='bbox 1433 1433 1493 1502; x_wconf 53' lang='lat' dir='ltr'>est,</span> <span class='ocrx_word' id='word_1_133' title='bbox 1510 1433 1715 1488; x_wconf 47' lang='lat' dir='ltr'>coaeternus</span> <span class='ocrx_word' id='word_1_134' title='bbox 1731 1417 1822 1510; x_wconf 51' lang='lat' dir='ltr'>patri</span> <span class='ocrx_word' id='word_1_135' title='bbox 1838 1434 1869 1490; x_wconf 54' lang='lat' dir='ltr'>et</span> <span class='ocrx_word' id='word_1_136' title='bbox 1885 1419 1929 1488; x_wconf 54' lang='lat' dir='ltr'>ab</span> <span class='ocrx_word' id='word_1_137' title='bbox 1948 1437 2060 1491; x_wconf 42' lang='lat' dir='ltr'>mer-</span> 
     </span>
     <span class='ocr_line' id='line_1_18' title="bbox 69 1483 1060 1575; baseline -0.004 -19"><span class='ocrx_word' id='word_1_138' title='bbox 69 1489 125 1556; x_wconf 91' lang='lat' dir='ltr'>luit</span> <span class='ocrx_word' id='word_1_139' title='bbox 141 1509 214 1555; x_wconf 83' lang='lat' dir='ltr'>sure</span> <span class='ocrx_word' id='word_1_140' title='bbox 233 1499 393 1575; x_wconf 87' lang='lat' dir='ltr'>peccato,</span> <span class='ocrx_word' id='word_1_141' title='bbox 419 1483 477 1549; x_wconf 90' lang='lat' dir='ltr'>sod</span> <span class='ocrx_word' id='word_1_142' title='bbox 496 1498 613 1550; x_wconf 89' lang='lat' dir='ltr'>tamen</span> <span class='ocrx_word' id='word_1_143' title='bbox 629 1485 783 1554; x_wconf 84' lang='lat' dir='ltr'>subrecta</span> <span class='ocrx_word' id='word_1_144' title='bbox 798 1497 918 1564; x_wconf 79' lang='lat' dir='ltr'>morti,</span> <span class='ocrx_word' id='word_1_145' title='bbox 942 1497 1031 1552; x_wconf 81' lang='lat' dir='ltr'>sicut</span> <span class='ocrx_word' id='word_1_146' title='bbox 1057 1506 1060 1521; x_wconf 79' lang='lat'><em>¹</em></span> 
     </span>
    </p>
   </div>
   <div class='ocr_carea' id='block_1_12' title="bbox 68 1580 1930 2388">
    <p class='ocr_par' dir='ltr' id='par_1_12' title="bbox 68 1580 1930 2094">
     <span class='ocr_line' id='line_1_19' title="bbox 68 1580 1030 1675; baseline -0.006 -19"><span class='ocrx_word' id='word_1_147' title='bbox 68 1589 185 1656; x_wconf 91' lang='lat' dir='ltr'>dicitur</span> <span class='ocrx_word' id='word_1_148' title='bbox 206 1589 252 1666; x_wconf 83' lang='lat' dir='ltr'>ad</span> <span class='ocrx_word' id='word_1_149' title='bbox 276 1580 538 1675; x_wconf 75' lang='lat' dir='ltr'>Philippenses:</span> <span class='ocrx_word' id='word_1_150' title='bbox 563 1582 698 1654; x_wconf 86' lang='lat' dir='ltr'>Habitu</span> <span class='ocrx_word' id='word_1_151' title='bbox 720 1585 887 1654; x_wconf 86' lang='lat' dir='ltr'>inventus</span> <span class='ocrx_word' id='word_1_152' title='bbox 911 1599 949 1655; x_wconf 93' lang='lat' dir='ltr'>ut</span> <span class='ocrx_word' id='word_1_153' title='bbox 966 1581 1030 1653; x_wconf 90' lang='lat' dir='ltr'>ho-</span> 
     </span>
     <span class='ocr_line' id='line_1_20' title="bbox 68 1684 1029 1779; baseline -0.001 -23"><span class='ocrx_word' id='word_1_154' title='bbox 68 1715 117 1756; x_wconf 88' lang='lat' dir='ltr'>mo</span> <span class='ocrx_word' id='word_1_155' title='bbox 132 1685 332 1757; x_wconf 87' lang='lat' dir='ltr'>humiliavit</span> <span class='ocrx_word' id='word_1_156' title='bbox 350 1684 521 1776; x_wconf 91' lang='lat' dir='ltr'>scipsum,</span> <span class='ocrx_word' id='word_1_157' title='bbox 546 1685 657 1756; x_wconf 83' lang='lat' dir='ltr'>iactus</span> <span class='ocrx_word' id='word_1_158' title='bbox 674 1687 845 1755; x_wconf 90' lang='lat' dir='ltr'>obediens</span> <span class='ocrx_word' id='word_1_159' title='bbox 860 1710 970 1779; x_wconf 89' lang='lat' dir='ltr'>usque</span> <span class='ocrx_word' id='word_1_160' title='bbox 985 1688 1029 1755; x_wconf 91' lang='lat' dir='ltr'>ad</span> 
     </span>
     <span class='ocr_line' id='line_1_21' title="bbox 68 1784 1030 1880; baseline 0.001 -22"><span class='ocrx_word' id='word_1_161' title='bbox 68 1805 213 1860; x_wconf 87' lang='lat' dir='ltr'>mortem.</span> <span class='ocrx_word' id='word_1_162' title='bbox 277 1785 490 1880; x_wconf 85' lang='lat' dir='ltr'>Quanquam</span> <span class='ocrx_word' id='word_1_163' title='bbox 520 1787 626 1876; x_wconf 90' lang='lat' dir='ltr'>igitur</span> <span class='ocrx_word' id='word_1_164' title='bbox 656 1784 716 1858; x_wconf 92' lang='lat' dir='ltr'>hic</span> <span class='ocrx_word' id='word_1_165' title='bbox 747 1812 827 1858; x_wconf 90' lang='lat' dir='ltr'>caro</span> <span class='ocrx_word' id='word_1_166' title='bbox 859 1788 1030 1876; x_wconf 85' lang='lat' dir='ltr'>significat</span> 
     </span>
     <span class='ocr_line' id='line_1_22' title="bbox 68 1885 1031 1981; baseline 0.001 -21"><span class='ocrx_word' id='word_1_167' title='bbox 68 1905 164 1961; x_wconf 86' lang='lat' dir='ltr'>toturn</span> <span class='ocrx_word' id='word_1_168' title='bbox 180 1886 384 1976; x_wconf 88' lang='lat' dir='ltr'>bominem,</span> <span class='ocrx_word' id='word_1_169' title='bbox 407 1901 524 1958; x_wconf 88' lang='lat' dir='ltr'>tamen</span> <span class='ocrx_word' id='word_1_170' title='bbox 540 1885 714 1981; x_wconf 83' lang='lat' dir='ltr'>emphasis</span> <span class='ocrx_word' id='word_1_171' title='bbox 733 1891 952 1960; x_wconf 89' lang='lat' dir='ltr'>observanda</span> <span class='ocrx_word' id='word_1_172' title='bbox 969 1904 1031 1978; x_wconf 88' lang='lat' dir='ltr'>est,</span> 
     </span>
     <span class='ocr_line' id='line_1_23' title="bbox 70 1987 1930 2094; baseline 0.003 -34"><span class='ocrx_word' id='word_1_173' title='bbox 70 1993 129 2061; x_wconf 89' lang='lat' dir='ltr'>dici</span> <span class='ocrx_word' id='word_1_174' title='bbox 141 2015 282 2061; x_wconf 87' lang='lat' dir='ltr'>carnem</span> <span class='ocrx_word' id='word_1_175' title='bbox 305 1993 349 2060; x_wconf 90' lang='lat' dir='ltr'>ad</span> <span class='ocrx_word' id='word_1_176' title='bbox 366 1990 631 2078; x_wconf 79' lang='lat' dir='ltr'>significandam</span> <span class='ocrx_word' id='word_1_177' title='bbox 653 1994 915 2067; x_wconf 86' lang='lat' dir='ltr'>mortalitatem.</span> <span class='ocrx_word' id='word_1_178' title='bbox 1133 1996 1203 2068; x_wconf 78' lang='lat' dir='ltr'>Ex</span> <span class='ocrx_word' id='word_1_179' title='bbox 1217 1990 1447 2094; x_wconf 82' lang='lat' dir='ltr'>plenitudine</span> <span class='ocrx_word' id='word_1_180' title='bbox 1464 1993 1540 2064; x_wconf 83' lang='lat' dir='ltr'>eius</span> <span class='ocrx_word' id='word_1_181' title='bbox 1554 2017 1677 2064; x_wconf 83' lang='lat' dir='ltr'>omnes</span> <span class='ocrx_word' id='word_1_182' title='bbox 1694 1995 1908 2093; x_wconf 84' lang='lat' dir='ltr'>accepimus.</span> <span class='ocrx_word' id='word_1_183' title='bbox 1928 1987 1930 1994; x_wconf 18' lang='lat' dir='ltr'>i</span> 
     </span>
    </p>

    <p class='ocr_par' dir='ltr' id='par_1_13' title="bbox 68 2086 1032 2388">
     <span class='ocr_line' id='line_1_24' title="bbox 153 2086 1030 2186; baseline 0.001 -25"><span class='ocrx_word' id='word_1_184' title='bbox 153 2091 280 2164; x_wconf 88' lang='lat' dir='ltr'>Postea</span> <span class='ocrx_word' id='word_1_185' title='bbox 314 2090 438 2180; x_wconf 88' lang='lat' dir='ltr'>allegat</span> <span class='ocrx_word' id='word_1_186' title='bbox 465 2086 638 2161; x_wconf 87' lang='lat' dir='ltr'>lohannes</span> <span class='ocrx_word' id='word_1_187' title='bbox 671 2095 889 2165; x_wconf 89' lang='lat' dir='ltr'>testimonia:</span> <span class='ocrx_word' id='word_1_188' title='bbox 927 2093 1030 2186; x_wconf 82' lang='lat' dir='ltr'>Vidi-</span> 
     </span>
     <span class='ocr_line' id='line_1_25' title="bbox 69 2192 1029 2285; baseline 0.006 -21"><span class='ocrx_word' id='word_1_189' title='bbox 69 2219 134 2265; x_wconf 87' lang='lat' dir='ltr'>mus</span> <span class='ocrx_word' id='word_1_190' title='bbox 149 2194 298 2284; x_wconf 86' lang='lat' dir='ltr'>gloriam</span> <span class='ocrx_word' id='word_1_191' title='bbox 317 2192 410 2271; x_wconf 88' lang='lat' dir='ltr'>eius,</span> <span class='ocrx_word' id='word_1_192' title='bbox 437 2193 472 2261; x_wconf 95' lang='lat' dir='ltr'>id</span> <span class='ocrx_word' id='word_1_193' title='bbox 499 2209 568 2279; x_wconf 92' lang='lat' dir='ltr'>est,</span> <span class='ocrx_word' id='word_1_194' title='bbox 600 2196 761 2266; x_wconf 90' lang='lat' dir='ltr'>miranda</span> <span class='ocrx_word' id='word_1_195' title='bbox 783 2221 906 2285; x_wconf 88' lang='lat' dir='ltr'>opera,</span> <span class='ocrx_word' id='word_1_196' title='bbox 933 2222 1029 2270; x_wconf 88' lang='lat' dir='ltr'>resu-</span> 
     </span>
     <span class='ocr_line' id='line_1_26' title="bbox 68 2297 1032 2388; baseline 0.004 -24"><span class='ocrx_word' id='word_1_197' title='bbox 68 2298 274 2366; x_wconf 89' lang='lat' dir='ltr'>scitationem</span> <span class='ocrx_word' id='word_1_198' title='bbox 291 2309 532 2377; x_wconf 75' lang='lat' dir='ltr'>moratorum,</span> <span class='ocrx_word' id='word_1_199' title='bbox 560 2311 594 2368; x_wconf 90' lang='grc' dir='ltr'>ει</span> <span class='ocrx_word' id='word_1_200' title='bbox 610 2297 697 2384; x_wconf 90' lang='lat' dir='ltr'>alia,</span> <span class='ocrx_word' id='word_1_201' title='bbox 724 2299 791 2370; x_wconf 90' lang='lat' dir='ltr'>suit</span> <span class='ocrx_word' id='word_1_202' title='bbox 805 2297 914 2388; x_wconf 89' lang='lat' dir='ltr'>igitur</span> <span class='ocrx_word' id='word_1_203' title='bbox 929 2304 1032 2369; x_wconf 89' lang='lat' dir='ltr'>dator</span> 
     </span>
    </p>
   </div>
   <div class='ocr_carea' id='block_1_13' title="bbox 113 636 671 737">
    <p class='ocr_par' dir='ltr' id='par_1_14' title="bbox 113 636 671 737">
     <span class='ocr_line' id='line_1_27' title="bbox 113 636 671 737; baseline 0 -29"><span class='ocrx_word' id='word_1_204' title='bbox 113 637 161 710; x_wconf 84' lang='lat' dir='ltr'>Et</span> <span class='ocrx_word' id='word_1_205' title='bbox 174 638 216 712; x_wconf 86' lang='lat' dir='ltr'><em>V</em></span> <span class='ocrx_word' id='word_1_206' title='bbox 211 637 335 710; x_wconf 82' lang='lat' dir='ltr'>ardum</span> <span class='ocrx_word' id='word_1_207' title='bbox 350 661 435 710; x_wconf 85' lang='lat' dir='ltr'>coro</span> <span class='ocrx_word' id='word_1_208' title='bbox 441 636 591 737; x_wconf 83' lang='lat' dir='ltr'>sactum</span> <span class='ocrx_word' id='word_1_209' title='bbox 608 648 671 714; x_wconf 84' lang='grc' dir='ltr'>εει.</span> 
     </span>
    </p>
   </div>
   <div class='ocr_carea' id='block_1_14' title="bbox 75 771 1034 958">
    <p class='ocr_par' dir='ltr' id='par_1_15' title="bbox 75 771 1034 958">
     <span class='ocr_line' id='line_1_28' title="bbox 156 771 1034 853; baseline -0.006 -9"><span class='ocrx_word' id='word_1_210' title='bbox 156 773 246 844; x_wconf 91' lang='lat' dir='ltr'>Cum</span> <span class='ocrx_word' id='word_1_211' title='bbox 263 775 330 842; x_wconf 88' lang='lat' dir='ltr'>ait:</span> <span class='ocrx_word' id='word_1_212' title='bbox 359 771 516 842; x_wconf 77' lang='lat' dir='ltr'>Verlmm</span> <span class='ocrx_word' id='word_1_213' title='bbox 538 795 620 841; x_wconf 86' lang='lat' dir='ltr'>caro</span> <span class='ocrx_word' id='word_1_214' title='bbox 644 773 772 842; x_wconf 87' lang='lat' dir='ltr'>lactum</span> <span class='ocrx_word' id='word_1_215' title='bbox 796 784 864 853; x_wconf 90' lang='lat' dir='ltr'>est,</span> <span class='ocrx_word' id='word_1_216' title='bbox 887 785 1034 842; x_wconf 85' lang='lat' dir='ltr'>testatur</span> 
     </span>
     <span class='ocr_line' id='line_1_29' title="bbox 75 868 1033 958; baseline -0.007 -8"><span class='ocrx_word' id='word_1_217' title='bbox 75 877 195 950; x_wconf 83' lang='lat' dir='ltr'>Filium</span> <span class='ocrx_word' id='word_1_218' title='bbox 222 875 293 946; x_wconf 88' lang='lat' dir='ltr'>Dei</span> <span class='ocrx_word' id='word_1_219' title='bbox 323 875 526 944; x_wconf 78' lang='lat' dir='ltr'>assumsisse</span> <span class='ocrx_word' id='word_1_220' title='bbox 556 868 747 941; x_wconf 85' lang='lat' dir='ltr'>humanam</span> <span class='ocrx_word' id='word_1_221' title='bbox 783 888 965 958; x_wconf 72' lang='lat' dir='ltr'>notescam,</span> <span class='ocrx_word' id='word_1_222' title='bbox 999 887 1033 944; x_wconf 92' lang='lat' dir='ltr'>et</span> 
     </span>
    </p>
   </div>
   <div class='ocr_carea' id='block_1_15' title="bbox 70 975 1117 1086">
    <p class='ocr_par' dir='ltr' id='par_1_16' title="bbox 70 975 1117 1086">
     <span class='ocr_line' id='line_1_30' title="bbox 70 975 1117 1086; baseline -0.005 -40"><span class='ocrx_word' id='word_1_223' title='bbox 70 976 238 1048; x_wconf 79' lang='lat' dir='ltr'>Christum</span> <span class='ocrx_word' id='word_1_224' title='bbox 254 999 326 1045; x_wconf 90' lang='lat' dir='ltr'>esse</span> <span class='ocrx_word' id='word_1_225' title='bbox 345 999 549 1066; x_wconf 83' lang='lat' dir='ltr'>personam,</span> <span class='ocrx_word' id='word_1_226' title='bbox 578 975 615 1042; x_wconf 92' lang='lat' dir='ltr'>iu</span> <span class='ocrx_word' id='word_1_227' title='bbox 635 997 703 1066; x_wconf 89' lang='lat' dir='ltr'>qua</span> <span class='ocrx_word' id='word_1_228' title='bbox 720 990 801 1044; x_wconf 90' lang='lat' dir='ltr'>sunt</span> <span class='ocrx_word' id='word_1_229' title='bbox 817 979 905 1044; x_wconf 75' lang='lat' dir='ltr'>clerae</span> <span class='ocrx_word' id='word_1_230' title='bbox 927 989 1031 1044; x_wconf 87' lang='lat' dir='ltr'>natu·</span> <span class='ocrx_word' id='word_1_231' title='bbox 1087 1017 1117 1086; x_wconf 57' lang='lat' dir='ltr'>le</span> 
     </span>
    </p>
   </div>
   <div class='ocr_carea' id='block_1_16' title="bbox 69 1071 1031 1266">
    <p class='ocr_par' dir='ltr' id='par_1_17' title="bbox 69 1071 1031 1266">
     <span class='ocr_line' id='line_1_31' title="bbox 71 1071 1031 1178; baseline -0.005 -28"><span class='ocrx_word' id='word_1_232' title='bbox 71 1107 138 1162; x_wconf 88' lang='lat' dir='ltr'>rae,</span> <span class='ocrx_word' id='word_1_233' title='bbox 162 1071 412 1178; x_wconf 78' lang='lat' dir='ltr'>ldyoclucens</span> <span class='ocrx_word' id='word_1_234' title='bbox 435 1077 473 1144; x_wconf 92' lang='lat' dir='ltr'>in</span> <span class='ocrx_word' id='word_1_235' title='bbox 495 1089 567 1145; x_wconf 94' lang='lat' dir='ltr'>tota</span> <span class='ocrx_word' id='word_1_236' title='bbox 591 1090 737 1156; x_wconf 88' lang='lat' dir='ltr'>natura,</span> <span class='ocrx_word' id='word_1_237' title='bbox 764 1090 797 1147; x_wconf 89' lang='lat' dir='ltr'>et</span> <span class='ocrx_word' id='word_1_238' title='bbox 818 1093 944 1148; x_wconf 88' lang='lat' dir='ltr'>natura</span> <span class='ocrx_word' id='word_1_239' title='bbox 965 1073 1031 1148; x_wconf 91' lang='lat' dir='ltr'>hu-</span> 
     </span>
     <span class='ocr_line' id='line_1_32' title="bbox 69 1178 854 1266; baseline -0.008 -16"><span class='ocrx_word' id='word_1_240' title='bbox 69 1206 160 1250; x_wconf 87' lang='lat' dir='ltr'>mana</span> <span class='ocrx_word' id='word_1_241' title='bbox 177 1193 350 1258; x_wconf 88' lang='lat' dir='ltr'>assumta,</span> <span class='ocrx_word' id='word_1_242' title='bbox 376 1178 503 1261; x_wconf 87' lang='lat' dir='ltr'>idest,</span> <span class='ocrx_word' id='word_1_243' title='bbox 530 1199 657 1266; x_wconf 91' lang='lat' dir='ltr'>corpus</span> <span class='ocrx_word' id='word_1_244' title='bbox 673 1190 707 1246; x_wconf 92' lang='grc' dir='ltr'>ει</span> <span class='ocrx_word' id='word_1_245' title='bbox 725 1178 854 1252; x_wconf 89' lang='lat' dir='ltr'>anima.</span> 
     </span>
    </p>
   </div>
   <div class='ocr_carea' id='block_1_17' title="bbox 1084 1619 2058 1901">
    <p class='ocr_par' dir='ltr' id='par_1_18' title="bbox 1084 1619 2058 1901">
     <span class='ocr_line' id='line_1_33' title="bbox 1084 1619 2058 1720; baseline -0.002 -24"><span class='ocrx_word' id='word_1_246' title='bbox 1084 1651 1186 1720; x_wconf 91' lang='lat' dir='ltr'>quem</span> <span class='ocrx_word' id='word_1_247' title='bbox 1205 1624 1302 1692; x_wconf 90' lang='lat' dir='ltr'>Deus</span> <span class='ocrx_word' id='word_1_248' title='bbox 1325 1623 1446 1694; x_wconf 83' lang='lat' dir='ltr'>dilexit</span> <span class='ocrx_word' id='word_1_249' title='bbox 1468 1619 1681 1703; x_wconf 83' lang='lat' dir='ltr'>Ecclesiam,</span> <span class='ocrx_word' id='word_1_250' title='bbox 1707 1621 1826 1714; x_wconf 89' lang='lat' dir='ltr'>etqui</span> <span class='ocrx_word' id='word_1_251' title='bbox 1849 1623 1915 1694; x_wconf 87' lang='lat' dir='ltr'>suit</span> <span class='ocrx_word' id='word_1_252' title='bbox 1939 1627 2058 1694; x_wconf 79' lang='lat' dir='ltr'>eilicax</span> 
     </span>
     <span class='ocr_line' id='line_1_34' title="bbox 1085 1722 2058 1817; baseline -0.008 -23"><span class='ocrx_word' id='word_1_253' title='bbox 1085 1730 1120 1798; x_wconf 89' lang='lat' dir='ltr'>in</span> <span class='ocrx_word' id='word_1_254' title='bbox 1138 1725 1290 1798; x_wconf 79' lang='lat' dir='ltr'>Ecclesia</span> <span class='ocrx_word' id='word_1_255' title='bbox 1307 1726 1389 1793; x_wconf 89' lang='lat' dir='ltr'>inde</span> <span class='ocrx_word' id='word_1_256' title='bbox 1406 1747 1516 1817; x_wconf 89' lang='lat' dir='ltr'>usque</span> <span class='ocrx_word' id='word_1_257' title='bbox 1539 1725 1582 1790; x_wconf 91' lang='lat' dir='ltr'>ab</span> <span class='ocrx_word' id='word_1_258' title='bbox 1605 1722 1727 1801; x_wconf 91' lang='lat' dir='ltr'>initio,</span> <span class='ocrx_word' id='word_1_259' title='bbox 1754 1725 1789 1790; x_wconf 89' lang='lat' dir='ltr'>id</span> <span class='ocrx_word' id='word_1_260' title='bbox 1810 1738 1860 1793; x_wconf 92' lang='lat' dir='ltr'>est</span> <span class='ocrx_word' id='word_1_261' title='bbox 1867 1776 1878 1810; x_wconf 89' lang='lat'>,</span> <span class='ocrx_word' id='word_1_262' title='bbox 1906 1726 1973 1797; x_wconf 90' lang='lat' dir='ltr'>luit</span> <span class='ocrx_word' id='word_1_263' title='bbox 1994 1733 2058 1797; x_wconf 91' lang='lat' dir='ltr'>ad.</span> 
     </span>
     <span class='ocr_line' id='line_1_35' title="bbox 1085 1827 1812 1901; baseline -0.007 0"><span class='ocrx_word' id='word_1_264' title='bbox 1085 1832 1180 1901; x_wconf 90' lang='lat' dir='ltr'>intur</span> <span class='ocrx_word' id='word_1_265' title='bbox 1194 1843 1227 1898; x_wconf 90' lang='lat' dir='ltr'>et</span> <span class='ocrx_word' id='word_1_266' title='bbox 1244 1828 1414 1897; x_wconf 89' lang='lat' dir='ltr'>liberator</span> <span class='ocrx_word' id='word_1_267' title='bbox 1432 1827 1593 1896; x_wconf 89' lang='lat' dir='ltr'>omnium</span> <span class='ocrx_word' id='word_1_268' title='bbox 1610 1827 1812 1896; x_wconf 89' lang='lat' dir='ltr'>electorum.</span> 
     </span>
    </p>
   </div>
   <div class='ocr_carea' id='block_1_18' title="bbox 1086 2123 2062 2324">
    <p class='ocr_par' dir='ltr' id='par_1_19' title="bbox 1086 2123 2062 2324">
     <span class='ocr_line' id='line_1_36' title="bbox 1186 2123 2060 2221; baseline 0.002 -21"><span class='ocrx_word' id='word_1_269' title='bbox 1186 2128 1323 2200; x_wconf 88' lang='lat' dir='ltr'>Omnes</span> <span class='ocrx_word' id='word_1_270' title='bbox 1341 2141 1477 2221; x_wconf 88' lang='lat' dir='ltr'>patres,</span> <span class='ocrx_word' id='word_1_271' title='bbox 1499 2123 1698 2218; x_wconf 87' lang='lat' dir='ltr'>Prophetae</span> <span class='ocrx_word' id='word_1_272' title='bbox 1717 2145 1748 2199; x_wconf 92' lang='lat' dir='ltr'>ct</span> <span class='ocrx_word' id='word_1_273' title='bbox 1764 2131 1894 2211; x_wconf 90' lang='lat' dir='ltr'>sancti,</span> <span class='ocrx_word' id='word_1_274' title='bbox 1922 2125 1989 2200; x_wconf 92' lang='lat' dir='ltr'>hoc</span> <span class='ocrx_word' id='word_1_275' title='bbox 2004 2158 2060 2202; x_wconf 88' lang='lat' dir='ltr'>re-</span> 
     </span>
     <span class='ocr_line' id='line_1_37' title="bbox 1086 2226 2062 2324; baseline 0.004 -24"><span class='ocrx_word' id='word_1_276' title='bbox 1086 2236 1223 2303; x_wconf 86' lang='lat' dir='ltr'>velante</span> <span class='ocrx_word' id='word_1_277' title='bbox 1246 2231 1444 2324; x_wconf 89' lang='lat' dir='ltr'>accepimus</span> <span class='ocrx_word' id='word_1_278' title='bbox 1458 2226 1711 2318; x_wconf 85' lang='lat' dir='ltr'>Evangelium,</span> <span class='ocrx_word' id='word_1_279' title='bbox 1738 2227 1804 2298; x_wconf 89' lang='lat' dir='ltr'>boc</span> <span class='ocrx_word' id='word_1_280' title='bbox 1826 2234 2062 2306; x_wconf 84' lang='lat' dir='ltr'>donanteac·</span> 
     </span>
    </p>
   </div>
   <div class='ocr_carea' id='block_1_19' title="bbox 1086 2433 2061 2528">
    <p class='ocr_par' dir='ltr' id='par_1_20' title="bbox 1086 2433 2061 2528">
     <span class='ocr_line' id='line_1_38' title="bbox 1086 2433 2061 2528; baseline -0.009 -20"><span class='ocrx_word' id='word_1_281' title='bbox 1086 2451 1119 2509; x_wconf 89' lang='grc' dir='ltr'>ει</span> <span class='ocrx_word' id='word_1_282' title='bbox 1136 2438 1355 2528; x_wconf 80' lang='lat' dir='ltr'>gubernante</span> <span class='ocrx_word' id='word_1_283' title='bbox 1369 2433 1565 2524; x_wconf 89' lang='lat' dir='ltr'>accepimus</span> <span class='ocrx_word' id='word_1_284' title='bbox 1581 2434 1708 2519; x_wconf 88' lang='lat' dir='ltr'>lucem,</span> <span class='ocrx_word' id='word_1_285' title='bbox 1728 2459 1789 2504; x_wconf 90' lang='lat' dir='ltr'>seu</span> <span class='ocrx_word' id='word_1_286' title='bbox 1805 2435 1970 2505; x_wconf 89' lang='lat' dir='ltr'>noticiam</span> <span class='ocrx_word' id='word_1_287' title='bbox 1988 2438 2061 2528; x_wconf 83' lang='lat' dir='ltr'>spi.</span> 
     </span>
    </p>
   </div>
   <div class='ocr_carea' id='block_1_20' title="bbox 155 2535 2059 2658">
    <p class='ocr_par' dir='ltr' id='par_1_21' title="bbox 155 2535 2059 2658">
     <span class='ocr_line' id='line_1_39' title="bbox 155 2535 2059 2658; baseline 0 -49"><span class='ocrx_word' id='word_1_288' title='bbox 155 2567 228 2638; x_wconf 56' lang='lat' dir='ltr'>pam</span> <span class='ocrx_word' id='word_1_289' title='bbox 258 2561 487 2657; x_wconf 49' lang='lat' dir='ltr'>cognitam</span> <span class='ocrx_word' id='word_1_290' title='bbox 510 2571 712 2642; x_wconf 57' lang='lat' dir='ltr'><strong>„amnone</strong></span> <span class='ocrx_word' id='word_1_291' title='bbox 729 2567 920 2658; x_wconf 53' lang='lat' dir='ltr'>&#39;ohannss’</span> <span class='ocrx_word' id='word_1_292' title='bbox 945 2571 1031 2640; x_wconf 51' lang='lat' dir='ltr'>saep,</span> <span class='ocrx_word' id='word_1_293' title='bbox 1087 2541 1269 2618; x_wconf 78' lang='lat' dir='ltr'>simulem,</span> <span class='ocrx_word' id='word_1_294' title='bbox 1308 2559 1436 2604; x_wconf 89' lang='lat' dir='ltr'>novam</span> <span class='ocrx_word' id='word_1_295' title='bbox 1463 2535 1637 2603; x_wconf 89' lang='lat' dir='ltr'>iusticiam</span> <span class='ocrx_word' id='word_1_296' title='bbox 1668 2551 1702 2604; x_wconf 92' lang='lat' dir='ltr'>et</span> <span class='ocrx_word' id='word_1_297' title='bbox 1729 2537 1837 2605; x_wconf 88' lang='lat' dir='ltr'>vitam</span> <span class='ocrx_word' id='word_1_298' title='bbox 1867 2552 2059 2614; x_wconf 90' lang='lat' dir='ltr'>aeternam.</span> 
     </span>
    </p>
   </div>
   <div class='ocr_carea' id='block_1_21' title="bbox 68 2629 2060 2834">
    <p class='ocr_par' dir='ltr' id='par_1_22' title="bbox 68 2629 2060 2834">
     <span class='ocr_line' id='line_1_40' title="bbox 68 2629 2057 2759; baseline -0.006 -21"><span class='ocrx_word' id='word_1_299' title='bbox 68 2671 103 2739; x_wconf 89' lang='lat' dir='ltr'>lis</span> <span class='ocrx_word' id='word_1_300' title='bbox 123 2684 171 2742; x_wconf 89' lang='lat' dir='ltr'>est</span> <span class='ocrx_word' id='word_1_301' title='bbox 194 2670 365 2740; x_wconf 86' lang='lat' dir='ltr'>refutatio</span> <span class='ocrx_word' id='word_1_302' title='bbox 389 2667 608 2741; x_wconf 86' lang='lat' dir='ltr'>Samosateni</span> <span class='ocrx_word' id='word_1_303' title='bbox 630 2689 663 2742; x_wconf 92' lang='lat' dir='ltr'>et</span> <span class='ocrx_word' id='word_1_304' title='bbox 689 2671 780 2747; x_wconf 83' lang='lat' dir='ltr'>Arii.</span> <span class='ocrx_word' id='word_1_305' title='bbox 832 2671 1031 2743; x_wconf 87' lang='lat' dir='ltr'>Samosate-</span> <span class='ocrx_word' id='word_1_306' title='bbox 1086 2641 1400 2759; x_wconf 61' lang='lat' dir='ltr'>Sicil‘ffe‘fflml’</span> <span class='ocrx_word' id='word_1_307' title='bbox 1427 2629 1841 2757; x_wconf 56' lang='lat' dir='ltr'>qsaliaml&#39;mdm&#39;lag</span> <span class='ocrx_word' id='word_1_308' title='bbox 1865 2639 2057 2721; x_wconf 56' lang='lat' dir='ltr'>messiac-</span> 
     </span>
     <span class='ocr_line' id='line_1_41' title="bbox 1023 2742 2060 2834; baseline -0.008 -21"><span class='ocrx_word' id='word_1_309' title='bbox 1023 2774 1031 2792; x_wconf 90' lang='lat'><strong>·</strong></span> <span class='ocrx_word' id='word_1_310' title='bbox 1086 2757 1319 2834; x_wconf 88' lang='lat' dir='ltr'>ceptauouem</span> <span class='ocrx_word' id='word_1_311' title='bbox 1346 2751 1475 2824; x_wconf 76' lang='lat' dir='ltr'>nostra,</span> <span class='ocrx_word' id='word_1_312' title='bbox 1501 2753 1684 2828; x_wconf 87' lang='lat' dir='ltr'>propterea</span> <span class='ocrx_word' id='word_1_313' title='bbox 1709 2742 1802 2833; x_wconf 92' lang='lat' dir='ltr'>quod</span> <span class='ocrx_word' id='word_1_314' title='bbox 1830 2763 1904 2828; x_wconf 80' lang='lat' dir='ltr'>ipss</span> <span class='ocrx_word' id='word_1_315' title='bbox 1923 2756 1976 2813; x_wconf 91' lang='lat' dir='ltr'>est</span> <span class='ocrx_word' id='word_1_316' title='bbox 2002 2767 2060 2812; x_wconf 81' lang='lat' dir='ltr'>ac.</span> 
     </span>
    </p>
   </div>
   <div class='ocr_carea' id='block_1_22' title="bbox 920 2840 2062 3047">
    <p class='ocr_par' dir='ltr' id='par_1_23' title="bbox 920 2840 2062 3047">
     <span class='ocr_line' id='line_1_42' title="bbox 1087 2840 2059 2936; baseline -0.012 -21"><span class='ocrx_word' id='word_1_317' title='bbox 1087 2860 1207 2936; x_wconf 87' lang='lat' dir='ltr'>ceptus</span> <span class='ocrx_word' id='word_1_318' title='bbox 1220 2865 1281 2911; x_wconf 90' lang='lat' dir='ltr'>seu</span> <span class='ocrx_word' id='word_1_319' title='bbox 1298 2841 1458 2910; x_wconf 84' lang='lat' dir='ltr'>dilectus-</span> <span class='ocrx_word' id='word_1_320' title='bbox 1509 2841 1594 2912; x_wconf 89' lang='lat' dir='ltr'>ldeo</span> <span class='ocrx_word' id='word_1_321' title='bbox 1611 2854 1726 2909; x_wconf 80' lang='lat' dir='ltr'>utitem</span> <span class='ocrx_word' id='word_1_322' title='bbox 1750 2840 1799 2910; x_wconf 90' lang='lat' dir='ltr'>sic</span> <span class='ocrx_word' id='word_1_323' title='bbox 1815 2841 1920 2927; x_wconf 90' lang='lat' dir='ltr'>dicit,</span> <span class='ocrx_word' id='word_1_324' title='bbox 1944 2858 1984 2913; x_wconf 91' lang='lat' dir='ltr'>ut</span> <span class='ocrx_word' id='word_1_325' title='bbox 2008 2859 2059 2914; x_wconf 87' lang='lat' dir='ltr'>te.</span> 
     </span>
     <span class='ocr_line' id='line_1_43' title="bbox 920 2942 2062 3047; baseline -0.012 -26"><span class='ocrx_word' id='word_1_326' title='bbox 920 2977 1031 3047; x_wconf 58' lang='lat' dir='ltr'>emp,</span> <span class='ocrx_word' id='word_1_327' title='bbox 1086 2961 1197 3016; x_wconf 89' lang='lat' dir='ltr'>stetur</span> <span class='ocrx_word' id='word_1_328' title='bbox 1222 2966 1289 3012; x_wconf 91' lang='lat' dir='ltr'>nos</span> <span class='ocrx_word' id='word_1_329' title='bbox 1312 2967 1385 3011; x_wconf 93' lang='lat' dir='ltr'>nou</span> <span class='ocrx_word' id='word_1_330' title='bbox 1408 2953 1551 3032; x_wconf 90' lang='lat' dir='ltr'>propter</span> <span class='ocrx_word' id='word_1_331' title='bbox 1575 2954 1730 3011; x_wconf 88' lang='lat' dir='ltr'>nostram</span> <span class='ocrx_word' id='word_1_332' title='bbox 1754 2942 1959 3034; x_wconf 86' lang='lat' dir='ltr'>dignitatem</span> <span class='ocrx_word' id='word_1_333' title='bbox 1984 2947 2062 3036; x_wconf 79' lang='lat' dir='ltr'>pla.</span> 
     </span>
    </p>
   </div>
   <div class='ocr_carea' id='block_1_23' title="bbox 68 2969 1760 3136">
    <p class='ocr_par' dir='ltr' id='par_1_24' title="bbox 68 2969 1760 3136">
     <span class='ocr_line' id='line_1_44' title="bbox 68 2969 1760 3136; baseline 0.026 -95"><span class='ocrx_word' id='word_1_334' title='bbox 68 2969 254 3045; x_wconf 90' lang='lat' dir='ltr'>humanum</span> <span class='ocrx_word' id='word_1_335' title='bbox 271 2997 399 3062; x_wconf 84' lang='lat' dir='ltr'>genus,</span> <span class='ocrx_word' id='word_1_336' title='bbox 421 2990 458 3045; x_wconf 87' lang='lat' dir='ltr'>et</span> <span class='ocrx_word' id='word_1_337' title='bbox 480 2976 613 3046; x_wconf 84' lang='lat' dir='ltr'>salvaro</span> <span class='ocrx_word' id='word_1_338' title='bbox 638 3002 700 3068; x_wconf 89' lang='lat' dir='ltr'>per</span> <span class='ocrx_word' id='word_1_339' title='bbox 716 2980 892 3070; x_wconf 90' lang='lat' dir='ltr'>quendam</span> <span class='ocrx_word' id='word_1_340' title='bbox 1210 3047 1271 3114; x_wconf 54' lang='lat' dir='ltr'>sed</span> <span class='ocrx_word' id='word_1_341' title='bbox 1293 3059 1437 3136; x_wconf 52' lang='lat' dir='ltr'>propter</span> <span class='ocrx_word' id='word_1_342' title='bbox 1451 3045 1563 3114; x_wconf 63' lang='lat' dir='ltr'>filium</span> <span class='ocrx_word' id='word_1_343' title='bbox 1580 3043 1760 3115; x_wconf 51' lang='lat' dir='ltr'><strong>dilectum·</strong></span> 
     </span>
    </p>
   </div>
   <div class='ocr_carea' id='block_1_24' title="bbox 64 3175 2114 4201">
    <p class='ocr_par' dir='ltr' id='par_1_25' title="bbox 67 3175 2060 3290">
     <span class='ocr_line' id='line_1_45' title="bbox 67 3175 2060 3290; baseline 0.011 -44"><span class='ocrx_word' id='word_1_344' title='bbox 67 3180 154 3250; x_wconf 88' lang='lat' dir='ltr'>torsit</span> <span class='ocrx_word' id='word_1_345' title='bbox 170 3175 349 3252; x_wconf 72' lang='lat' dir='ltr'>Iohannis</span> <span class='ocrx_word' id='word_1_346' title='bbox 365 3179 622 3254; x_wconf 73' lang='lat' dir='ltr'>narrationem·</span> <span class='ocrx_word' id='word_1_347' title='bbox 1188 3196 1359 3290; x_wconf 86' lang='lat' dir='ltr'>Sequitur</span> <span class='ocrx_word' id='word_1_348' title='bbox 1382 3194 1574 3262; x_wconf 88' lang='lat' dir='ltr'>discrimen</span> <span class='ocrx_word' id='word_1_349' title='bbox 1596 3190 1705 3260; x_wconf 90' lang='lat' dir='ltr'>Moisi</span> <span class='ocrx_word' id='word_1_350' title='bbox 1728 3207 1762 3260; x_wconf 93' lang='lat' dir='ltr'>et</span> <span class='ocrx_word' id='word_1_351' title='bbox 1778 3190 1948 3277; x_wconf 88' lang='lat' dir='ltr'>Messiac,</span> <span class='ocrx_word' id='word_1_352' title='bbox 1975 3197 2060 3287; x_wconf 89' lang='lat' dir='ltr'>legis</span> 
     </span>
    </p>

    <p class='ocr_par' dir='ltr' id='par_1_26' title="bbox 64 3287 2114 4201">
     <span class='ocr_line' id='line_1_46' title="bbox 153 3287 2060 3389; baseline -0.005 -23"><span class='ocrx_word' id='word_1_353' title='bbox 153 3293 222 3366; x_wconf 87' lang='lat' dir='ltr'>Sed</span> <span class='ocrx_word' id='word_1_354' title='bbox 245 3296 350 3362; x_wconf 80' lang='lat' dir='ltr'>firma</span> <span class='ocrx_word' id='word_1_355' title='bbox 374 3307 424 3364; x_wconf 89' lang='lat' dir='ltr'>est</span> <span class='ocrx_word' id='word_1_356' title='bbox 441 3295 630 3379; x_wconf 81' lang='lat' dir='ltr'>&#39;relutati0,</span> <span class='ocrx_word' id='word_1_357' title='bbox 662 3321 743 3366; x_wconf 90' lang='lat' dir='ltr'>cum</span> <span class='ocrx_word' id='word_1_358' title='bbox 767 3297 913 3368; x_wconf 81' lang='lat' dir='ltr'>dicitur:</span> <span class='ocrx_word' id='word_1_359' title='bbox 942 3295 1031 3366; x_wconf 88' lang='lat' dir='ltr'>Ver·</span> <span class='ocrx_word' id='word_1_360' title='bbox 1087 3297 1335 3388; x_wconf 81' lang='lat' dir='ltr'>etEvangelii,</span> <span class='ocrx_word' id='word_1_361' title='bbox 1362 3289 1449 3364; x_wconf 76' lang='lat' dir='ltr'>Lex</span> <span class='ocrx_word' id='word_1_362' title='bbox 1461 3287 1687 3389; x_wconf 84' lang='lat' dir='ltr'>perMoisan</span> <span class='ocrx_word' id='word_1_363' title='bbox 1703 3293 1782 3362; x_wconf 87' lang='lat' dir='ltr'>data</span> <span class='ocrx_word' id='word_1_364' title='bbox 1800 3310 1869 3376; x_wconf 88' lang='lat' dir='ltr'>est,</span> <span class='ocrx_word' id='word_1_365' title='bbox 1887 3299 1987 3389; x_wconf 89' lang='lat' dir='ltr'>quasi</span> <span class='ocrx_word' id='word_1_366' title='bbox 2004 3301 2060 3367; x_wconf 89' lang='lat' dir='ltr'>di.</span> 
     </span>
     <span class='ocr_line' id='line_1_47' title="bbox 67 3394 2059 3490; baseline 0.004 -27"><span class='ocrx_word' id='word_1_367' title='bbox 67 3397 137 3464; x_wconf 90' lang='lat' dir='ltr'>bum</span> <span class='ocrx_word' id='word_1_368' title='bbox 159 3422 241 3466; x_wconf 87' lang='lat' dir='ltr'>caro</span> <span class='ocrx_word' id='word_1_369' title='bbox 268 3399 400 3467; x_wconf 86' lang='lat' dir='ltr'>lactum</span> <span class='ocrx_word' id='word_1_370' title='bbox 427 3411 496 3481; x_wconf 88' lang='lat' dir='ltr'>est,</span> <span class='ocrx_word' id='word_1_371' title='bbox 521 3397 558 3464; x_wconf 91' lang='lat' dir='ltr'>id</span> <span class='ocrx_word' id='word_1_372' title='bbox 579 3421 654 3466; x_wconf 91' lang='lat' dir='ltr'>non</span> <span class='ocrx_word' id='word_1_373' title='bbox 675 3411 790 3488; x_wconf 88' lang='lat' dir='ltr'>potest</span> <span class='ocrx_word' id='word_1_374' title='bbox 812 3399 963 3490; x_wconf 85' lang='lat' dir='ltr'>intelligi</span> <span class='ocrx_word' id='word_1_375' title='bbox 991 3400 1033 3467; x_wconf 86' lang='lat' dir='ltr'>de</span> <span class='ocrx_word' id='word_1_376' title='bbox 1086 3417 1197 3480; x_wconf 85' lang='lat' dir='ltr'>ceret,</span> <span class='ocrx_word' id='word_1_377' title='bbox 1219 3423 1386 3488; x_wconf 88' lang='lat' dir='ltr'>magnum</span> <span class='ocrx_word' id='word_1_378' title='bbox 1416 3397 1606 3465; x_wconf 85' lang='lat' dir='ltr'>discrimen</span> <span class='ocrx_word' id='word_1_379' title='bbox 1631 3409 1680 3463; x_wconf 91' lang='lat' dir='ltr'>est</span> <span class='ocrx_word' id='word_1_380' title='bbox 1705 3394 1798 3464; x_wconf 88' lang='lat' dir='ltr'>inter</span> <span class='ocrx_word' id='word_1_381' title='bbox 1817 3397 1931 3467; x_wconf 82' lang='lat' dir='ltr'>officia</span> <span class='ocrx_word' id='word_1_382' title='bbox 1946 3395 2059 3470; x_wconf 90' lang='lat' dir='ltr'>Moisi</span> 
     </span>
     <span class='ocr_line' id='line_1_48' title="bbox 69 3497 2059 3593; baseline 0.005 -32"><span class='ocrx_word' id='word_1_383' title='bbox 69 3499 162 3566; x_wconf 84' lang='lat' dir='ltr'>verbo</span> <span class='ocrx_word' id='word_1_384' title='bbox 185 3498 325 3578; x_wconf 89' lang='lat' dir='ltr'>vocali,</span> <span class='ocrx_word' id='word_1_385' title='bbox 357 3497 412 3566; x_wconf 85' lang='lat' dir='ltr'>vel</span> <span class='ocrx_word' id='word_1_386' title='bbox 438 3500 481 3567; x_wconf 90' lang='lat' dir='ltr'>de</span> <span class='ocrx_word' id='word_1_387' title='bbox 507 3499 740 3587; x_wconf 88' lang='lat' dir='ltr'>cogitatione,</span> <span class='ocrx_word' id='word_1_388' title='bbox 773 3525 863 3592; x_wconf 89' lang='lat' dir='ltr'>quae</span> <span class='ocrx_word' id='word_1_389' title='bbox 887 3515 936 3570; x_wconf 93' lang='lat' dir='ltr'>est</span> <span class='ocrx_word' id='word_1_390' title='bbox 960 3502 1032 3592; x_wconf 91' lang='lat' dir='ltr'>ipse</span> <span class='ocrx_word' id='word_1_391' title='bbox 1087 3520 1122 3575; x_wconf 92' lang='lat' dir='ltr'>et</span> <span class='ocrx_word' id='word_1_392' title='bbox 1139 3501 1301 3572; x_wconf 87' lang='lat' dir='ltr'>Messiae.</span> <span class='ocrx_word' id='word_1_393' title='bbox 1356 3499 1487 3570; x_wconf 86' lang='lat' dir='ltr'>Moiscs</span> <span class='ocrx_word' id='word_1_394' title='bbox 1502 3499 1568 3568; x_wconf 89' lang='lat' dir='ltr'>luit</span> <span class='ocrx_word' id='word_1_395' title='bbox 1585 3497 1745 3565; x_wconf 89' lang='lat' dir='ltr'>minister</span> <span class='ocrx_word' id='word_1_396' title='bbox 1760 3497 1973 3593; x_wconf 86' lang='lat' dir='ltr'>legis,quae</span> <span class='ocrx_word' id='word_1_397' title='bbox 1986 3527 2059 3572; x_wconf 77' lang='lat' dir='ltr'>riou</span> 
     </span>
     <span class='ocr_line' id='line_1_49' title="bbox 68 3595 2106 3724; baseline 0.003 -58"><span class='ocrx_word' id='word_1_398' title='bbox 68 3611 216 3670; x_wconf 86' lang='lat' dir='ltr'>aeternus</span> <span class='ocrx_word' id='word_1_399' title='bbox 236 3614 355 3694; x_wconf 84' lang='lat' dir='ltr'>pater,</span> <span class='ocrx_word' id='word_1_400' title='bbox 380 3601 439 3668; x_wconf 91' lang='lat' dir='ltr'>sed</span> <span class='ocrx_word' id='word_1_401' title='bbox 465 3623 604 3670; x_wconf 89' lang='lat' dir='ltr'>necesse</span> <span class='ocrx_word' id='word_1_402' title='bbox 627 3615 678 3671; x_wconf 90' lang='lat' dir='ltr'>est</span> <span class='ocrx_word' id='word_1_403' title='bbox 693 3605 737 3670; x_wconf 88' lang='lat' dir='ltr'>de</span> <span class='ocrx_word' id='word_1_404' title='bbox 748 3603 867 3694; x_wconf 91' lang='lat' dir='ltr'>aliqua</span> <span class='ocrx_word' id='word_1_405' title='bbox 886 3626 1032 3693; x_wconf 89' lang='lat' dir='ltr'>persona</span> <span class='ocrx_word' id='word_1_406' title='bbox 1058 3611 1061 3724; x_wconf 63' lang='lat' dir='ltr'>J</span> <span class='ocrx_word' id='word_1_407' title='bbox 1087 3607 1181 3678; x_wconf 89' lang='lat' dir='ltr'>tollit</span> <span class='ocrx_word' id='word_1_408' title='bbox 1204 3615 1380 3694; x_wconf 89' lang='lat' dir='ltr'>peccatum</span> <span class='ocrx_word' id='word_1_409' title='bbox 1412 3613 1446 3672; x_wconf 91' lang='grc' dir='ltr'>ει</span> <span class='ocrx_word' id='word_1_410' title='bbox 1468 3613 1636 3669; x_wconf 81' lang='lat' dir='ltr'>mortem:</span> <span class='ocrx_word' id='word_1_411' title='bbox 1674 3601 1736 3666; x_wconf 88' lang='lat' dir='ltr'>sed</span> <span class='ocrx_word' id='word_1_412' title='bbox 1760 3595 1922 3670; x_wconf 82' lang='lat' dir='ltr'>Christus</span> <span class='ocrx_word' id='word_1_413' title='bbox 1948 3605 2062 3677; x_wconf 87' lang='lat' dir='ltr'>adlert</span> <span class='ocrx_word' id='word_1_414' title='bbox 2103 3607 2106 3612; x_wconf 82' lang='grc'>’</span> 
     </span>
     <span class='ocr_line' id='line_1_50' title="bbox 68 3694 2098 3799; baseline 0.004 -33"><span class='ocrx_word' id='word_1_415' title='bbox 68 3699 216 3790; x_wconf 88' lang='lat' dir='ltr'>intelligi.</span> <span class='ocrx_word' id='word_1_416' title='bbox 273 3701 381 3783; x_wconf 88' lang='lat' dir='ltr'>ltem,</span> <span class='ocrx_word' id='word_1_417' title='bbox 398 3702 442 3770; x_wconf 88' lang='lat' dir='ltr'>de</span> <span class='ocrx_word' id='word_1_418' title='bbox 458 3697 600 3772; x_wconf 86' lang='lat' dir='ltr'>Christo</span> <span class='ocrx_word' id='word_1_419' title='bbox 618 3704 765 3773; x_wconf 89' lang='lat' dir='ltr'>dicitur:</span> <span class='ocrx_word' id='word_1_420' title='bbox 794 3705 956 3775; x_wconf 88' lang='lat' dir='ltr'>Mundus</span> <span class='ocrx_word' id='word_1_421' title='bbox 973 3729 1033 3796; x_wconf 90' lang='lat' dir='ltr'>per</span> <span class='ocrx_word' id='word_1_422' title='bbox 1058 3732 1061 3776; x_wconf 86' lang='grc' dir='ltr'>ι</span> <span class='ocrx_word' id='word_1_423' title='bbox 1086 3707 1234 3799; x_wconf 86' lang='lat' dir='ltr'>gratiam</span> <span class='ocrx_word' id='word_1_424' title='bbox 1258 3718 1291 3775; x_wconf 92' lang='lat' dir='ltr'>et</span> <span class='ocrx_word' id='word_1_425' title='bbox 1311 3703 1507 3776; x_wconf 85' lang='lat' dir='ltr'>veritatem.</span> <span class='ocrx_word' id='word_1_426' title='bbox 1559 3694 1756 3780; x_wconf 81' lang='lat' dir='ltr'>Gratiam,</span> <span class='ocrx_word' id='word_1_427' title='bbox 1782 3701 1819 3767; x_wconf 92' lang='lat' dir='ltr'>id</span> <span class='ocrx_word' id='word_1_428' title='bbox 1841 3716 1910 3786; x_wconf 88' lang='grc' dir='ltr'>εει,</span> <span class='ocrx_word' id='word_1_429' title='bbox 1937 3707 2062 3775; x_wconf 75' lang='lat' dir='ltr'>remis-</span> <span class='ocrx_word' id='word_1_430' title='bbox 2093 3713 2098 3720; x_wconf 88' lang='grc'><em>“</em></span> 
     </span>
     <span class='ocr_line' id='line_1_51' title="bbox 68 3781 2060 3898; baseline -0.001 -24"><span class='ocrx_word' id='word_1_431' title='bbox 68 3800 170 3890; x_wconf 82' lang='lat' dir='ltr'>ipsum</span> <span class='ocrx_word' id='word_1_432' title='bbox 194 3805 310 3875; x_wconf 83' lang='lat' dir='ltr'>iactus</span> <span class='ocrx_word' id='word_1_433' title='bbox 334 3815 396 3871; x_wconf 90' lang='lat' dir='ltr'>est.</span> <span class='ocrx_word' id='word_1_434' title='bbox 450 3803 525 3872; x_wconf 88' lang='lat' dir='ltr'>lam</span> <span class='ocrx_word' id='word_1_435' title='bbox 551 3807 579 3872; x_wconf 90' lang='lat' dir='ltr'>si</span> <span class='ocrx_word' id='word_1_436' title='bbox 601 3801 765 3876; x_wconf 89' lang='lat' dir='ltr'>Christus</span> <span class='ocrx_word' id='word_1_437' title='bbox 787 3819 925 3876; x_wconf 89' lang='lat' dir='ltr'>tautum</span> <span class='ocrx_word' id='word_1_438' title='bbox 947 3822 1030 3876; x_wconf 88' lang='lat' dir='ltr'>essct</span> <span class='ocrx_word' id='word_1_439' title='bbox 1058 3781 1061 3831; x_wconf 30' lang='grc' dir='ltr'><strong><em>ᾗ</em></strong></span> <span class='ocrx_word' id='word_1_440' title='bbox 1086 3813 1223 3879; x_wconf 89' lang='lat' dir='ltr'>sionem</span> <span class='ocrx_word' id='word_1_441' title='bbox 1242 3819 1464 3898; x_wconf 90' lang='lat' dir='ltr'>peccatorum</span> <span class='ocrx_word' id='word_1_442' title='bbox 1482 3817 1515 3874; x_wconf 92' lang='lat' dir='ltr'>et</span> <span class='ocrx_word' id='word_1_443' title='bbox 1531 3803 1866 3872; x_wconf 86' lang='lat' dir='ltr'>reconciliationem.</span> <span class='ocrx_word' id='word_1_444' title='bbox 1912 3801 1955 3873; x_wconf 87' lang='lat' dir='ltr'><em>V</em></span> <span class='ocrx_word' id='word_1_445' title='bbox 1950 3805 2060 3876; x_wconf 72' lang='lat' dir='ltr'>erita-</span> 
     </span>
     <span class='ocr_line' id='line_1_52' title="bbox 67 3895 2061 3995; baseline 0.005 -27"><span class='ocrx_word' id='word_1_446' title='bbox 67 3895 181 3987; x_wconf 90' lang='lat' dir='ltr'>homo,</span> <span class='ocrx_word' id='word_1_447' title='bbox 208 3917 450 3974; x_wconf 85' lang='lat' dir='ltr'>neemaneret</span> <span class='ocrx_word' id='word_1_448' title='bbox 472 3904 510 3972; x_wconf 93' lang='lat' dir='ltr'>in</span> <span class='ocrx_word' id='word_1_449' title='bbox 532 3908 871 3992; x_wconf 86' lang='lat' dir='ltr'>conaturadivina,</span> <span class='ocrx_word' id='word_1_450' title='bbox 898 3909 1032 3978; x_wconf 73' lang='lat' dir='ltr'>sicilici</span> <span class='ocrx_word' id='word_1_451' title='bbox 1087 3922 1175 3995; x_wconf 83' lang='lat' dir='ltr'>tem,</span> <span class='ocrx_word' id='word_1_452' title='bbox 1201 3911 1330 3991; x_wconf 89' lang='lat' dir='ltr'>idest,</span> <span class='ocrx_word' id='word_1_453' title='bbox 1357 3931 1475 3974; x_wconf 88' lang='lat' dir='ltr'>veram</span> <span class='ocrx_word' id='word_1_454' title='bbox 1505 3905 1721 3992; x_wconf 81' lang='lat' dir='ltr'>agnitionem</span> <span class='ocrx_word' id='word_1_455' title='bbox 1744 3901 1829 3988; x_wconf 87' lang='lat' dir='ltr'>Dei,</span> <span class='ocrx_word' id='word_1_456' title='bbox 1864 3930 1981 3976; x_wconf 87' lang='lat' dir='ltr'>veram</span> <span class='ocrx_word' id='word_1_457' title='bbox 2005 3911 2061 3980; x_wconf 88' lang='lat' dir='ltr'>iu-</span> 
     </span>
     <span class='ocr_line' id='line_1_53' title="bbox 68 3999 2114 4108; baseline 0.003 -37"><span class='ocrx_word' id='word_1_458' title='bbox 68 4025 128 4072; x_wconf 90' lang='lat' dir='ltr'>uon</span> <span class='ocrx_word' id='word_1_459' title='bbox 144 4022 285 4096; x_wconf 91' lang='lat' dir='ltr'>posset,</span> <span class='ocrx_word' id='word_1_460' title='bbox 309 4003 404 4096; x_wconf 82' lang='lat' dir='ltr'>Ergo</span> <span class='ocrx_word' id='word_1_461' title='bbox 421 3999 529 4105; x_wconf 75' lang='grc' dir='ltr'><strong><em>λόγος</em></strong></span> <span class='ocrx_word' id='word_1_462' title='bbox 550 4009 721 4098; x_wconf 85' lang='lat' dir='ltr'>siguificat</span> <span class='ocrx_word' id='word_1_463' title='bbox 735 4023 934 4081; x_wconf 87' lang='lat' dir='ltr'>manentem</span> <span class='ocrx_word' id='word_1_464' title='bbox 956 4035 1034 4101; x_wconf 87' lang='lat' dir='ltr'>per·</span> <span class='ocrx_word' id='word_1_465' title='bbox 1086 4015 1242 4091; x_wconf 71' lang='lat' dir='ltr'>niciam,</span> <span class='ocrx_word' id='word_1_466' title='bbox 1266 4011 1404 4080; x_wconf 90' lang='lat' dir='ltr'>sublato</span> <span class='ocrx_word' id='word_1_467' title='bbox 1419 4020 1560 4097; x_wconf 89' lang='lat' dir='ltr'>peccato</span> <span class='ocrx_word' id='word_1_468' title='bbox 1576 4019 1610 4074; x_wconf 91' lang='lat' dir='ltr'>et</span> <span class='ocrx_word' id='word_1_469' title='bbox 1624 4017 1753 4090; x_wconf 91' lang='lat' dir='ltr'>morte,</span> <span class='ocrx_word' id='word_1_470' title='bbox 1768 4005 1873 4077; x_wconf 81' lang='lat' dir='ltr'>efficit</span> <span class='ocrx_word' id='word_1_471' title='bbox 1891 4010 2063 4108; x_wconf 84' lang='lat' dir='ltr'>pupulum</span> <span class='ocrx_word' id='word_1_472' title='bbox 2109 4024 2114 4030; x_wconf 85' lang='grc'><em>“</em></span> 
     </span>
     <span class='ocr_line' id='line_1_54' title="bbox 64 4115 1589 4201; baseline -0.003 -18"><span class='ocrx_word' id='word_1_473' title='bbox 64 4124 180 4176; x_wconf 74' lang='lat' dir='ltr'>⁸⁰¹¹ant·</span> <span class='ocrx_word' id='word_1_474' title='bbox 1086 4115 1151 4185; x_wconf 88' lang='lat' dir='ltr'>Dei</span> <span class='ocrx_word' id='word_1_475' title='bbox 1169 4115 1299 4184; x_wconf 90' lang='lat' dir='ltr'>iustum</span> <span class='ocrx_word' id='word_1_476' title='bbox 1319 4125 1353 4181; x_wconf 90' lang='grc' dir='ltr'>ει</span> <span class='ocrx_word' id='word_1_477' title='bbox 1371 4120 1589 4201; x_wconf 84' lang='lat' dir='ltr'>perpetuum.</span> 
     </span>
    </p>
   </div>
   <div class='ocr_carea' id='block_1_25' title="bbox 68 4218 2069 5334">
    <p class='ocr_par' dir='ltr' id='par_1_27' title="bbox 68 4218 2069 5334">
     <span class='ocr_line' id='line_1_55' title="bbox 152 4218 1034 4306; baseline 0.002 -11"><span class='ocrx_word' id='word_1_478' title='bbox 152 4225 227 4297; x_wconf 87' lang='lat' dir='ltr'>Nec</span> <span class='ocrx_word' id='word_1_479' title='bbox 252 4218 407 4296; x_wconf 83' lang='lat' dir='ltr'>difficilis</span> <span class='ocrx_word' id='word_1_480' title='bbox 429 4240 480 4296; x_wconf 88' lang='lat' dir='ltr'>est</span> <span class='ocrx_word' id='word_1_481' title='bbox 508 4223 587 4295; x_wconf 86' lang='lat' dir='ltr'>Arii</span> <span class='ocrx_word' id='word_1_482' title='bbox 611 4228 793 4306; x_wconf 79' lang='lat' dir='ltr'>refutatio,</span> <span class='ocrx_word' id='word_1_483' title='bbox 819 4227 849 4296; x_wconf 89' lang='lat' dir='ltr'>si</span> <span class='ocrx_word' id='word_1_484' title='bbox 872 4228 1034 4297; x_wconf 91' lang='lat' dir='ltr'>couside-</span> 
     </span>
     <span class='ocr_line' id='line_1_56' title="bbox 68 4327 2014 4422; baseline 0.005 -29"><span class='ocrx_word' id='word_1_485' title='bbox 68 4349 192 4408; x_wconf 88' lang='lat' dir='ltr'>remns,</span> <span class='ocrx_word' id='word_1_486' title='bbox 219 4351 311 4422; x_wconf 91' lang='lat' dir='ltr'>quae</span> <span class='ocrx_word' id='word_1_487' title='bbox 336 4329 442 4398; x_wconf 83' lang='lat' dir='ltr'>luerit</span> <span class='ocrx_word' id='word_1_488' title='bbox 468 4328 679 4419; x_wconf 86' lang='lat' dir='ltr'>principalis.</span> <span class='ocrx_word' id='word_1_489' title='bbox 697 4332 865 4421; x_wconf 89' lang='lat' dir='ltr'>quaestio.</span> <span class='ocrx_word' id='word_1_490' title='bbox 926 4327 1033 4400; x_wconf 76' lang='lat' dir='ltr'>Arius</span> <span class='ocrx_word' id='word_1_491' title='bbox 2011 4377 2014 4384; x_wconf 68' lang='lat'>,</span> 
     </span>
     <span class='ocr_line' id='line_1_57' title="bbox 69 4427 2065 4521; baseline 0.004 -28"><span class='ocrx_word' id='word_1_492' title='bbox 69 4431 274 4500; x_wconf 89' lang='lat' dir='ltr'>concedebat</span> <span class='ocrx_word' id='word_1_493' title='bbox 291 4427 448 4499; x_wconf 89' lang='lat' dir='ltr'>Verbum</span> <span class='ocrx_word' id='word_1_494' title='bbox 473 4435 545 4499; x_wconf 85' lang='lat' dir='ltr'>e&#39;sse</span> <span class='ocrx_word' id='word_1_495' title='bbox 566 4427 772 4521; x_wconf 85' lang='lat' dir='ltr'>personam,</span> <span class='ocrx_word' id='word_1_496' title='bbox 799 4434 858 4500; x_wconf 92' lang='lat' dir='ltr'>sed</span> <span class='ocrx_word' id='word_1_497' title='bbox 886 4434 1033 4520; x_wconf 89' lang='lat' dir='ltr'>negabat</span> <span class='ocrx_word' id='word_1_498' title='bbox 1190 4433 1263 4503; x_wconf 86' lang='lat' dir='ltr'>Lex</span> <span class='ocrx_word' id='word_1_499' title='bbox 1279 4429 1490 4500; x_wconf 90' lang='lat' dir='ltr'>naturaliter</span> <span class='ocrx_word' id='word_1_500' title='bbox 1511 4441 1595 4497; x_wconf 91' lang='lat' dir='ltr'>nota</span> <span class='ocrx_word' id='word_1_501' title='bbox 1617 4441 1684 4511; x_wconf 89' lang='lat' dir='ltr'>est,</span> <span class='ocrx_word' id='word_1_502' title='bbox 1710 4441 1742 4496; x_wconf 91' lang='lat' dir='ltr'>et</span> <span class='ocrx_word' id='word_1_503' title='bbox 1766 4428 1921 4501; x_wconf 87' lang='lat' dir='ltr'>nascitur</span> <span class='ocrx_word' id='word_1_504' title='bbox 1946 4432 2065 4500; x_wconf 88' lang='lat' dir='ltr'>uobis-</span> 
     </span>
     <span class='ocr_line' id='line_1_58' title="bbox 70 4529 2066 4629; baseline 0.003 -33"><span class='ocrx_word' id='word_1_505' title='bbox 70 4551 131 4598; x_wconf 87' lang='lat' dir='ltr'>esse</span> <span class='ocrx_word' id='word_1_506' title='bbox 147 4533 190 4600; x_wconf 91' lang='lat' dir='ltr'>de</span> <span class='ocrx_word' id='word_1_507' title='bbox 206 4532 408 4620; x_wconf 82' lang='lat' dir='ltr'>substantia</span> <span class='ocrx_word' id='word_1_508' title='bbox 430 4533 563 4602; x_wconf 87' lang='lat' dir='ltr'>aeterni</span> <span class='ocrx_word' id='word_1_509' title='bbox 587 4532 717 4621; x_wconf 88' lang='lat' dir='ltr'>patris,</span> <span class='ocrx_word' id='word_1_510' title='bbox 744 4557 783 4600; x_wconf 90' lang='lat' dir='ltr'>ac</span> <span class='ocrx_word' id='word_1_511' title='bbox 801 4536 1032 4603; x_wconf 83' lang='lat' dir='ltr'>contendebat</span> <span class='ocrx_word' id='word_1_512' title='bbox 1089 4563 1167 4607; x_wconf 90' lang='lat' dir='ltr'>cum</span> <span class='ocrx_word' id='word_1_513' title='bbox 1186 4537 1358 4629; x_wconf 87' lang='lat' dir='ltr'>quaedam</span> <span class='ocrx_word' id='word_1_514' title='bbox 1376 4533 1461 4621; x_wconf 85' lang='lat' dir='ltr'>legis</span> <span class='ocrx_word' id='word_1_515' title='bbox 1478 4529 1607 4599; x_wconf 85' lang='lat' dir='ltr'>noticia</span> <span class='ocrx_word' id='word_1_516' title='bbox 1625 4533 1667 4596; x_wconf 88' lang='lat' dir='ltr'>de</span> <span class='ocrx_word' id='word_1_517' title='bbox 1683 4529 1779 4612; x_wconf 88' lang='lat' dir='ltr'>Deo,</span> <span class='ocrx_word' id='word_1_518' title='bbox 1795 4534 1891 4624; x_wconf 94' lang='lat' dir='ltr'>quod</span> <span class='ocrx_word' id='word_1_519' title='bbox 1905 4530 2066 4610; x_wconf 88' lang='lat' dir='ltr'>sitDeus‚</span> 
     </span>
     <span class='ocr_line' id='line_1_59' title="bbox 69 4628 2064 4733; baseline 0.004 -37"><span class='ocrx_word' id='word_1_520' title='bbox 69 4651 102 4698; x_wconf 85' lang='lat' dir='ltr'>er</span> <span class='ocrx_word' id='word_1_521' title='bbox 129 4628 253 4701; x_wconf 65' lang='lat' dir='ltr'>nihilo*</span> <span class='ocrx_word' id='word_1_522' title='bbox 269 4647 424 4702; x_wconf 87' lang='lat' dir='ltr'>creatum</span> <span class='ocrx_word' id='word_1_523' title='bbox 456 4655 540 4702; x_wconf 89' lang='lat' dir='ltr'>esse.</span> <span class='ocrx_word' id='word_1_524' title='bbox 595 4631 662 4702; x_wconf 85' lang='lat' dir='ltr'>llic</span> <span class='ocrx_word' id='word_1_525' title='bbox 679 4655 817 4702; x_wconf 90' lang='lat' dir='ltr'>necesse</span> <span class='ocrx_word' id='word_1_526' title='bbox 835 4636 904 4705; x_wconf 86' lang='lat' dir='ltr'>fuit</span> <span class='ocrx_word' id='word_1_527' title='bbox 925 4637 1034 4704; x_wconf 83' lang='lat' dir='ltr'>celra-</span> <span class='ocrx_word' id='word_1_528' title='bbox 1089 4640 1184 4733; x_wconf 89' lang='lat' dir='ltr'>quod</span> <span class='ocrx_word' id='word_1_529' title='bbox 1211 4636 1335 4728; x_wconf 88' lang='lat' dir='ltr'>puniat</span> <span class='ocrx_word' id='word_1_530' title='bbox 1359 4647 1486 4703; x_wconf 89' lang='lat' dir='ltr'>sontes.</span> <span class='ocrx_word' id='word_1_531' title='bbox 1540 4631 1609 4700; x_wconf 91' lang='lat' dir='ltr'>Sed</span> <span class='ocrx_word' id='word_1_532' title='bbox 1634 4631 1799 4700; x_wconf 88' lang='lat' dir='ltr'>volontas</span> <span class='ocrx_word' id='word_1_533' title='bbox 1830 4632 1909 4720; x_wconf 88' lang='lat' dir='ltr'>illa,</span> <span class='ocrx_word' id='word_1_534' title='bbox 1937 4636 1980 4702; x_wconf 89' lang='lat' dir='ltr'>de</span> <span class='ocrx_word' id='word_1_535' title='bbox 2010 4659 2064 4703; x_wconf 91' lang='lat' dir='ltr'>re-</span> 
     </span>
     <span class='ocr_line' id='line_1_60' title="bbox 70 4728 2067 4828; baseline 0.002 -28"><span class='ocrx_word' id='word_1_536' title='bbox 70 4733 144 4816; x_wconf 80' lang='lat' dir='ltr'>geri.</span> <span class='ocrx_word' id='word_1_537' title='bbox 195 4730 247 4805; x_wconf 87' lang='lat' dir='ltr'>Et</span> <span class='ocrx_word' id='word_1_538' title='bbox 260 4732 434 4805; x_wconf 76' lang='lat' dir='ltr'>resistatur</span> <span class='ocrx_word' id='word_1_539' title='bbox 448 4728 515 4804; x_wconf 90' lang='lat' dir='ltr'>hoc</span> <span class='ocrx_word' id='word_1_540' title='bbox 530 4735 753 4820; x_wconf 88' lang='lat' dir='ltr'>testimonio,</span> <span class='ocrx_word' id='word_1_541' title='bbox 781 4730 956 4806; x_wconf 88' lang='lat' dir='ltr'>lohannes</span> <span class='ocrx_word' id='word_1_542' title='bbox 971 4739 1035 4808; x_wconf 82' lang='lat' dir='ltr'>ait:</span> <span class='ocrx_word' id='word_1_543' title='bbox 1089 4739 1259 4810; x_wconf 90' lang='lat' dir='ltr'>missione</span> <span class='ocrx_word' id='word_1_544' title='bbox 1274 4749 1495 4828; x_wconf 90' lang='lat' dir='ltr'>peccatomm</span> <span class='ocrx_word' id='word_1_545' title='bbox 1515 4732 1684 4820; x_wconf 88' lang='lat' dir='ltr'>gratuita,</span> <span class='ocrx_word' id='word_1_546' title='bbox 1709 4734 1752 4802; x_wconf 93' lang='lat' dir='ltr'>de</span> <span class='ocrx_word' id='word_1_547' title='bbox 1774 4735 1975 4803; x_wconf 85' lang='lat' dir='ltr'>admirabili</span> <span class='ocrx_word' id='word_1_548' title='bbox 1997 4737 2067 4805; x_wconf 92' lang='lat' dir='ltr'>sal-</span> 
     </span>
     <span class='ocr_line' id='line_1_61' title="bbox 70 4827 2068 4930; baseline 0.002 -28"><span class='ocrx_word' id='word_1_549' title='bbox 70 4827 156 4904; x_wconf 80' lang='lat' dir='ltr'>Deus</span> <span class='ocrx_word' id='word_1_550' title='bbox 176 4849 253 4905; x_wconf 86' lang='lat' dir='ltr'>erat</span> <span class='ocrx_word' id='word_1_551' title='bbox 283 4838 452 4918; x_wconf 87' lang='lat' dir='ltr'>verbum,</span> <span class='ocrx_word' id='word_1_552' title='bbox 486 4837 645 4930; x_wconf 90' lang='lat' dir='ltr'>loquitur</span> <span class='ocrx_word' id='word_1_553' title='bbox 669 4851 786 4906; x_wconf 87' lang='lat' dir='ltr'>autem</span> <span class='ocrx_word' id='word_1_554' title='bbox 811 4834 868 4907; x_wconf 93' lang='lat' dir='ltr'>bic</span> <span class='ocrx_word' id='word_1_555' title='bbox 891 4843 935 4908; x_wconf 90' lang='lat' dir='ltr'>de</span> <span class='ocrx_word' id='word_1_556' title='bbox 959 4836 1035 4909; x_wconf 86' lang='lat' dir='ltr'>Deo</span> <span class='ocrx_word' id='word_1_557' title='bbox 1090 4841 1230 4912; x_wconf 82' lang='lat' dir='ltr'>vatione</span> <span class='ocrx_word' id='word_1_558' title='bbox 1246 4833 1403 4907; x_wconf 89' lang='lat' dir='ltr'>hominis</span> <span class='ocrx_word' id='word_1_559' title='bbox 1424 4859 1487 4928; x_wconf 90' lang='lat' dir='ltr'>per</span> <span class='ocrx_word' id='word_1_560' title='bbox 1503 4833 1655 4916; x_wconf 83' lang='lat' dir='ltr'>Filium,</span> <span class='ocrx_word' id='word_1_561' title='bbox 1682 4857 1904 4929; x_wconf 87' lang='lat' dir='ltr'>nequaquam</span> <span class='ocrx_word' id='word_1_562' title='bbox 1922 4851 2068 4905; x_wconf 87' lang='lat' dir='ltr'>natura-</span> 
     </span>
     <span class='ocr_line' id='line_1_62' title="bbox 71 4933 2069 5029; baseline 0.003 -28"><span class='ocrx_word' id='word_1_563' title='bbox 71 4937 221 5028; x_wconf 90' lang='lat' dir='ltr'>proprie,</span> <span class='ocrx_word' id='word_1_564' title='bbox 255 4961 329 5006; x_wconf 91' lang='lat' dir='ltr'>nou</span> <span class='ocrx_word' id='word_1_565' title='bbox 362 4933 612 5029; x_wconf 85' lang='lat' dir='ltr'>metaphorice.</span> <span class='ocrx_word' id='word_1_566' title='bbox 677 4937 783 5021; x_wconf 87' lang='lat' dir='ltr'>ltem,</span> <span class='ocrx_word' id='word_1_567' title='bbox 815 4943 859 5009; x_wconf 91' lang='lat' dir='ltr'>ad</span> <span class='ocrx_word' id='word_1_568' title='bbox 883 4939 1036 5010; x_wconf 79' lang='lat' dir='ltr'>libraeos</span> <span class='ocrx_word' id='word_1_569' title='bbox 1089 4945 1170 5013; x_wconf 87' lang='lat' dir='ltr'>liter</span> <span class='ocrx_word' id='word_1_570' title='bbox 1185 4955 1267 5011; x_wconf 92' lang='lat' dir='ltr'>nota</span> <span class='ocrx_word' id='word_1_571' title='bbox 1285 4953 1335 5010; x_wconf 85' lang='grc' dir='ltr'>εει</span> <span class='ocrx_word' id='word_1_572' title='bbox 1353 4935 1580 5018; x_wconf 87' lang='lat' dir='ltr'>huminibus,</span> <span class='ocrx_word' id='word_1_573' title='bbox 1605 4939 1664 5005; x_wconf 87' lang='lat' dir='ltr'>scd</span> <span class='ocrx_word' id='word_1_574' title='bbox 1682 4951 1818 5008; x_wconf 88' lang='lat' dir='ltr'>tantum</span> <span class='ocrx_word' id='word_1_575' title='bbox 1835 4938 1987 5006; x_wconf 87' lang='lat' dir='ltr'>revelata</span> <span class='ocrx_word' id='word_1_576' title='bbox 2008 4963 2069 5029; x_wconf 88' lang='lat' dir='ltr'>per</span> 
     </span>
     <span class='ocr_line' id='line_1_63' title="bbox 69 5037 2068 5134; baseline 0.005 -34"><span class='ocrx_word' id='word_1_577' title='bbox 69 5037 207 5110; x_wconf 88' lang='lat' dir='ltr'>dicitur:</span> <span class='ocrx_word' id='word_1_578' title='bbox 234 5037 369 5128; x_wconf 80' lang='lat' dir='ltr'>Fulgor</span> <span class='ocrx_word' id='word_1_579' title='bbox 382 5054 416 5109; x_wconf 92' lang='lat' dir='ltr'>et</span> <span class='ocrx_word' id='word_1_580' title='bbox 433 5038 547 5130; x_wconf 88' lang='lat' dir='ltr'>imago</span> <span class='ocrx_word' id='word_1_581' title='bbox 562 5042 778 5111; x_wconf 89' lang='lat' dir='ltr'>substantiae</span> <span class='ocrx_word' id='word_1_582' title='bbox 794 5044 922 5134; x_wconf 90' lang='lat' dir='ltr'>patris,</span> <span class='ocrx_word' id='word_1_583' title='bbox 944 5041 1037 5133; x_wconf 89' lang='lat' dir='ltr'>Ergo</span> <span class='ocrx_word' id='word_1_584' title='bbox 1089 5045 1234 5116; x_wconf 85' lang='lat' dir='ltr'>Filium.</span> <span class='ocrx_word' id='word_1_585' title='bbox 1285 5040 1370 5111; x_wconf 89' lang='lat' dir='ltr'>ldeo</span> <span class='ocrx_word' id='word_1_586' title='bbox 1385 5041 1489 5111; x_wconf 91' lang='lat' dir='ltr'>dicit:</span> <span class='ocrx_word' id='word_1_587' title='bbox 1518 5037 1634 5108; x_wconf 84' lang='lat' dir='ltr'>Deum</span> <span class='ocrx_word' id='word_1_588' title='bbox 1664 5038 1873 5108; x_wconf 87' lang='lat' dir='ltr'>uemovidit</span> <span class='ocrx_word' id='word_1_589' title='bbox 1897 5061 2068 5133; x_wconf 86' lang='lat' dir='ltr'>unquam.</span> 
     </span>
     <span class='ocr_line' id='line_1_64' title="bbox 73 5139 2068 5235; baseline 0.001 -27"><span class='ocrx_word' id='word_1_590' title='bbox 73 5159 142 5208; x_wconf 82' lang='lat' dir='ltr'>vere</span> <span class='ocrx_word' id='word_1_591' title='bbox 165 5154 217 5210; x_wconf 87' lang='lat' dir='ltr'>est</span> <span class='ocrx_word' id='word_1_592' title='bbox 239 5141 282 5209; x_wconf 91' lang='lat' dir='ltr'>de</span> <span class='ocrx_word' id='word_1_593' title='bbox 300 5141 495 5211; x_wconf 87' lang='lat' dir='ltr'>substantia</span> <span class='ocrx_word' id='word_1_594' title='bbox 520 5143 649 5212; x_wconf 84' lang='lat' dir='ltr'>aeterni</span> <span class='ocrx_word' id='word_1_595' title='bbox 670 5144 790 5235; x_wconf 89' lang='lat' dir='ltr'>patris.</span> <span class='ocrx_word' id='word_1_596' title='bbox 850 5141 957 5228; x_wconf 90' lang='lat' dir='ltr'>ltem,</span> <span class='ocrx_word' id='word_1_597' title='bbox 983 5159 1039 5217; x_wconf 87' lang='lat' dir='ltr'>to·</span> <span class='ocrx_word' id='word_1_598' title='bbox 1094 5146 1183 5215; x_wconf 89' lang='lat' dir='ltr'>Vera</span> <span class='ocrx_word' id='word_1_599' title='bbox 1211 5159 1260 5214; x_wconf 93' lang='lat' dir='ltr'>est</span> <span class='ocrx_word' id='word_1_600' title='bbox 1281 5142 1478 5220; x_wconf 88' lang='lat' dir='ltr'>enarratio,</span> <span class='ocrx_word' id='word_1_601' title='bbox 1513 5139 1587 5210; x_wconf 88' lang='lat' dir='ltr'>sive</span> <span class='ocrx_word' id='word_1_602' title='bbox 1609 5142 1653 5210; x_wconf 87' lang='lat' dir='ltr'>de</span> <span class='ocrx_word' id='word_1_603' title='bbox 1676 5139 1893 5222; x_wconf 88' lang='lat' dir='ltr'>substantia,</span> <span class='ocrx_word' id='word_1_604' title='bbox 1924 5146 1999 5210; x_wconf 81' lang='lat' dir='ltr'>sive</span> <span class='ocrx_word' id='word_1_605' title='bbox 2025 5146 2068 5210; x_wconf 87' lang='lat' dir='ltr'>de</span> 
     </span>
     <span class='ocr_line' id='line_1_65' title="bbox 75 5237 2068 5334; baseline 0.004 -30"><span class='ocrx_word' id='word_1_606' title='bbox 75 5237 130 5307; x_wconf 91' lang='lat' dir='ltr'>ties</span> <span class='ocrx_word' id='word_1_607' title='bbox 145 5254 293 5311; x_wconf 85' lang='lat' dir='ltr'>vocatur</span> <span class='ocrx_word' id='word_1_608' title='bbox 310 5242 516 5334; x_wconf 89' lang='lat' dir='ltr'>unigenitus</span> <span class='ocrx_word' id='word_1_609' title='bbox 529 5243 644 5314; x_wconf 80' lang='lat' dir='ltr'>Filius</span> <span class='ocrx_word' id='word_1_610' title='bbox 659 5245 738 5326; x_wconf 88' lang='lat' dir='ltr'>Dei,</span> <span class='ocrx_word' id='word_1_611' title='bbox 764 5261 803 5316; x_wconf 94' lang='lat' dir='ltr'>ut</span> <span class='ocrx_word' id='word_1_612' title='bbox 818 5246 1040 5318; x_wconf 91' lang='lat' dir='ltr'>discernatur</span> <span class='ocrx_word' id='word_1_613' title='bbox 1093 5250 1278 5318; x_wconf 87' lang='lat' dir='ltr'>voluntate</span> <span class='ocrx_word' id='word_1_614' title='bbox 1310 5267 1437 5314; x_wconf 89' lang='lat' dir='ltr'>arcana</span> <span class='ocrx_word' id='word_1_615' title='bbox 1465 5242 1627 5312; x_wconf 89' lang='lat' dir='ltr'>salvandi</span> <span class='ocrx_word' id='word_1_616' title='bbox 1658 5237 1840 5322; x_wconf 88' lang='lat' dir='ltr'>homines,</span> <span class='ocrx_word' id='word_1_617' title='bbox 1881 5241 2068 5330; x_wconf 82' lang='lat' dir='ltr'>intelligas.</span> 
     </span>
    </p>
   </div>
   <div class='ocr_carea' id='block_1_26' title="bbox 71 5342 2073 5518">
    <p class='ocr_par' dir='ltr' id='par_1_28' title="bbox 71 5342 2073 5518">
     <span class='ocr_line' id='line_1_66' title="bbox 71 5342 2073 5518; baseline 0.002 -112"><span class='ocrx_word' id='word_1_618' title='bbox 71 5342 180 5414; x_wconf 82' lang='lat' dir='ltr'>sfiliis</span> <span class='ocrx_word' id='word_1_619' title='bbox 210 5345 414 5438; x_wconf 90' lang='lat' dir='ltr'>adoptione.</span> <span class='ocrx_word' id='word_1_620' title='bbox 463 5343 538 5416; x_wconf 87' lang='lat' dir='ltr'>Cur</span> <span class='ocrx_word' id='word_1_621' title='bbox 566 5345 674 5438; x_wconf 79' lang='lat' dir='ltr'>igitur</span> <span class='ocrx_word' id='word_1_622' title='bbox 702 5349 748 5420; x_wconf 88' lang='lat' dir='ltr'>sit</span> <span class='ocrx_word' id='word_1_623' title='bbox 776 5350 918 5441; x_wconf 86' lang='lat' dir='ltr'>proprie</span> <span class='ocrx_word' id='word_1_624' title='bbox 948 5349 1040 5420; x_wconf 85' lang='lat' dir='ltr'>lilius</span> <span class='ocrx_word' id='word_1_625' title='bbox 1094 5348 1164 5422; x_wconf 90' lang='lat' dir='ltr'>Sed</span> <span class='ocrx_word' id='word_1_626' title='bbox 1182 5345 1241 5417; x_wconf 91' lang='lat' dir='ltr'>bic</span> <span class='ocrx_word' id='word_1_627' title='bbox 1257 5345 1419 5440; x_wconf 88' lang='lat' dir='ltr'>loquitur</span> <span class='ocrx_word' id='word_1_628' title='bbox 1439 5346 1484 5416; x_wconf 93' lang='lat' dir='ltr'>de</span> <span class='ocrx_word' id='word_1_629' title='bbox 1501 5343 1682 5518; x_wconf 59' lang='lat' dir='ltr'>appipione</span> <span class='ocrx_word' id='word_1_630' title='bbox 1698 5344 1893 5415; x_wconf 84' lang='lat' dir='ltr'>voluntatis</span> <span class='ocrx_word' id='word_1_631' title='bbox 1915 5367 2073 5427; x_wconf 85' lang='lat' dir='ltr'>arcanae,</span> 
     </span>
    </p>
   </div>
   <div class='ocr_carea' id='block_1_27' title="bbox 1137 4272 1499 4352">
    <p class='ocr_par' dir='ltr' id='par_1_29' title="bbox 1137 4272 1499 4352">
     <span class='ocr_line' id='line_1_67' title="bbox 1137 4272 1499 4352; baseline 0 0"><span class='ocrx_word' id='word_1_632' title='bbox 1137 4280 1261 4352; x_wconf 81' lang='lat' dir='ltr'>Deum</span> <span class='ocrx_word' id='word_1_633' title='bbox 1277 4303 1380 4352; x_wconf 79' lang='lat' dir='ltr'>nemo</span> <span class='ocrx_word' id='word_1_634' title='bbox 1395 4272 1499 4351; x_wconf 78' lang='lat' dir='ltr'>vidit.</span> 
     </span>
    </p>
   </div>
   <div class='ocr_carea' id='block_1_28' title="bbox 0 0 2312 5812">
    <p class='ocr_par' dir='ltr' id='par_1_30' title="bbox 0 0 2312 5812">
     <span class='ocr_line' id='line_1_68' title="bbox 0 0 2312 5812; baseline 0 0"><span class='ocrx_word' id='word_1_635' title='bbox 0 0 2312 5812; x_wconf 95' lang='lat' dir='ltr'> </span> 
     </span>
    </p>
   </div>
   <div class='ocr_carea' id='block_1_29' title="bbox 1086 1515 2213 1612">
    <p class='ocr_par' dir='ltr' id='par_1_31' title="bbox 1086 1515 2213 1612">
     <span class='ocr_line' id='line_1_69' title="bbox 1086 1515 2213 1612; baseline -0.001 -18"><span class='ocrx_word' id='word_1_636' title='bbox 1086 1550 1131 1594; x_wconf 92' lang='lat' dir='ltr'>no</span> <span class='ocrx_word' id='word_1_637' title='bbox 1147 1522 1332 1592; x_wconf 85' lang='lat' dir='ltr'>ordinatus</span> <span class='ocrx_word' id='word_1_638' title='bbox 1349 1523 1390 1588; x_wconf 91' lang='lat' dir='ltr'>ad</span> <span class='ocrx_word' id='word_1_639' title='bbox 1410 1515 1476 1590; x_wconf 88' lang='lat' dir='ltr'>hoe</span> <span class='ocrx_word' id='word_1_640' title='bbox 1497 1519 1673 1603; x_wconf 85' lang='lat' dir='ltr'>officium,</span> <span class='ocrx_word' id='word_1_641' title='bbox 1699 1534 1731 1590; x_wconf 93' lang='lat' dir='ltr'>et</span> <span class='ocrx_word' id='word_1_642' title='bbox 1758 1519 1893 1609; x_wconf 89' lang='lat' dir='ltr'>primus</span> <span class='ocrx_word' id='word_1_643' title='bbox 1916 1537 2059 1612; x_wconf 87' lang='lat' dir='ltr'>propter</span> <span class='ocrx_word' id='word_1_644' title='bbox 2156 1589 2164 1598; x_wconf 84' lang='lat'><em>.</em></span> <span class='ocrx_word' id='word_1_645' title='bbox 2207 1515 2213 1522; x_wconf 58' lang='grc'><strong>’</strong></span> 
     </span>
    </p>
   </div>
   <div class='ocr_carea' id='block_1_30' title="bbox 1085 2325 2186 2428">
    <p class='ocr_par' dir='ltr' id='par_1_32' title="bbox 1085 2325 2186 2428">
     <span class='ocr_line' id='line_1_70' title="bbox 1085 2325 2186 2428; baseline 0.003 -23"><span class='ocrx_word' id='word_1_646' title='bbox 1085 2337 1240 2428; x_wconf 87' lang='lat' dir='ltr'>cepimus</span> <span class='ocrx_word' id='word_1_647' title='bbox 1259 2333 1498 2403; x_wconf 86' lang='lat' dir='ltr'>remissionem</span> <span class='ocrx_word' id='word_1_648' title='bbox 1516 2345 1751 2422; x_wconf 86' lang='lat' dir='ltr'>pcccatorum.</span> <span class='ocrx_word' id='word_1_649' title='bbox 1801 2331 1881 2403; x_wconf 93' lang='lat' dir='ltr'>lloc</span> <span class='ocrx_word' id='word_1_650' title='bbox 1897 2350 2061 2408; x_wconf 83' lang='lat' dir='ltr'>movente</span> <span class='ocrx_word' id='word_1_651' title='bbox 2179 2325 2186 2335; x_wconf 56' lang='grc'>’</span> 
     </span>
    </p>
   </div>
  </div>
 </body>
</html>
