4714 5826
207 103 253 172 51
383 23 388 32 ¹
642 147 650 159 ,
809 79 936 160 num
962 77 1079 154 uun
1102 19 1315 161 mutere
1339 83 1635 166 uxuourioe

1604 257 1745 373 Caput
1774 257 1916 348 ΧΥ.δ

1300 431 1359 508 M
1357 431 1447 509 ollis
1463 439 1647 536 responsio
1663 438 1815 537 mitigat
1832 438 1944 526 i'rom,

1300 536 1429 610 Sermo
1446 562 1556 637 asper
1568 553 1737 637 provocat
1756 542 1867 618 iram.

247 257 434 338 Multum
451 275 552 328 escae
567 247 608 352 i'n
623 248 738 324 sulcis
750 263 968 351 pauperiem,
984 259 1017 324 et
1032 247 1107 324 atii
1118 250 1197 324 sine

312 357 421 436 modo
436 353 638 429 cumulant.

312 496 543 580 Praeceptum
568 483 834 558 oeconomicum
856 498 908 557 est
939 488 984 558 de
1006 486 1198 558 mediocri-

210 617 282 677 tate
297 611 333 669 et
345 591 528 682 diligentia
542 589 667 660 tuendi
683 585 878 658 mediocres
890 588 1083 673 facultates,
1101 591 1198 660 iuxta

212 708 365 778 dictum:
392 694 552 764 Laudato
570 689 726 780 ingentia
748 710 852 773 rura,
876 685 1055 782 Exiguum
1080 692 1199 765 colito.
1354 688 1448 762 Tota
1470 690 1526 760 lex
1550 690 1618 763 Dei
1638 709 1690 766 est
1712 692 1903 788 descriptio
1920 691 2040 792 qualis
2063 691 2110 762 sit
2130 687 2244 774 Deus,

212 803 348 897 Estque
362 792 555 878 sententia,
579 791 705 861 melius
724 813 798 860 esse
812 791 991 880 possidere
1006 793 1203 892 mediocres
1252 808 1286 866 et
1309 787 1516 864 hominibus
1540 794 1706 884 paietacu
1730 809 1800 877 est,
1825 809 1867 866 ut
1883 795 2034 866 sciamus
2056 791 2170 888 qualis
2190 790 2247 862 sit

215 899 433 982 facultates,¹
450 908 485 965 et
506 917 563 965 eas
585 907 678 964 recte
703 892 971 981 administrare,
997 909 1031 965 et
1052 894 1126 966 irui
1152 893 1201 964 eis
1253 899 1375 987 Dens,
1400 909 1434 965 et
1447 896 1543 989 quod
1559 895 1647 967 velit
1660 921 1724 968 nos
1736 898 1808 968 sibi
1827 898 2029 969 conformes
2052 918 2137 966 esse.
2178 891 2246 964 Si-

216 1033 297 1081 cum
314 1003 441 1096 pietate
463 1009 498 1066 et
513 993 787 1088 tranquillitate,
813 1017 920 1088 quam
948 1019 1092 1088 magnas
1117 1019 1202 1088 opes
1253 1011 1314 1068 cut
1325 999 1434 1088 igitur
1448 995 1637 1089 praecipit:
1664 995 1744 1068 Nou
1761 999 1911 1085 occides,
1924 1001 1973 1070 ita
1989 999 2064 1090 ipse
2079 1009 2131 1067 est
2143 993 2249 1065 Deus
2346 1045 2347 1050 η

217 1107 416 1184 cumulare,
444 1099 540 1193 quod
564 1097 641 1168 siue
661 1095 919 1166 offenlionibus
942 1100 1018 1168 lieri
1039 1122 1113 1168 uon
1135 1122 1203 1189 po·
1254 1123 1329 1170 non
1353 1097 1582 1191 perditionis,
1615 1101 1675 1171 sed
1702 1101 1925 1186 salvationis,
1956 1100 2047 1169 sicut
2075 1112 2107 1169 et
2130 1096 2247 1167 iurat:
2346 1133 2347 1138 ,

217 1223 294 1284 test.
345 1201 428 1274 Huc
442 1199 594 1291 pertinet
610 1197 744 1267 dictum
758 1195 879 1266 Pauli:
901 1196 976 1287 Qui
992 1201 1117 1271 volunt
1128 1199 1203 1269 lieri
1256 1201 1348 1272 Vivo
1365 1211 1439 1290 ego',
1455 1199 1541 1270 dicit
1557 1199 1745 1285 Dominus,
1770 1204 1855 1274 uolo
1872 1215 2021 1272 mortem
2037 1197 2251 1291 peccatoris,

217 1310 356 1391 divites,
383 1302 542 1373 incident
557 1295 596 1368 iu
610 1299 816 1390 cupiditates
832 1300 956 1371 stultas
974 1315 1008 1370 et
1026 1301 1204 1393 pernicio·
1257 1306 1316 1374 sed
1345 1317 1385 1373 ut
1407 1315 1634 1374 convertatur
1657 1316 1690 1371 et
1713 1303 1821 1374 vivat.
1872 1301 1991 1372 Multa
2017 1316 2102 1372 sunt
2131 1299 2248 1388 igitur

218 1438 285 1486 sas.
337 1405 589 1478 Transferatur
611 1401 744 1470 dictum
761 1401 806 1470 ail
823 1402 907 1472 alia:
936 1401 1067 1477 Melius
1091 1418 1144 1474 cst
1166 1402 1204 1471 iii
1256 1405 1385 1476 tradita
1404 1388 1585 1495 praecepta
1602 1405 1869 1504 depace‚quae
1887 1403 2119 1496 pertinemad
2138 1423 2249 1468 mm-
2346 1419 2347 1422 ,

219 1536 328 1612 parva
344 1504 600 1600 gubefssallffilfl
617 1525 708 1582 0⁸⁵0,
735 1515 770 1571 et
785 1526 859 1572 0³¹⁰
876 1528 1019 1590 ornare,
1044 1530 1150 1600 quain
1167 1505 1207 1576 in
1257 1510 1396 1577 ilatum:
1424 1504 1506 1576 Nou
1525 1505 1675 1579 occidas.
1727 1503 1769 1574 ld
1787 1506 1941 1588 violant,
1966 1505 2030 1598 qui
2051 1503 2127 1572 siue
2151 1501 2250 1571 iusta

220 1637 357 1690 summa
373 1607 533 1696 fastigio,
557 1605 619 1674 ubi
641 1603 924 1693 magnitudinem
945 1631 1063 1678 rerum
1089 1608 1206 1692 minus
1258 1608 1667 1698 causapacem'tucbaut.
1706 1605 1797 1678 Nota
1811 1607 1884 1675 siut
1901 1607 2009 1696 igitur
2023 1600 2251 1676 dicta:Beati

222 1717 397 1793 sustinere
413 1727 608 1801 possumus.
635 1699 682 1773 Et
701 1705 894 1776 versiculus
908 1721 1014 1777 notus
1028 1711 1085 1798 sit,
1102 1731 1206 1800 quem
1260 1710 1411 1800 pacifici,
1445 1708 1529 1803 quia
1551 1709 1635 1780 Filii
1658 1707 1723 1776 Dei
1744 1710 1979 1781 vocabuntur·
2032 1705 2138 1778 Rom,
2164 1704 2249 1774 12:

222 1813 431 1891 Aristotel&
464 1807 500 1878 4·
532 1805 767 1876 Ponticorum
800 1807 885 1878 citat
924 1834 965 1877 ex
996 1805 1207 1903 Phocylide:
1262 1810 1446 1900 Quantum
1463 1811 1501 1880 iu
1512 1811 1686 1894 vobisest,
1701 1833 1818 1900 pacem
1835 1806 1962 1880 habete
1974 1831 2053 1878 cuni
2066 1806 2251 1877 omnibus.

222 1913 340 2015 nult&
375 1908 541 2008 μέσοισιν
573 1906 728 2021 deiocus
760 1904 873 1999 μέσος
905 1906 1006 1982 θέλω
1037 1911 1077 1984 ἕν
1108 1902 1209 1982 πόλει
1361 1926 1571 1997 Traduntur
1585 1928 1689 1998 etiam
1705 1943 1890 2020 praecepta
1905 1901 2073 1997 ‹te'moito
2087 1925 2251 1994 retinen·

224 2019 329 2096 elini.
1162 2043 1165 2050 '
1261 2032 1326 2099 dae
1343 2031 1446 2121 pacis.
1498 2027 1680 2113 Primum,
1706 2053 1811 2099 nemo
1825 2030 1937 2098 alium
1958 2028 2088 2097 iniuria
2103 2025 2247 2096 alliciat.
2346 2107 2347 2114 ἵ

1148 2215 1152 2226 .
1261 2130 1402 2202 Deinde
1420 2155 1493 2201 uon
1507 2131 1658 2201 satisest
1676 2153 1750 2199 non
1770 2131 1912 2200 incoare
1926 2129 2065 2210 ,iniusta
2082 2125 2251 2197 certami-

1262 2257 1328 2314 na,
1353 2235 1414 2300 sed
1433 2233 1538 2304 etiam
1554 2234 1679 2302 modus
1697 2232 1743 2302 sit
1758 2233 1796 2300 in
1811 2231 2012 2321 repellenda
2030 2228 2180 2310 iniuria,
2208 2225 2254 2298 ἐν

582 2296 720 2404 caput
747 2295 870 2380 XIV.

119 2493 120 2500 ¹
160 2544 162 2552 ‚
278 2463 676 2559 Esteiarectaeorom
694 2451 862 2544 homine,
887 2454 990 2527 cuites
1010 2455 1133 2528 esitus
1154 2465 1211 2526 lo-

329 2590 410 2642 men
426 2573 476 2635 est
495 2560 555 2632 vio
571 2557 711 2630 mortis.

330 2713 541 2789 Admonitio
563 2724 613 2783 est
637 2713 681 2780 de
698 2709 848 2798 caligine
869 2722 905 2780 et
921 2709 1126 2778 infirmitate
1144 2702 1211 2777 liu-

1262 2338 1318 2428 τῷ
1341 2329 1556 2424 ἀμύνεσθαι
1564 2384 1576 2418 ,
1611 2355 1686 2402 non
1710 2335 1755 2402 sit
1776 2331 1932 2423 repulsio
1961 2331 2117 2401 atrocior
2140 2351 2252 2422 quam

1213 2455 1219 2466 ·
1264 2435 1415 2522 iniuria,
1441 2437 1533 2504 sicut
1556 2434 1700 2504 dicitur:
1728 2433 1896 2504 Defensio
1921 2455 1994 2500 non
2016 2432 2062 2500 sit
2084 2431 2250 2504 offensio.

1264 2536 1303 2608 Si
1329 2536 1447 2604 verbis
1476 2535 1724 2616 contenditur,
1757 2549 1791 2605 et
1818 2547 1902 2605 sunt
1923 2533 2055 2604 atrocia
2085 2532 2251 2616 crimina,

1265 2638 1444 2706 moderate
1463 2639 1675 2728 respondeas
1694 2636 1827 2716 verbis,
1861 2635 1987 2704 sinon
2011 2646 2093 2704 sunt
2116 2632 2253 2702 atrocia

1265 2740 1433 2825 crimina,
1459 2763 1561 2829 saepe
1575 2752 1625 2807 est
1640 2739 1770 2819 virtus,
1793 2736 2017 2806 dissimulare
2034 2759 2086 2815 ea,
2110 2747 2146 2804 et
2160 2756 2254 2803 con-

227 2822 327 2894 mtssl
348 2817 489 2902 ludicii,
514 2831 549 2888 θῑ
572 2816 617 2883 ‘¹⁰
640 2812 761 2882 ΝΜ*
777 2811 913 2900 m³ssnl⁸
928 2811 1110 2880 “mim
1127 2833 1212 2878 ⁰⁰¹¹·
1265 2843 1399 2911 donare
1414 2839 1595 2910 communi
1612 2839 1881 2932 tranquillitati,
1907 2852 1941 2909 et
1958 2836 2111 2909 refutare
2125 2859 2163 2904 ea
2180 2859 2253 2933 po-

201 2997 203 3000 ·
229 2927 412 3040 ‘lump’
428 2919 527 3037 „fiel”
548 2915 774 3032 ¹⁰³⁰if⁸⁸ff⁰m
796 2918 867 3031 ‘fl’
890 2935 1127 3032 “fl'‘,emoe
1144 2906 1211 2979 h⁰'
1266 2945 1334 3012 tius
1351 2943 1443 3012 vitae
1467 2941 1698 3025 testimoniis,
1724 2963 1830 3034 quam
1845 2939 2132 3024 recrimiuando,
2154 2935 2251 3006 sicut

228 3028 344 3096 mines
367 3045 405 3092 iu
426 3019 619 3090 iudicando
642 3028 677 3086 et
699 3039 738 3083 iii
753 3014 1084 3085 deliberationibus.
1137 3013 1212 3082 De·
1264 3042 1388 3115 Cicero
1411 3043 1545 3138 iuquit:
1571 3042 1675 3113 Male*
1692 3065 1828 3112 mecum
1850 3041 1983 3131 agnum
2010 3039 2039 3108 εἰ
2059 3061 2116 3108 me
2132 3035 2250 3108 nmio

229 3126 412 3219 cipiuutur
443 3133 560 3189 autem
593 3118 650 3186 vel
679 3117 752 3187 suis
783 3115 1117 3206 imaginationibus,
1155 3116 1212 3185 vel
1265 3147 1384 3236 polius
1408 3169 1513 3240 quam
1536 3145 1608 3214 vila
1632 3167 1709 3214 mea
1735 3157 1873 3234 purgat·
1924 3140 1971 3212 Εῑ
1993 3133 2254 3210 Demosthenes

231 3225 402 3318 exemplis
418 3223 592 3298 aliorum,
614 3217 671 3289 vel
692 3217 948 3335 consuetudine
964 3229 1030 3287 etc.
1054 3229 1087 3285 et
1112 3219 1211 3286 dece·
1265 3247 1402 3340 inquis,
1428 3272 1465 3317 ‘e
1485 3271 1558 3316 non
1574 3267 1827 3338 responsurum
1851 3268 1924 3315 em
1938 3245 1983 3312 de
1998 3241 2145 3332 primis
2161 3263 2251 3308 mn·

229 3325 415 3448 Pli,m³3i⁸
436 3333 548 3394 ‘¹¹⁰⁰‘
569 3320 730 3439 fmlfmfi
747 3319 943 3437 ³d¹³b9¹⁰t
964 3317 1053 3438 ⁸3⁰⁰}
1064 3320 1109 3387 de
1124 3317 1210 3388 luda
1247 3369 1250 3374 ·
1265 3349 1384 3434 viciis,
1407 3351 1468 3418 sed
1480 3349 1630 3440 opponit
1645 3347 1754 3418 vitam
1768 3359 1909 3416 testem:
1935 3346 1964 3414 si
1980 3345 2086 3415 talem
2102 3366 2160 3412 me
2175 3363 2252 3411 esse

231 3431 496 3522 scriptumest:
530 3419 1107 3493 intravitSatanasiucoreius.
1160 3418 1210 3490 lta
1265 3451 1379 3532 scitis,
1405 3451 1546 3544 qualem
1568 3451 1643 3542 ipse
1664 3447 1851 3531 describit,
1875 3448 1992 3518 statim
2016 3445 2148 3534 surgite
2171 3455 2254 3512 tan·

231 3555 356 3622 magua
371 3527 563 3617 multitudo
581 3523 728 3592 assensit
750 3536 784 3592 ct
799 3521 987 3593 assentitur
1001 3521 1121 3612 impiis
1137 3519 1212 3591 cul·
1265 3576 1370 3644 qnam
1393 3577 1449 3620 me
1471 3545 1718 3620 pondemnato·
1771 3546 1949 3621 Efflavid
1967 3541 2102 3642 inquii:
2122 3543 2253 3624 nem.

231 3636 345 3716 tibiis‚
377 3643 410 3699 et
432 3624 599 3697 haeretici
624 3635 825 3715 portentosa
848 3627 1010 3712 dogmata
1033 3623 1212 3692 mordicus
1265 3649 1396 3724 hebam
1414 3648 1522 3734 mihi,
1548 3653 1623 3742 Ego
1641 3666 1759 3722 amem
1775 3635 1932 3721 o‘mbam,

230 3735 398 3807 retinent.
450 3727 498 3799 Et
512 3725 723 3816 Pompeius,
752 3723 858 3794 losias
874 3738 994 3794 errant
1018 3723 1056 3792 iii
1077 3725 1211 3794 delibe-

229 3837 367 3909 ratione
393 3835 436 3902 dc
460 3830 566 3902 bello.
626 3825 680 3896 De
702 3823 985 3920 bac-muliorum
1010 3819 1212 3896 infirmitate

230 3936 392 4034 querelae
413 3945 548 4012 extant,
573 3929 669 3999 iuxta
695 3929 802 3997 dicta:
833 3925 1030 4018 Stultorum
1052 3927 1213 3997 infinitus

204 4055 283 4110 -est
301 4040 481 4108 numerus.
517 4022 1070 4102 ltemtoinuishomoniendax.
1106 4028 1211 4098 ltem:
1465 4101 1468 4108 .
1888 4083 1897 4113 t
1968 4089 1978 4105 ι
2182 4083 2192 4102 .
2222 4085 2233 4100 ·

231 4135 352 4220 οὐδεὶς
377 4129 597 4226 ἀνθρώπων
624 4127 724 4204 ἐστὶν
754 4125 904 4202 ἅπαντα
928 4125 1055 4224 σοφὸς,
1110 4127 1212 4200 hem:
1364 4093 1434 4165 Sed
1450 4109 1604 4164 extrema
1620 4106 1703 4163 suut
1717 4095 1940 4186 pilumnoe,
1967 4089 2087 4173 idest,
2113 4084 2254 4174 cupidi·

230 4233 384 4315 nostem
404 4233 474 4330 τὴν
497 4230 650 4330 μορφὴν
666 4227 866 4314 ἐξαπατῶσ»
882 4227 990 4304 ἰδέαι.
1044 4230 1133 4303 Item
1155 4230 1212 4303 si·
1267 4208 1318 4265 tas
1339 4195 1588 4320 contentionis,
1610 4207 1645 4264 et
1661 4195 1801 4267 lenitas.
1833 4190 1959 4264 Plures
1975 4198 2255 4310 autcmpeccaut

845 4328 853 4356 ³
971 4333 1093 4407 pm
1135 4330 1213 4403 Ad„
1265 4301 1491 4393 φιλονεικιᾳ,
1516 4297 1553 4365 id
1568 4295 1699 4366 malum
1718 4309 1770 4367 est
1787 4292 1900 4364 multo
1920 4313 2166 4385 perniciosius.

220 4340 409 4416 munides:
437 4331 479 4409 τὸ
493 4333 620 4409 ’δοκεῖν
633 4329 802 4429 βιάζεται
814 4359 881 4427 την
898 4329 969 4426 etit
2132 4407 2140 4424 ι

229 4467 350 4516 versus
373 4437 460 4532 hacc
483 4439 575 4507 mala
599 4433 668 4507 hoc
691 4435 836 4506 unicum
852 4437 1049 4506 remedium
1066 4448 1134 4520 est,
1157 4435 1213 4525 pie
1364 4412 1430 4488 Εῦῑ
1445 4428 1562 4488 aulem
1578 4407 1804 4510 φιλονεικία,
1827 4436 1891 4482 seu
1911 4411 1950 4482 311
1974 4409 2159 4480 movendts
2178 4427 2255 4475 ⁶0¹*-

1365 3770 1464 3842 Haec
1497 3770 1693 3841 moderatio
1732 3769 1886 3860 pertinet
1917 3768 1962 3836 ad
1995 3762 2059 3836 has
2093 3766 2255 3850 virtutes,

1264 3875 1590 3956 mansuetudinem,
1629 3872 1868 3962 patientiam,
1893 3870 2059 3961 pictatem
2092 3868 2250 3939 debitam

1263 3975 1438 4046 Ecclesiae
1451 3975 1508 4046 vel
1525 3974 1687 4066 publicae
1706 3969 1969 4064 tranquillitati.

117 4513 126 4586 ¹¹
229 4567 416 4638 agnoscere
440 4541 587 4610 verbum
609 4538 696 4622 Dei,
720 4553 754 4609 et
775 4537 872 4608 iuxta
895 4541 1044 4606 verbum
1070 4533 1138 4608 Dei
1161 4538 1213 4606 [a.
1267 4519 1460 4588 tamiiiibus
1474 4519 1530 4588 vel
1546 4518 1694 4592 iniustas
1712 4516 1768 4585 vel
1788 4537 1860 4586 uon
1877 4511 2090 4585 necessarias
2106 4519 2257 4584 conteu-

228 4674 307 4720 cere
331 4643 628 4728 necessariarum
653 4639 896 4724 invocatione,
927 4638 1023 4709 iuxta
1048 4635 1134 4708 haec
1157 4639 1214 4708 di·
1266 4621 1380 4691 50¹¹&
1408 4621 1617 4697 accenderes
1653 4639 1712 4688 aut
1740 4615 1925 4709 superbia,
1956 4628 2018 4684 ⁸111
2044 4609 2261 4705 ambillfflffi,

228 4765 300 4822 ota:
325 4729 491 4826 Lucerna
506 4743 656 4834 pedibus
671 4741 759 4810 meis
773 4742 920 4812 verbum
938 4754 1053 4816 tuum,
1106 4737 1213 4810 Item:
1266 4737 1327 4794 aut
1342 4723 1546 4792 morositate
1556 4729 1729 4800 naturae,
1743 4733 1806 4790 aut
1821 4715 2081 4795 aemulatione,
2108 4723 2170 4781 aut
2184 4710 2258 4777 ira-

227 4851 446 4924 Commenda
461 4848 541 4918 Deo
558 4845 650 4912 viani
669 4858 787 4934 tuam,
821 4857 856 4914 et
876 4867 976 4934 spera
1000 4843 1154 4924 iueum,
1181 4855 1215 4912 ei
1267 4824 1416 4904 cundia,
1449 4825 1509 4896 aiut
1539 4821 1807 4913 superstitione,
1848 4843 1908 4890 seu
1936 4817 1974 4885 in
2007 4811 2257 4908 respondendo

228 4955 302 5048 ipse
318 4952 434 5026 faciet.
489 4947 575 5018 ltein
591 4944 697 5016 Dent
717 4945 770 5018 4.:
795 4941 890 5016 Haec
907 4945 1080 5039 sapientia
1100 4959 1213 5016 vestra

226 5055 408 5126 ambulare
426 5052 464 5121 iu
483 5047 675 5145 praeceptis
695 5047 793 5120 meis.

1267 4949 1382 5020 neque
1399 4928 1541 5012 cedere,
1566 4950 1684 5020 neque
1699 4925 1797 4994 aliud
1821 4919 1956 5003 lenire,
1982 4919 2043 4988 sed
2069 4913 2258 4986 acerbitate

1267 5027 1360 5096 velle
1391 5029 1551 5109 vincere,
1576 5041 1611 5096 et
1638 5027 1798 5118 undique
1828 5042 1968 5093 sumere
1989 5017 2177 5089 materiam
2200 5014 2258 5081 iii-

1269 5129 1479 5226 llainmandi
1494 5129 1595 5231 odia,
1618 5131 1710 5199 sicut
1726 5125 1845 5218 iuquit
1861 5121 2047 5194 Lucanus:
2073 5116 2121 5188 Et
2138 5135 2262 5187 causas
2331 5171 2335 5180 ,

1271 5231 1410 5304 invenit
1426 5230 1545 5303 armis.
1599 5227 1705 5301 Item:
1732 5225 1764 5300 lt
1776 5248 1900 5318 vagus,
1927 5239 2032 5318 atquc
2056 5221 2158 5312 ignes
2179 5217 2259 5286 aui-
