4622 5818
51 251 111 327 953

136 417 190 492 'l'u
214 419 322 510 igitur
343 404 489 502 rideas,¹
505 403 546 488 ut
568 414 721 486 inillam
736 412 1006 510 promissionem

50 541 77 598 te
98 522 271 607 includas,
293 542 359 590 nec
378 519 519 590 dubites
538 531 573 589 te
594 539 736 612 quoque
759 517 868 611 recipi
890 529 926 588 et
950 540 1008 587 er·

49 626 158 698 audiri.
204 619 254 696 E't
270 621 373 693 aliter
387 621 433 692 de
447 620 630 692 voluntate
643 617 710 688 Dei
725 618 881 689 sentiens
895 617 1008 688 disce-

49 731 92 800 dit
111 729 152 796 ab
170 726 244 796 eius
264 725 392 809 verbo,
417 735 454 793 et
475 744 550 793 non
573 720 707 793 iudicat
726 724 771 791 de
790 717 859 792 Dei
879 721 1007 790 volun-

49 845 105 902 ute
123 830 213 898 iuxta
235 825 401 912 verbum,
424 824 486 896 sed
501 823 598 922 iusta
612 818 787 920 humanas
802 832 836 893 et
851 822 1007 916 peregri-

48 953 100 1001 nas
115 927 388 1020 imaginationes.

86 1095 322 1170 Transeuntes
335 1087 540 1166 Pharisaei
550 1088 748 1168 consilium
762 1087 941 1174 inierunt,
970 1101 1008 1162 ut

131 1221 209 1274 eum
225 1205 391 1297 caperent
407 1193 448 1268 in
463 1214 639 1269 sermone.

391 1421 459 1494 De
487 1439 643 1492 censu.

129 1557 339 1650 Priusquam
364 1557 409 1626 de
433 1553 639 1649 quaestione
660 1542 930 1620 Pharisaeorum
952 1549 1009 1619 di-

48 1687 118 1745 mm,
139 1659 236 1752 prius
249 1657 439 1727 dicendum
454 1669 505 1726 est
517 1656 561 1724 de
573 1654 634 1723 illa
648 1645 894 1742 ipsahistoria,
920 1676 1010 1746 quae

47 1763 136 1834 feeerit
156 1759 325 1853 pecunia,
349 1771 383 1829 et
404 1759 500 1850 quod
522 1755 715 1838 tributum,
740 1753 784 1822 de
806 1776 877 1848 quo
896 1752 1010 1824 inter-

47 1877 172 1952 rogant,
203 1861 289 1930 inde
319 1861 448 1950 poterit
476 1856 647 1946 intelligi,
680 1877 786 1948 quarn
816 1854 1007 1945 speciosam

46 1989 165 2035 causam
193 1957 386 2033 habuerint
409 1959 549 2045 ludaei,
580 1979 655 2029 nou
679 1954 791 2026 dandi
815 1952 922 2028 huius
944 1956 1010 2027 tri-

46 2067 107 2138 buti
121 2063 303 2141 Romanis.

317 2224 490 2300 Historia
513 2221 639 2300 arodi
657 2228 717 2298 80.

130 2368 224 2440 Deus
247 2364 430 2436 mandavit
445 2362 594 2454 singulis
609 2359 818 2434 hominibus
835 2359 872 2430 in
890 2358 1008 2446 lsrael,

49 2471 96 2563 qui
112 2472 296 2557 attigerant
320 2465 524 2537 vicesimum
539 2487 693 2549 annum,
718 2468 803 2534 dare
820 2463 1009 2556 quotannis

49 2573 159 2662 templo
181 2563 450 2652 didrachmum,
481 2568 577 2659 quod
600 2567 693 2636 valet
716 2579 835 2636 nostra
859 2564 1007 2655 pecunia

48 2697 140 2741 tinum
158 2674 391 2765 quadrantem
415 2669 511 2738 aurei
534 2663 712 2738 Rhenani.
761 2664 838 2736 Hac
860 2666 1007 2758 pecunia

49 2775 256 2866 voluitvDeus
278 2769 481 2841 conservari
506 2769 702 2838 aedificium
727 2768 869 2859 templi,
895 2780 929 2838 et
951 2792 1007 2838 re-

47 2876 243 2963 parationem
268 2873 465 2955 librorum,
497 2884 530 2942 ct
554 2870 890 2954 instrumentorum,
913 2865 1008 2953 item,

47 2975 143 3046 iuvari
164 2997 335 3068 pauperes
356 2972 582 3056 Sacerdotes,
615 2987 649 3043 et
672 2972 797 3042 viduas
819 2985 854 3041 et
877 2965 1007 3060 orpha-

48 3101 116 3163 nus,
145 3095 176 3150 et
208 3079 248 3148 iu
276 3097 433 3159 summa,
464 3067 522 3142 hic
544 3087 619 3144 crat
639 3073 846 3167 praecipuus
867 3068 1008 3142 thesau-

48 3202 96 3248 rus
114 3181 148 3248 in
171 3177 236 3250 hac
259 3188 334 3248 tuta
356 3175 623 3264 gubernatione.
692 3172 740 3244 Et
763 3187 837 3244 erat
859 3174 1008 3264 pecunia

48 3303 163 3366 niagno.
208 3279 327 3352 Credo
355 3276 418 3346 illo
444 3292 601 3366 tempore
623 3271 755 3348 Christi
778 3275 918 3345 circiter
939 3289 1008 3346 tres

47 3392 154 3453 tonnas
177 3381 255 3453 auri
282 3377 474 3472 quotannis
489 3378 616 3463 fuisse,
642 3377 727 3472 quia
742 3377 783 3448 iu
800 3397 927 3465 magna
943 3399 1009 3470 ςυ-1

47 3481 232 3554 beruatione
248 3505 339 3572 opus
354 3493 407 3550 est
422 3479 580 3570 pecunia.

129 3599 216 3673 Cum
246 3612 364 3672 autem
396 3593 554 3667 Romani
587 3595 768 3686 viderent,
818 3596 1009 3688 quotannis

48 3712 168 3774 tantam·
192 3700 379 3796 pecuniam
406 3700 449 3768 sd
476 3700 646 3790 templum
671 3697 843 3781 conferri,
875 3710 1009 3768 metue-

47 3800 135 3886 bant,
159 3829 203 3876 ue
219 3801 362 3883 ludaei,
387 3799 450 3893 qui
470 3798 604 3892 alioqui
625 3798 730 3870 facile
751 3800 941 3870 movebant
954 3822 1009 3868 se-

46 3904 196 3994 ditiones,
228 3899 393 3977 instructi
415 3897 479 3970 hac
500 3903 665 3991 pecunia,
696 3901 835 3972 facilius
859 3901 1009 3970 rebella-

46 4021 129 4091 rent,
154 4005 244 4080 hanc
266 4003 451 4099 pecuniam
473 4000 517 4070 ad
531 3999 735 4074 Romanum
754 4001 876 4073 fiscum
893 4015 1008 4074 trans-

46 4105 202 4206 tulerunt,
241 4109 326 4206 quia
361 4105 447 4174 inde
474 4103 578 4176 facile
609 4103 785 4199 praesidis
816 4104 909 4176 alere
943 4129 1009 4196 po-

46 4217 157 4282 letani-

131 4327 248 4401 ludaei
271 4336 387 4396 autem
412 4347 512 4415 aegre
529 4325 681 4394 serentes
698 4345 781 4394 suae
796 4322 1010 4413 reipublicae

47 4437 159 4498 tantam
176 4429 359 4524 pecuniam
376 4428 463 4518 eripi
471 4475 483 4512 ‚
511 4426 639 4517 passim
654 4423 892 4516 disputabant,
918 4419 1009 4495 hanc

46 4531 208 4611 pecuniam
226 4529 402 4604 Romanis
426 4553 500 4598 non
525 4527 679 4597 dandam
702 4549 792 4612 esse,
817 4538 851 4596 et
873 4528 1009 4619 specio-

46 4649 105 4697 sam
118 4655 251 4703 causam
266 4632 483 4720 allegabant:

130 4747 316 4842 Templum
332 4762 366 4819 et
381 4750 458 4818 iura
473 4747 595 4837 templi
612 4759 774 4839 oportere
789 4747 950 4833 delendi,
975 4761 1011 4817 et

48 4840 143 4918 Deum
166 4853 241 4944 piae
263 4872 387 4922 caume
404 4850 608 4921 adiuturum
622 4871 716 4928 esse,
743 4847 833 4919 sicut
850 4861 1009 4941 tempore

48 4939 316 5026 Maccahaeorum
333 4953 493 5023 adfuerat
510 4950 755 5021 defensoribus
771 4949 907 5042 templi.

131 5065 223 5142 Haec
248 5083 366 5146 autem
392 5069 540 5164 pecunia
564 5067 641 5140 iure
666 5067 790 5138 divino
812 5082 886 5143 erat
907 5070 1008 5143 attri-

48 5159 267 5266 huutemplo.
809 5183 813 5190 '

133 5283 223 5380 Ergo
240 5303 385 5384 propter
399 5256 492 5360 hanc
507 5287 693 5380 pecuniam
710 5289 845 5362 bellum
859 5295 1006 5362 moven-

50 5379 121 5455 dum
135 5411 203 5464 esse
218 5392 530 5468 ratiocinabantur.

279 241 361 326 xu.
409 236 805 334 susurratores
830 223 903 320 ΕΤ·
923 234 1205 318 cortesours
1230 237 1282 314 ut
1307 236 1489 316 uvare.
1514 237 1791 314 usrrusur.

1969 238 2042 316 954

1159 410 1238 483 Hoc
1270 425 1518 503 argumentum
1548 414 1652 484 valde
1681 414 1875 506 speciosum
1905 428 1974 500 est,
2010 431 2044 488 et

1057 515 1248 588 difficulter
1268 514 1359 586 solvi
1382 527 1506 608 potest.
1557 512 1648 586 Cum
1673 515 1781 604 igitur
1801 530 1887 587 esset
1905 519 2044 606 pericu-

1059 619 1131 688 losa
1153 616 1332 712 quaestio,
1363 632 1569 710 proponunt
1588 640 1665 686 eam
1689 613 1853 701 Christo,
1887 620 2043 690 sciebant

1056 719 1172 800 enim,
1206 717 1425 791 offensurum
1448 742 1522 790 esso
1541 719 1747 812 alterutros,
1774 717 1958 791 Romanos
1982 735 2043 792 aut

1057 822 1240 915 populum.

1159 920 1228 994 Sed
1244 920 1421 1003 Dominus
1438 924 1626 1013 respondet
1644 923 1694 991 eis
1709 934 1820 996 acute.
1871 919 1918 996 Et
1937 925 2044 995 simul

1057 1025 1101 1094 de
1116 1024 1256 1095 duabus
1272 1025 1435 1096 maximis
1449 1021 1555 1096 rebus
1571 1047 1632 1093 eos
1646 1026 1769 1110 docet,
1793 1025 1958 1114 obiurgat
1973 1050 2044 1110 eus,

1057 1127 1152 1219 quod
1176 1126 1483 1198 tumultuabantur
1504 1129 1548 1196 de
1569 1126 1733 1218 pecunia,
1761 1140 1793 1198 ct
1819 1128 2043 1218 negligebant

1059 1227 1126 1298 alia
1141 1226 1352 1319 principalia
1370 1229 1492 1322 templi
1507 1229 1602 1309 iura,
1626 1229 1757 1297 scilicet
1773 1252 1891 1298 veram
1910 1231 2042 1298 doctri·

1058 1353 1159 1414 nam,
1185 1342 1221 1400 et
1241 1352 1359 1400 veram
1383 1331 1662 1414 invocationem,
1690 1344 1725 1400 et
1745 1329 1841 1400 iubet
1858 1355 1917 1402 eos
1931 1333 2043 1400 servi-

1059 1444 1168 1501 tutem
1182 1430 1274 1500 lerre
1288 1431 1327 1500 iu
1343 1455 1383 1502 rc
1398 1432 1585 1525 corporali.
1637 1429 1733 1502 Haec
1746 1443 1798 1502 est
1814 1433 1929 1503 brevis
1943 1455 2042 1502 sum-

1058 1556 1115 1604 ma
1129 1531 1238 1602 buius
1250 1533 1478 1626 quaestionis,
1506 1535 1543 1602 in
1559 1556 1627 1626 qua
1643 1533 1751 1603 multa
1768 1549 1851 1602 sunt
1867 1535 2044 1605 discenda.

1158 1632 1320 1704 Primum
1348 1635 1439 1707 sicut
1459 1632 1556 1706 Deus
1579 1657 1619 1703 ea
1644 1635 1718 1724 lege
1740 1635 1930 1728 praecipit,
1964 1637 2042 1705 dari

1059 1735 1251 1828 quotannis
1273 1735 1409 1830 aliquid
1433 1739 1478 1808 ad
1501 1736 1692 1827 templum,
1724 1736 1772 1807 ita
1794 1737 1909 1809 sciant
1925 1733 2043 1808 homi·

1058 1860 1122 1905 nes
1142 1834 1301 1926 singulos
1322 1839 1450 1909 debere
1473 1831 1641 1910 adiuvare
1657 1839 1958 1910 conservationem
1975 1839 2044 1906 mi·

1057 1937 1194 2008 nisterii
1207 1935 1430 2025 Evangelici,
1456 1963 1521 2030 pro
1537 1939 1609 2008 suis
1624 1939 1860 2014 tacuttauhus.
1910 1939 1958 2012 Et
1974 1941 2043 2008 im-

1059 2040 1115 2130 pie
1142 2039 1277 2109 fecittot
1308 2041 1454 2131 plurimi
1486 2035 1666 2123 homiues,
1699 2041 1763 2130 qui
1792 2037 1885 2110 nihil
1915 2043 2044 2111 volunt

1058 2142 1218 2210 conferre
1242 2143 1286 2210 ad
1310 2141 1497 2212 ministerii
1521 2142 1837 2213 corrservatiooem.
1888 2141 1936 2211 Et
1958 2167 2041 2233 pro-

1059 2257 1136 2333 pter
1164 2235 1232 2313 hoc
1264 2255 1443 2336 peccatum
1467 2241 1564 2316 Deus
1594 2243 1697 2334 punit
1727 2237 1908 2325 homines,
1940 2245 2040 2314 utin

1058 2341 1198 2434 Aggaeo
1227 2367 1385 2436 expresse
1413 2346 1674 2436 scriptumest:
1712 2342 1795 2414 ldeo
1820 2368 1948 2414 messes
1969 2369 2043 2414 esse

1056 2445 1255 2526 tenuiores,
1287 2445 1370 2538 quia
1398 2447 1578 2538 negligant
1601 2447 1879 2516 aedificationem
1906 2447 2041 2538 templi,

1057 2561 1091 2619 et
1108 2561 1244 2618 tantum
1263 2547 1416 2639 privatas
1430 2548 1690 2620 aedificationes
1703 2562 1837 2619 orarent.

1071 2679 1073 2684 ·
1157 2647 1342 2734 Secundo,
1387 2651 1432 2718 ad
1476 2649 1748 2737 intelligendum
1794 2663 2041 2739 argumentum

1056 2747 1328 2824 Pharisaeorum
1341 2775 1431 2845 opus
1444 2764 1495 2825 est
1507 2753 1610 2824 scire:
1639 2749 1718 2822 Duo
1731 2773 1858 2840 genera
1872 2775 1944 2822 esse
1958 2777 2040 2844 pro-

1056 2853 1277 2928 missionum.
1705 2907 1710 2920 .

1159 2953 1238 3026 Una
1269 2968 1320 3026 est
1345 2955 1533 3048 praecipua
1558 2955 1746 3048 promissio
1766 2958 1915 3044 gratiae,
1951 2953 2041 3047 quae

1057 3068 1109 3128 est
1131 3057 1361 3142 universalis,
1387 3049 1420 3126 el
1442 3057 1614 3150 promissa
1635 3072 1777 3150 propter
1794 3059 1905 3128 hlium
1923 3059 2041 3146 gratis,

1056 3158 1223 3228 omnibus
1242 3159 1311 3228 fide
1332 3159 1596 3251 accipientibus.
1650 3158 1750 3229 Hanc
1772 3161 2041 3250 promissionem

1059 3274 1153 3330 certo
1182 3259 1260 3330 vult
1288 3257 1385 3331 Deus
1415 3275 1525 3331 ratam
1559 3285 1633 3331 esse
1661 3261 1847 3348 omnibus,
1880 3262 2043 3356 quolibet

1059 3375 1234 3453 tempore,
1261 3385 1341 3432 cum
1358 3360 1535 3454 accipiunt
1548 3385 1625 3432 eam
1641 3363 1728 3448 lide,
1743 3353 1828 3432 'sive
1845 3363 2042 3454 corporalia

1058 3465 1150 3534 buna
1169 3456 1382 3544 babeamus,
1410 3464 1481 3532 sive
1504 3463 1701 3556 eripiantur
1722 3463 1826 3535 nobis
1842 3465 2042 3557 corporalia

1058 3567 1165 3636 bona.
1218 3561 1301 3632 ldeu
1323 3578 1416 3635 recte
1438 3565 1525 3636 dicit
1546 3565 1628 3636 lob:
1653 3563 1802 3638 Etiamsi
1823 3569 1957 3638 occidet
1974 3592 2042 3648 me,

1059 3666 1206 3756 sperabo
1229 3663 1267 3734 iu
1287 3689 1379 3736 earm.
1430 3661 1479 3737 Et
1496 3664 1672 3741 Dominus
1695 3668 1827 3761 iuquit:
1854 3667 1981 3738 Venite
1996 3672 2044 3737 ad

1058 3791 1114 3837 me
1136 3787 1279 3853 omnes,
1305 3767 1365 3861 qui
1392 3768 1562 3840 laboratis
1583 3785 1616 3841 et
1637 3770 1774 3840 onerati
1798 3771 1897 3850 estis,
1922 3783 1956 3838 et
1978 3792 2041 3857 ego

1058 3869 1209 3939 reficiam
1232 3893 1305 3940 vos.
1357 3867 1445 3939 ltem
1466 3868 1604 3940 Esaias:
1632 3869 1704 3942 Ubi
1725 3871 1898 3942 habitabit
1916 3868 2043 3941 Domi-

1059 3969 1151 4043 nus?
1203 3969 1245 4040 lu
1275 3972 1500 4064 contritiset
1520 3971 1679 4044 adflictis.
1738 3969 1819 4042 Non
1848 3955 1955 4061 igitur
1977 3972 2043 4040 ab·

1060 4072 1169 4144 iectus
1192 4085 1241 4143 est
1265 4069 1373 4143 homo
1396 4099 1415 4142 a
1434 4071 1527 4157 Deo,
1553 4087 1697 4163 propter
1719 4073 1945 4149 calamitates.
1995 4071 2043 4144 Et

1058 4173 1228 4265 sapientia
1262 4173 1454 4245 necessaria
1485 4187 1538 4245 est
1564 4169 1760 4257 Ecclesiae,
1800 4175 1907 4256 scire,
1945 4178 2043 4268 quod

1058 4273 1155 4368 Deus
1178 4274 1261 4349 uelit
1287 4299 1351 4346 sios
1371 4275 1522 4346 retinere
1541 4271 1632 4345 hauc
1647 4275 1862 4346 verissimam
1881 4277 2042 4346 consola-

1059 4379 1211 4462 tionem,
1237 4379 1331 4469 quod
1351 4399 1489 4448 necesse
1506 4375 1550 4446 sit
1567 4374 1643 4464 Deo
1659 4379 1817 4458 credere,
1842 4390 1876 4448 ct
1892 4381 2043 4466 promis-

1058 4480 1194 4549 sionem
1214 4477 1345 4568 gratiae
1363 4478 1531 4558 retinere,
1557 4479 1660 4547 etiam
1676 4503 1755 4548 enm
1768 4479 1905 4569 maguis
1920 4483 2044 4572 poenis

1058 4579 1340 4673 opprimuntur(
1373 4577 1419 4652 Ut
1434 4577 1547 4650 David
1568 4595 1659 4650 recte
1676 4581 1779 4662 lacit,
1802 4585 1898 4673 quod
1917 4585 2043 4654 retinet

1059 4683 1328 4774 promissionem
1357 4681 1506 4772 gratiae,
1539 4684 1644 4753 etiam
1673 4706 1753 4752 eum
1784 4682 1886 4754 iustis
1918 4684 2043 4775 poenis

1058 4782 1235 4856 obruitur.
1287 4781 1374 4856 Saul
1389 4807 1463 4854 non
1478 4798 1569 4855 recte
1584 4781 1681 4865 lacit,
1708 4789 1805 4875 quod
1821 4786 1942 4855 abiicit
1958 4808 2043 4876 pro·

1058 4886 1260 4957 missionem
1293 4883 1443 4973 gratiae,
1474 4898 1510 4956 et
1539 4884 1656 4958 deficit
1685 4911 1704 4956 a
1730 4883 1825 4973 Deo,
1855 4901 2043 4979 postquam
2095 4913 2102 4928 ·

1057 4991 1164 5060 sentit
1182 5009 1324 5078 poenas.
2028 4997 2036 5024 ⁸

1162 5087 1237 5158 lmo
1254 5087 1350 5159 Deus
1369 5089 1450 5159 ideo
1469 5086 1563 5158 eruit
1579 5109 1646 5158 nos
1663 5090 1830 5161 omnibus
1845 5089 1948 5158 bonis
1964 5113 2043 5160 cor-

1057 5191 1259 5283 poralibus,
1284 5205 1323 5262 ut
1344 5191 1448 5260 fidem
1465 5190 1611 5281 probet,
1635 5213 1682 5260 an
1698 5191 1834 5260 firmius
1849 5188 2042 5262 adhaerea-

1057 5315 1136 5362 mus
1158 5316 1227 5382 suo·
1246 5293 1372 5375 verbo,
1397 5315 1503 5386 quam
1520 5292 1626 5362 bonis
1642 5292 1894 5382 corporalibus.
1947 5291 2043 5366 Haec

1057 5393 1245 5490 diligenter
1258 5393 1514 5468 consideranda
1528 5408 1630 5477 suut,
1657 5409 1693 5470 et
1705 5389 1774 5468 huc
1786 5397 1894 5470 breve
1909 5397 2044 5468 uictum

1280 5719 1407 5786 A
