4674 5822
71 189 163 264 roro
334 185 421 263 xu.
476 141 869 264 innortrrorus
894 182 963 262 ur
987 181 1270 264 conciones
1297 183 1349 262 nt
1373 157 1824 322 maneremus(
1851 137 1854 144 ’
1921 121 1930 134 ’
1985 197 2088 274 rora

70 358 368 442 mortificationis,·.
381 381 487 456 quarn
510 379 649 432 necesse
663 357 805 432 estheri
818 370 900 431 ante
916 357 1043 427 remis·

69 463 191 535 sionem
252 477 439 544 centorum.
486 453 534 535 Et
549 487 629 534 cum
641 463 873 556 baptizamur,
890 457 1038 531 etloan-

68 564 117 632 nis
138 577 170 634 et
220 559 322 638 hristi
346 564 522 656 baptismo
544 565 781 658 baptizamur,
816 561 839 632 i.
860 587 889 636 e.
909 563 1038 633 morti·

67 665 210 748 beamur,
235 679 269 736 et
284 662 502 738 mortificatis
515 667 747 737 remittuntur
762 678 913 757 peccata.
954 661 1043 734 Cae-

68 781 169 838 terum
197 765 360 838 loannis··
378 763 534 838 oiheinm
566 769 709 860 proprie
741 781 813 852 est,
854 765 1042 856 poeniten·

66 867 140 938 tiam
163 870 387 960 praedicare,
413 866 550 943 Christi
568 871 711 962 proprie
727 881 800 954 est,
830 882 968 962 peccata
986 891 1043 936 re-

66 969 202 1040 mittere.

194 1152 297 1253 Quia
322 1151 401 1228 ridi
420 1155 594 1257 spiritum
618 1150 901 1232 descendentem.

153 1305 308 1397 Quando
324 1306 412 1381 haec
426 1306 574 1382 historia
590 1322 682 1400 gesta
697 1309 756 1394 sit,
782 1335 823 1379 er
833 1305 1041 1382 aliisEvan-

64 1409 344 1504 gelistisintelligi
354 1426 479 1505 potest,
499 1435 629 1505 nempe
637 1411 1041 1506 posteaquamaloenne

64 1508 215 1583 Christus
236 1516 434 1606 baptizatus
454 1529 518 1585 est.
569 1509 689 1606 Atque
706 1513 759 1584 ibi
777 1513 928 1584 loannes
942 1513 1041 1586 testi-

64 1613 176 1684 ficatur
190 1619 233 1686 de
247 1612 409 1702 Christo,
434 1640 514 1689 eum
530 1616 597 1686 ait:
621 1613 697 1705 Ego
712 1640 730 1686 a
747 1627 782 1686 te
796 1617 908 1685 debeo
922 1615 1040 1706 bapti-

64 1716 146 1799 zari,
174 1717 199 1790 i.
223 1742 253 1790 e.
280 1718 344 1807 e'go
373 1731 408 1788 te
438 1717 651 1789 iustificante
678 1741 767 1809 opus
788 1712 915 1791 habeo.
964 1715 1041 1789 Ro-

64 1817 196 1907 spondit
220 1814 399 1892 Christus:
431 1818 519 1891 Sine
547 1818 673 1904 modo,
704 1820 728 1889 i.
751 1843 781 1890 ε.
800 1821 964 1890 nondum
988 1829 1040 1890 est

63 1931 188 2012 tempus
209 1920 477 2010 glorificationis
497 1943 607 1992 meae.
672 1917 782 1993 Decet
802 1945 867 1991 nos
890 1921 1039 2013 implere

62 2043 193 2090 omnem
225 2023 420 2110 iusticiam,
453 2024 477 2096 i.
499 2046 529 2097 e.
561 2033 701 2113 oportet
729 2045 785 2093 me
807 2021 935 2116 subiici
955 2022 1037 2112 legi,

62 2121 241 2212 baptizari,
268 2125 491 2212 mortificari,
517 2135 557 2194 ut
579 2123 649 2213 legi
670 2124 901 2204 satisfaciam,
924 2137 966 2194 ut
987 2125 1039 2192 le-

62 2244 129 2310 gem
144 2226 352 2315 persolvam.
382 2225 507 2298 Postea
523 2225 757 2297 adscendente
766 2221 909 2298 Christo
922 2225 1036 2324 aperti

61 2339 134 2395 sunt
157 2327 265 2414 coeli,
292 2341 326 2398 et
348 2329 438 2401 vidit
457 2326 609 2400 loannes
629 2328 795 2420 spiritum
810 2327 880 2400 tter
893 2329 1038 2398 deseen-

61 2427 202 2503 dentem.

152 2559 435 2647 Testimonium,
462 2585 533 2655 quo
556 2561 604 2630 tle
618 2560 692 2630 filio
709 2559 914 2632 testificatur
929 2573 1039 2652 pater,

64 2672 107 2730 est
129 2661 272 2756 spiritus
292 2664 503 2733 incumbens
525 2685 631 2754 super
644 2656 846 2742 Christum,
873 2662 964 2734 sicut
980 2660 1039 2730 in-

62 2760 108 2831 ira
137 2788 210 2855 cap.
228 2761 291 2836 Vl.
322 2763 469 2835 dieitur:
501 2761 609 2835 Hunc
638 2761 733 2832 enim
763 2776 863 2854 pater
885 2763 1039 2854 signavit

61 2857 157 2939 Deus.
206 2859 255 2936 Ει
283 2863 408 2936 Esaiae
428 2863 544 2938 LXl.:
579 2863 736 2964 Spiritus
755 2863 904 2936 Domini
933 2887 1038 2955 super

62 2988 110 3034 me
138 2991 196 3048 eo,
230 2968 329 3060 quod
357 2968 500 3039 unxerit
528 2991 596 3038 me.
660 2965 708 3037 Et
736 2963 868 3041 Psalm.
890 2964 1038 3036 XLIV.:

64 3059 163 3139 Unrit
191 3083 248 3155 ιε,
284 3067 381 3140 Deus
412 3083 504 3140 tuns.
556 3065 652 3138 Haec
683 3068 806 3138 unctio
829 3082 899 3153 est,
930 3091 1038 3160 quam

62 3165 215 3257 figuravit
230 3170 271 3238 in
289 3171 364 3262 lege
379 3171 600 3240 sacerdotum
617 3169 758 3256 uncti03
782 3165 870 3240 haec
884 3171 1040 3240 destillat

63 3291 79 3336 a
106 3273 213 3364 eapite
236 3268 372 3344 Christi
401 3270 439 3341 in
462 3272 612 3343 barbam
632 3266 773 3356 Aaron,
804 3266 967 3358 horest,
999 3271 1039 3339 in

63 3383 161 3442 totam
194 3374 459 3466 generationem
488 3369 634 3446 Christi.
702 3370 773 3442 Hic
803 3372 947 3465 spiritus
977 3387 1039 3454 est,

63 3475 116 3564 qui
138 3477 378 3546 testimonium
402 3470 568 3569 perhibet
581 3474 681 3544 cordi
698 3487 839 3555 nostro,
867 3475 963 3564 quod
979 3489 1052 3544 su-‘

62 3597 131 3644 mus
151 3578 217 3647 lilii
234 3573 320 3662 Dei,
347 3578 518 3648 clamans:
547 3571 651 3648 Abba
672 3589 783 3668 pater.
834 3573 905 3646 Hic
927 3575 1040 3661 vides,

63 3692 224 3768 quantum
241 3678 381 3750 intersit
397 3679 490 3750 inter
503 3678 767 3770 generationem
783 3674 915 3751 Christi
929 3689 962 3748 et
979 3699 1039 3768 ge-

62 3779 272 3866 nerationem
290 3781 418 3854 carnis.
661 3769 667 3783 “

307 3963 363 4036 Et
385 3988 451 4062 ego
473 3963 675 4036 nesciebam
698 3989 789 4042 eum.

1094 357 1365 445 revelationem
1393 351 1784 450 bucsignnmallegat,
1811 364 1912 457 qnod
1924 361 2084 462 Prophe-

1096 474 1150 532 tae
1181 453 1315 532 Christi
1352 461 1493 550 signum
1526 481 1600 529 esse
1631 462 1893 550 praedixerunt.
1958 467 2083 544 Esaias
2191 465 2199 474 ’

1095 559 1207 637 th.:
1240 561 1395 653 Spiritus
1420 562 1557 631 domini
1588 585 1695 655 super
1726 589 1792 638 me.
1845 563 1894 640 Ut
1923 570 1970 643 sit
1995 567 2083 645 haee
2175 573 2178 582 “

1095 663 1285 735 sententia:
1316 661 1415 756 Ego,
1448 659 1616 752 loannes,
1641 669 1865 740 non'noram
1888 665 2083 759 Christum,
2109 733 2111 738 .
2142 737 2144 744 .
2227 685 2229 694 ’

1094 769 1155 836 sed
1177 766 1356 837 revelante
1371 763 1449 836 Deo
1472 767 1605 852 didici,
1630 781 1666 839 et
1679 769 1906 843 revelationis
1919 797 2003 846 suae
2017 801 2082 871 pa·

1093 881 1148 940 ter
1170 863 1239 939 hoc
1261 868 1502 940 testimonium
1519 863 1720 962 perhibuit3
1746 877 1903 946 ostendit
1917 877 2082 970 spiritum

1093 972 1362 1043 descendentem
1385 993 1492 1062 super
1513 965 1713 1058 Christum,
1736 977 1832 1068 quod
1855 977 1996 1069 signnm
2016 1006 2081 1051 vo-

1092 1072 1149 1142 bis
1165 1072 1289 1164 allego.
1322 1070 1415 1142 Nam
1430 1068 1497 1142 hoc
1513 1073 1654 1162 signum
1669 1087 1732 1168 est,
1759 1101 1837 1171 quo.
1847 1093 1947 1172 pater
1961 1081 2081 1175 signa·

1093 1173 1145 1245 rit
1166 1174 1291 1250 filium.
1342 1171 1413 1244 Hic
1437 1186 1507 1260 est,
1533 1176 1596 1267 qui
1610 1175 1766 1268 baptizat
1780 1171 1820 1249 in
1837 1181 1985 1275 spiritu,
2009 1184 2035 1257 i.
2050 1210 2080 1261 e.

1091 1275 1175 1346 facit
1207 1300 1336 1348 novam
1366 1288 1580 1362 creaturam,
1611 1300 1747 1349 novum
1774 1281 1916 1370 lumen,
1944 1309 2080 1368 novum
2206 1341 2209 1346 .

1092 1401 1153 1447 cor
1175 1377 1383 1450 mortificato
1408 1379 1530 1452 veteri.
1589 1377 1750 1451 Primum
1775 1405 1857 1476 ergo
1878 1380 1938 1456 hic
1957 1387 2080 1461 obser-

1091 1481 1250 1550 vandum
1271 1493 1339 1567 est,
1366 1473 1549 1552 Christum
1570 1503 1591 1552 a
1614 1504 1722 1552 carne
1736 1507 1812 1554 non
1829 1489 2015 1577 cognoscis,
2039 1503 2087 1563 ut·

1092 1577 1222 1654 Mattb.
1230 1579 1349 1655 xvt2
1372 1579 1503 1658 Beatus
1517 1605 1554 1652 es
1568 1581 1695 1656 Simon
1708 1581 1781 1656 Bar
1793 1585 1882 1659 lona
1897 1602 1962 1662 etc.
1988 1673 1992 1678 ¹
2014 1588 2080 1664 Se-

1091 1686 1227 1766 cundo,
1268 1678 1429 1755 Christus
1456 1681 1614 1774 signatus
1641 1698 1754 1758 estet
1782 1702 1911 1763 unctus
1940 1689 2079 1784 Spiritu
2187 1779 2191 1786 ,

1091 1800 1231 1866 sancto,
1258 1798 1346 1857 utet
1360 1809 1426 1856 nos
1440 1809 1619 1875 ungamur
1634 1799 1668 1857 et
1681 1788 1880 1879 signemur,
1904 1802 1940 1865 et
1955 1795 2080 1865 destil-

1090 1886 1140 1958 let
1159 1887 1282 1958 unctio
1306 1887 1381 1958 eius
1403 1887 1441 1956 in
1459 1887 1607 1957 barbam
1624 1885 1759 1961 Aaron.
1808 1887 1858 1965 Et
1873 1893 2079 1987 sicutpater
2132 1883 2136 1890 ⁵

1090 1987 1294 2059 testificatur
1315 1989 1360 2057 de
1379 1988 1474 2072 lilio,
1505 1988 1613 2059 misso
1636 1987 1782 2080 Spiritu·
1797 2008 1939 2082 sancto,
1966 1997 2015 2068 ita
2039 1998 2079 2067 in

1090 2089 1386 2180 nobis-spiritum
1410 2086 1778 2179 arrabonemgratiae
1799 2107 1902 2167 vocat
1925 2094 2079 2171 Paulus:

1089 2185 1139 2262 Et
1159 2190 1313 2276 vicissim
1338 2191 1542 2261 testificatur
1562 2191 1667 2261 nobis
1694 2191 1860 2285 spiritus,
1897 2198 1993 2294 quod
2018 2223 2076 2271 su.

1090 2315 1168 2363 mus
1181 2289 1250 2364 filii
1264 2289 1353 2379 Dei,
1378 2293 1551 2363 clamans:
1577 2289 1681 2365 Abba
1698 2307 1810 2386 pater.

1453 2543 1509 2620 Et
1531 2569 1597 2643 ego
1622 2543 1711 2640 vidi,

1090 2694 1157 2769 hoc
1179 2697 1339 2790 signnm,
1364 2717 1435 2792 qno
1459 2713 1558 2791 pater
1578 2700 1623 2769 de
1636 2697 1710 2770 filio
1728 2701 1931 2775 testificatus
1947 2718 2018 2792 est,
2043 2719 2078 2778 ει

1089 2801 1332 2873 testimonium
1358 2795 1559 2891 perbibuit,
1592 2801 1688 2897 quod
1718 2796 1777 2871 hic
1804 2801 1850 2874 sit
1876 2804 1971 2878 filins
1997 2801 2079 2879 Dei.

1089 2900 1137 2973 Et
1157 2896 1243 2972 haec
1265 2914 1317 2972 est
1338 2902 1510 2972 confessio
1533 2893 1754 2994 evangelica,
1787 2904 1878 2976 sicut
1901 2903 2093 2980 Matthaei
2210 2939 2213 2965 ·
2271 2945 2274 2954 ·
2307 2905 2311 2913 ’

1089 3001 1187 3076 XVl.
1220 3017 1380 3094 apparet:
1417 3001 1474 3074 Tu
1505 3025 1541 3074 es
1563 2999 1745 3086 Christus,
1779 3003 1873 3077 filins
1895 3003 1965 3079 Dei
1991 3009 2079 3088 vivi.

1090 3104 1202 3176 Porro
1225 3105 1403 3192 confiteri,
1428 3107 1525 3198 quod
1548 3097 1713 3176 Christus
1734 3105 1780 3177 sit
1801 3105 1894 3179 fllins
1909 3104 2000 3198 Dei,
2025 3124 2079 3185 est

1091 3205 1268 3292 confiteri,
1293 3207 1390 3300 quod
1411 3206 1456 3278 sit
1474 3204 1588 3291 Deus,
1611 3207 1784 3294 salrator,
1808 3203 1932 3282 haeres
1954 3226 1991 3286 et
2011 3212 2076 3300 do-

1091 3309 1210 3380 minus
1224 3309 1398 3384 omnium.
1448 3306 1547 3394 ltem,
1564 3309 1654 3379 sicut
1666 3307 1811 3401 ipse-est*
1823 3305 1946 3383 haeres
1961 3315 1995 3386 et
2010 3317 2077 3386 d'o-

1091 3411 1210 3482 minns
1233 3413 1411 3494 omnium,
1436 3409 1485 3480 ita
1507 3410 1605 3479 credi
1625 3424 1780 3502 oportet,
1805 3435 1881 3500 eos,
1908 3415 1972 3507 qni
1993 3429 2082 3489 suut·

1091 3513 1130 3581 in
1153 3508 1316 3598 Christo,
1348 3507 1556 3582 cohaeredes
1581 3534 1654 3582 esse
1675 3506 1827 3598 Christi,
1857 3516 2019 3611 adeoque
2041 3530 2077 3590 ει

1092 3615 1187 3710 ipsos
1224 3636 1296 3684 esse
1331 3613 1497 3684 dominos
1530 3613 1710 3699 omnium,
1748 3616 1899 3706 peccati,
1938 3619 2077 3706 mortis,

1090 3715 1235 3800 mundi,
1266 3714 1421 3785 breviter
1451 3727 1632 3805 portarum
1663 3713 1780 3792 i'nseri.
1838 3714 1893 3785 De
1918 3713 1985 3789 hac
2005 3720 2076 3790 lide

1091 3818 1252 3911 loquitur
1265 3815 1458 3907 Apostolus
1472 3813 1578 3889 Rom.
1596 3814 1656 3885 Xe
1682 3815 1723 3888 Si
1745 3817 1783 3886 in
1798 3817 1905 3888 corde
1920 3829 1981 3890 tuo
1998 3843 2076 3891 cre-

1091 3919 1165 4004 dis,
1188 3915 1398 4012 quod-Deus
1421 3939 1500 4007 curn
1523 3915 1744 3989 suscitaverit
1765 3919 1978 4008 amortuis,
2002 3922 2027 3993 i.
2044 3945 2076 4000 e.

1090 4020 1359 4116 glorificaverit,
1417 4017 1540 4088 fecerit
1582 4018 1769 4090 dominum
1808 4017 1969 4092 omnium
2007 4037 2083 4099 ete..
2184 4101 2186 4104 ¹

155 4115 293 4188 Multos
314 4115 416 4186 torsit
442 4110 501 4184 hic
524 4114 644 4197 loeus,
675 4136 739 4185 cur
760 4113 912 4184 loannes
933 4112 1039 4199 dicat,
1091 4123 1197 4204 Item,
1221 4123 1363 4192 credere
1387 4120 1574 4212 sicutipse
1597 4132 1649 4190 est
1668 4120 1782 4208 filins,
1804 4123 1962 4217 adeoque
1983 4125 2074 4197 dile-

63 4236 94 4282 se
115 4240 185 4288 non
208 4220 351 4290 novisse
365 4211 548 4288 Christum
565 4217 771 4312 priusquam
786 4215 876 4285 vidit
893 4217 1038 4286 descen·
1090 4238 1166 4295 crue
1187 4222 1298 4316 paui,
1331 4224 1383 4294 irs·
1402 4244 1486 4312 nos,
1520 4221 1581 4315 qui
1604 4221 1781 4294 credimus
1800 4221 1896 4311 lilio,
1927 4224 2074 4301 dilectos

63 4317 196 4388 dentem
227 4320 429 4392 columbam
456 4320 501 4388 de
532 4321 641 4390 coelo.
700 4317 891 4389 Descendit
919 4329 1036 4388 antem
1090 4349 1162 4396 esse
1185 4325 1294 4418 patris
1339 4323 1399 4396 Sic
1423 4325 1473 4394 ad·
1483 4319 1590 4398 nom,
1605 4319 1723 4399 tutta
1749 4322 1830 4414 Qui·
1848 4325 1946 4398 dedit
1959 4327 2074 4400 lilium

63 4421 198 4508 spiritus
228 4435 308 4514 post
335 4419 562 4512 baptismum.
628 4416 741 4489 Porro
764 4433 798 4491 et
819 4431 900 4490 ante
920 4418 1037 4510 bapti·
1089 4451 1193 4500 suum
1216 4428 1440 4517 unigenitum
1457 4425 1661 4518 pronubis,
1682 4427 1863 4521 quomo
1877 4429 1983 4502 etiam
1997 4453 2080 4501 non*

63 4539 169 4592 smum
186 4525 329 4594 videtur
345 4520 495 4593 loannes
509 4515 859 4608 novisseChristum,
884 4543 963 4592 cnm
979 4521 1037 4590 in·
1089 4530 1303 4601 omninum
1321 4529 1384 4600 illo
1401 4528 1606 4600 donantur?
1737 4563 1739 4570 ε

63 4622 147 4712 quit:
173 4621 251 4716 Ego
266 4650 288 4695 a
303 4640 338 4695 te
353 4624 464 4694 debeo
477 4623 661 4714 baptizari.
713 4621 808 4694 Sunt
823 4623 885 4717 qui
899 4635 1036 4715 putant,

62 4717 223 4796 loannem
248 4740 324 4798 tum
347 4727 491 4796 demum
513 4725 678 4794 didicisse
693 4725 915 4797 divinitatem
929 4718 1038 4795 Chri-
1430 4759 1561 4836 Auem
1586 4727 1646 4832 dp,
1668 4771 1720 4834 m

63 4823 121 4909 sti,
143 4851 224 4898 enm
242 4841 344 4900 antea
358 4839 478 4899 nosset
491 4827 567 4898 eius
581 4820 860 4912 humanitatem,
884 4838 920 4897 et
933 4825 1037 4898 sciret
1720 4818 1730 4837 ⁰

64 4907 262 5000 salvatorem
291 4953 384 5015 esse,
416 4951 618 5023 quanquam
639 4927 756 5000 Deum
783 4949 855 5000 esse
877 4928 1038 4998 nesciret.
1142 4999 1147 5014 .
1188 4912 1912 5008 Haecsicutsuperioreintelligendssnnt.
1938 4908 2072 5010 Agnus

65 5023 140 5098 Mea
161 5033 209 5100 sie
229 5047 280 5104 est
299 5033 409 5117 ratio,
434 5029 605 5102 loannem
628 5025 696 5102 hoc
718 5029 857 5119 signum
874 5028 1036 5121 allegare,
1087 5018 1184 5107 Dei,
1209 5023 1233 5095 i.
1250 5045 1280 5094 ε.
1294 5020 1356 5114 qui
1372 5044 1391 5090 a
1406 5014 1486 5089 Deo
1498 5019 1601 5088 datus
1617 5029 1670 5087 ess
1679 5017 1916 5110 propeccatis
1928 5017 2072 5105 nostris,

66 5150 130 5217 quo
166 5147 265 5225 pater
292 5133 535 5208 testimonium
565 5126 710 5208 Christo
741 5132 814 5202 blio
843 5125 1036 5222 perhibuit.
1089 5138 1124 5196 et
1153 5122 1316 5216 exprimit
1342 5115 1475 5192 Christi
1502 5113 1798 5190 humiliationem.
1862 5110 1943 5213 Qui
1968 5113 2072 5191 tollit

66 5223 284 5306 Utmarime
315 5238 390 5328 ipse
417 5259 459 5306 er
487 5235 600 5326 priori
621 5227 1042 5306 revelationeChristum·
1088 5232 1251 5320 peccota:
1286 5221 1518 5313 glorificatum
1548 5220 1653 5313 dicit,
1688 5219 1771 5314 quia
1802 5218 2081 5312 fregitlinfero'
2132 5299 2138 5310 ,

67 5338 256 5423 agnoverit,
289 5353 406 5410 tamen
434 5360 510 5408 non
539 5335 672 5424 allegat
688 5335 840 5408 loannes
863 5335 1036 5426 privatam
1087 5353 1165 5400 rum
1183 5338 1311 5418 portas.

111 5437 282 5508 Mensura.
310 5445 413 5511 Orsa.
437 5443 520 5507 Vos.
548 5438 642 5505 xlv.
1535 5417 1586 5489 68
