4714 5826
260 147 333 227 11'9
727 199 732 208 -
849 145 976 222 PlllL.
1005 147 1121 225 MEL.
1146 141 1359 224 SCRIPTA
1386 141 1685 224 uxuaurtca.
2232 151 2314 228 120

260 328 378 398 finem.
431 320 505 393 Aut
526 321 572 392 sit
592 315 679 390 haec
705 318 853 413 simplex
876 321 1073 409 enarratio,
1107 319 1246 392 intelli·
1298 323 1501 400 curatione,
1527 323 1622 392 iuxta
1647 321 1950 394 admonitionem:
1975 319 2028 418 μὴ
2050 320 2095 396 aei
2110 321 2245 400 κακὸν
2263 321 2313 400 lei

262 441 366 519 gatus
380 425 515 496 dictum
530 421 732 496 Salomonis
745 423 792 491 de
805 423 909 493 bonis
926 435 961 493 et
982 417 1141 495 honestis
1161 447 1248 493 con·
1296 428 1413 518 κακῷ.
1465 421 1546 493 Huc
1568 425 1722 522 pertinet
1745 426 1867 518 regola
1884 447 1987 520 saepe
2003 425 2175 518 repetita:
2207 426 2312 500 Sub-

262 531 364 602 siliis.
396 525 440 598 ln
461 521 517 596 his
534 524 663 594 melior
685 536 736 595 est
760 524 841 593 finis
856 526 995 595 duobus
1018 529 1149 598 modis:
1174 525 1245 616 pri·
1298 528 1393 596 ditus
1415 541 1488 596 esto
1515 523 1609 606 Deo,
1636 542 1670 599 et
1693 549 1754 598 ora
1779 551 1871 597 eum.
1904 527 1952 598 Et
1977 543 2084 598 notus
2105 529 2155 599 sit
2175 553 2311 601 versus

263 655 363 702 nrum
389 628 587 700 constantia
608 627 804 697 voluntatis
827 627 866 696 iu
895 651 933 695 re
962 621 1108 698 honesta
1143 627 1247 716 perfi-
1298 624 1536 722 Pythagorae:

264 733 406 813 tlendd,
440 730 569 800 deinde
599 742 633 800 el
664 741 803 798 eventu.
868 725 974 798 Mulli
1005 723 1249 826 &transilierim
1352 734 1396 808 ὧν
1418 739 1458 807 ἄν
1478 751 1597 828 μοῖραν
1619 743 1708 827 ἔχῃς,
1732 741 1846 821 ταύτην
1868 744 1961 829 φέρε,
1983 738 2062 827 μηδ’
2085 739 2283 826 ἀγανάκτει,

264 847 347 906 sunt
364 836 472 904 fortes
487 831 591 901 initio
614 829 653 897 in
670 831 850 918 docendo,
877 829 917 900 in
936 831 1037 902 bellis
1052 832 1249 915 movendis,

262 938 303 1008 in
317 927 586 1006 tumultuando:
611 945 733 1023 postea
754 931 826 999 levi
845 944 1026 1002 momento
1041 935 1143 1004 fracti
1161 957 1247 1002 con·
1349 929 1462 1006 Bona
1481 941 1533 1004 est
1546 931 1735 1027 sapienties
1756 955 1835 1004 cum
1850 928 2086 1014 haereditate,
2103 943 2134 1006 et
2151 934 2308 1020 melior,

262 1035 451 1108 fes'sionem
466 1032 661 1123 abiiciunt,
683 1034 853 1103 deserunt
869 1035 977 1104 aciem
1001 1051 1067 1106 etc.
1121 1035 1248 1105 Postu-
1404 1061 1511 1136 quem
1527 1032 1647 1104 videre
1664 1031 1801 1118 Solem,
1825 1031 1943 1117 idest,
1967 1060 2079 1134 quum
2100 1037 2184 1106 viter
2207 1039 2308 1136 ipsa.

263 1141 316 1210 lat
338 1138 446 1228 igitur
469 1136 508 1204 in
531 1130 600 1205 hoc
621 1135 735 1219 dicto,
762 1133 805 1202 ln
825 1135 1114 1208 bonis'cousiliis
1132 1159 1248 1228 perse·
1403 1133 1568 1231 Protegit
1583 1136 1789 1232 sapientia,
1803 1137 1961 1233 protegit
1979 1137 2203 1242 etpecum‘a.
2229 1137 2310 1211 Sed

264 1239 478 1323 verantiarn,
506 1237 597 1308 sicut
621 1237 660 1306 in
676 1232 873 1325 Evangelio
898 1238 1045 1310 dicitur:
1074 1239 1146 1328 Qui
1169 1254 1277 1333 per-1
1402 1235 1572 1309 doctrina
1603 1237 1811 1334 sapientiae
1845 1234 2029 1336 quiddam
2059 1237 2202 1312 melius
2241 1253 2306 1327 est,

264 1341 478 1414 severaverit
493 1339 532 1408 in
546 1338 665 1420 tinem,
692 1334 750 1407 hic
766 1339 883 1408 salvus
900 1339 980 1412 erit.
1012 1341 1196 1412 Praeterea
1216 1357 1249 1414 ct
1274 1336 1277 1376 ¹
1402 1341 1493 1439 quio
1511 1336 1577 1410 dat
1594 1343 1722 1416 eitum.

265 1435 673 1518 ⁰V011¹¹¹⁰³¹¹⁸³h⁰¹¹e⁸²³
692 1441 905 1511 m⁹¹i⁰²⁰⁵²²
933 1465 1136 1537 quanquam
1153 1443 1249 1512 ‘nim
1409 1486 1580 1563 Occurrit
1618 1491 1814 1562 obiectioni
1888 1488 1981 1563 Cum
2014 1507 2116 1562 antea
2155 1495 2292 1564 dixerit

1275 1549 1278 1588 ξ
1816 1544 1828 1566 .
2295 1547 2305 1575 ‚

263 1547 376 1618 rnulta
391 1547 536 1615 adversa
551 1541 716 1636 patienda
731 1555 825 1628 sunt,
848 1554 965 1614 tarnen
982 1545 1090 1616 vincit
1106 1548 1249 1615 tandem
1275 1593 1278 1606 .

263 1667 366 1720 causa
382 1642 541 1720 honesta.

272 1795 274 1802 ¹
317 1805 464 1882 Melior
477 1819 529 1882 est
542 1811 689 1906 patiens
706 1820 918 1906 arrogante.

368 1945 542 2040 Superbia
565 1946 647 2015 fons
674 1957 725 2016 est
755 1945 1013 2034 impatientiae,
1048 1945 1252 2037 cupiditatis

266 2049 445 2120 vindictae
466 2061 500 2118 et
523 2045 781 2131 contentionis,
806 2047 906 2116 utin
932 2045 1138 2118 Proverbiis
1161 2048 1250 2116 dici-

266 2164 343 2222 tnr:
372 2147 471 2220 inter
489 2151 662 2242 superbos
683 2161 733 2220 est
748 2149 939 2221 contentio.
991 2147 1087 2218 Hinc
1103 2171 1251 2238 magnae

266 2252 503 2324 dissensiones
524 2249 562 2321 in
586 2249 747 2342 imperiis
771 2251 865 2320 etin
890 2247 1049 2320 Ecclesia
1072 2252 1251 2334 oriuntur,

267 2368 307 2426 ut
329 2355 413 2449 quia
429 2352 633 2425 Alcibiades
659 2365 694 2422 et
716 2345 931 2422 Coriolanus
953 2351 1178 2444 impatienter
1199 2351 1251 2419 fe·
1321 2407 1330 2423 .

1301 1591 1523 1684 Sapientiam
1541 1616 1615 1662 esse
1630 1593 1891 1675 adflictionem,
1919 1593 2004 1687 quia
2028 1617 2134 1686 saepe
2160 1596 2302 1665 fallun-

1301 1706 1361 1764 tur
1375 1688 1560 1780 homines,
1577 1697 1609 1765 et
1624 1719 1724 1786 saepe
1740 1719 1812 1766 non
1830 1698 2046 1786 respondent
2063 1709 2220 1768 eventus
2235 1697 2300 1767 bo-

1301 1797 1358 1865 nis
1388 1797 1565 1882 consiliis,
1595 1798 1738 1868 ridetur
1765 1799 1942 1869 deterrere
1973 1791 2139 1872 homines
2168 1823 2190 1868 a
2215 1823 2300 1869 cura

1302 1897 1461 1967 discendi
1488 1913 1522 1970 et
1546 1899 1783 1990 gubernandi.
1842 1894 1919 1970 lmo
1941 1899 2078 1992 inquit,
2104 1897 2299 1994 Praecipio

1303 2013 1344 2070 ut
1375 2000 1538 2085 discatis,
1572 2001 1775 2088 gubernetis
1809 1994 2026 2080 Ecclesiam,
2060 2025 2299 2074 communem

1303 2102 1525 2185 societatem,
1575 2103 1819 2186 oeconomias,
1880 2103 2060 2200 quaeratis
2095 2103 2297 2176 facultates.

1302 2203 1393 2272 Nam
1416 2217 1451 2272 et
1472 2200 1512 2273 hi
1531 2203 1687 2288 labores,
1707 2215 1742 2273 et
1763 2225 1819 2272 res
1843 2201 1958 2294 ipsae,
1984 2227 2071 2296 pax,
2096 2205 2297 2290 facultates,

1302 2319 1386 2377 sunt
1410 2329 1465 2374 res
1493 2307 1626 2390 bonae,
1651 2305 1712 2374 sed
1737 2317 1884 2374 eventus
1904 2304 1984 2376 Deo
2009 2310 2298 2391 commendetur,

1221 2435 1227 2447 ·
1302 2420 1394 2475 srcut
1409 2429 1511 2497 saepe
1530 2407 1599 2474 iarn
1619 2407 1756 2478 dictum
1779 2419 1845 2476 est:
1873 2401 2297 2480 Faciasvoeationisotfi-

267 2471 353 2526 runt
375 2455 545 2538 iniurias,
572 2452 733 2524 inferunt
752 2451 847 2521 bella
871 2451 1015 2541 patriae.
1066 2449 1252 2531 Camillus,
1324 2507 1332 2524 .

267 2556 421 2643 Fabius,
448 2554 570 2656 Scipio
593 2555 746 2628 tolerant
760 2552 921 2627 iniurias.
971 2552 1086 2626 Notus
1104 2569 1155 2625 est
1172 2577 1251 2623 ver-

176 2701 186 2708 ·-
268 2682 345 2744 sus,
380 2653 460 2728 Nou
489 2658 645 2749 ponebat
674 2656 769 2726 enim
792 2677 953 2724 rumores
974 2669 1056 2724 ante
1086 2657 1251 2728 salutem.

267 2760 321 2832 De
355 2755 420 2832 hac
450 2759 723 2830 mansuetudine
757 2757 1001 2828 ettolerantia
1026 2759 1250 2829 dictumest:

267 2861 368 2934 Beati
398 2861 522 2948 mites,
562 2861 645 2954 quia
677 2859 913 2952 possidebunt
941 2871 1084 2932 terram.
1152 2858 1251 2944 item,

265 2964 441 3037 Prorerh.
459 2963 536 3037 lde:
562 2960 698 3032 Melior
712 2974 764 3031 est
779 2961 917 3052 patiens
934 2974 1171 3052 expugnatore
1188 2985 1252 3030 ur-

266 3069 378 3140 bium.
429 3061 515 3138 Ideo
542 3078 576 3136 et
604 3085 756 3158 sequens
792 3063 967 3134 sententia
999 3064 1135 3156 inquit:
1169 3061 1250 3132 Non

268 3169 315 3240 sis
336 3167 438 3239 velox
461 3169 506 3238 ad
532 3167 776 3251 irascendum,
803 3164 888 3258 quia
910 3165 962 3233 ira
987 3165 1026 3233 in
1050 3166 1131 3235 sinu
1149 3165 1250 3235 stulti

268 3271 428 3366 quiescit.
478 3265 528 3342 Et
550 3269 726 3362 plurimae
754 3279 838 3338 sunt
860 3267 1011 3336 traditae
1032 3267 1251 3338 admonitio-

266 3397 330 3445 nes
347 3373 385 3441 in
401 3373 566 3443 omnihus
584 3370 724 3468 scriptis
740 3371 784 3440 de
800 3369 1045 3440 moderatione
1061 3369 1147 3441 irae.
1256 3395 1259 3402 ¹

306 3533 366 3611 Ne
375 3531 490 3624 dicus,
507 3559 571 3608 cur
579 3525 710 3635 priora
726 3544 889 3631 temporo
903 3532 1059 3618 meliores
1068 3533 1255 3633 suerunt?

368 3669 466 3744 llaec
484 3669 684 3742 admonitio
708 3669 812 3740 etiam
840 3671 885 3739 de
907 3670 1076 3761 patientia
1106 3670 1250 3740 concio-

267 3788 385 3848 natur·
434 3769 485 3845 Ut
509 3773 604 3842 enim
622 3765 852 3866 Thucydides
874 3771 992 3864 inquit
1014 3773 1059 3840 de
1078 3771 1250 3860 imperiis,

266 3881 315 3949 ita
337 3878 377 3948 ht
399 3876 658 3975 propemodum
682 3873 720 3943 in
751 3885 826 3942 tota
852 3873 945 3952 vita,
980 3867 1038 3943 aiei
1060 3867 1104 3945 τὸ
1126 3868 1249 3967 παρὸν

265 3975 381 4077 βαρύ.
416 3977 563 4070 Semper
579 3997 743 4070 praesens
756 3985 868 4047 status
883 3975 1066 4045 molestior
1082 3987 1146 4060 est,
1163 3999 1247 4064 pro-

265 4085 350 4185 pius
361 4079 457 4153 enirn
471 4080 676 4151 sentiuntur
687 4078 885 4170 praesentia
896 4077 1134 4151 incommoda.
1163 4073 1247 4146 ldeo

267 4199 302 4256 et
326 4183 478 4254 aliorum
502 4195 662 4275 tempora
687 4181 892 4266 laudamus,
926 4193 961 4250 et
983 4179 1093 4250 alium
1119 4192 1247 4249 statum

142 4291 144 4298 '
266 4286 472 4378 expetimus.
530 4283 702 4354 'Ponenda
727 4293 779 4352 est
806 4295 923 4353 autern
947 4282 1084 4370 regula:
1116 4277 1247 4351 Humi-

266 4387 407 4458 liamiui
428 4387 496 4457 sub
519 4386 656 4478 potenti
682 4407 791 4454 manu
810 4381 897 4466 Dei,
924 4385 961 4453 id
985 4396 1057 4469 est,
1083 4405 1157 4454 non
1176 4383 1247 4452 fre-

265 4492 351 4561 mite
366 4492 534 4560 adversus
545 4489 680 4568 Deum,
708 4486 849 4557 obedite
870 4487 1044 4578 patienter
1066 4487 1104 4554 in
1128 4487 1246 4556 feren-

265 4589 322 4689 dis
345 4593 390 4662 iis
411 4589 598 4674 oneribus,
622 4613 712 4684 quae
734 4586 831 4659 Deus
861 4611 925 4659 suo
951 4589 1079 4682 cuique
1105 4587 1184 4658 ioco
1212 4600 1247 4658 et

265 4709 425 4786 tempore
436 4694 609 4792 imponit,
635 4702 725 4761 secut
741 4688 955 4784 rnqurtlob:
982 4688 1161 4761 Dominus
1183 4692 1246 4759 de-

264 4797 335 4883 dit,
359 4795 538 4867 Dominus
561 4794 725 4878 abstulit‚
749 4793 797 4864 sit
819 4817 951 4878 nomeu
964 4791 1115 4866 Domini
1135 4795 1245 4864 bane·

263 4901 410 4974 dictum.
460 4895 605 4968 Habent
621 4919 681 4967 sua
697 4896 942 4978 incommoda,
956 4894 1136 4988 quaelibet
1154 4910 1244 4966 tem-

262 5025 364 5100 pora.
424 4995 490 5072 Est
519 4998 659 5069 felicior
688 4998 899 5088 gubernatio
926 4997 1096 5084 Davidis,
1136 5002 1243 5091 'quam

261 5098 449 5186 Ezechiae,
476 5114 648 5174 ettamen
671 5094 797 5172 habuit
819 5121 899 5170 sues
920 5101 1146 5171 calamitates.
1196 5095 1244 5170 Et

261 5200 436 5278 Ezechiae
449 5193 535 5275 suae
552 5203 676 5275 aetatis
689 5203 781 5273 mala
805 5203 950 5273 ferenda
972 5217 1065 5276 sunt.
1104 5197 1165 5271 ¹Et
1186 5223 1243 5270 sa-

260 5309 394 5402 pientia
417 5320 470 5378 est
490 5308 637 5378 advena
662 5320 756 5378 recte
777 5307 888 5392 ferre,
915 5328 981 5376 uec
995 5327 1120 5396 augere
1135 5304 1241 5376 stulta

1302 2531 1374 2590 cra,
1397 2521 1431 2578 et
1447 2521 1593 2578 eventus
1608 2504 1683 2576 Deo
1700 2508 1920 2580 commenda.
1973 2506 2058 2579 Ideo
2074 2533 2162 2580 mox
2179 2511 2294 2581 addit:

1302 2606 1495 2680 Considera
1512 2631 1618 2700 opera
1633 2607 1718 2694 Dei,
1745 2607 1828 2702 quia
1846 2633 1951 2679 nemo
1977 2624 2093 2698 potest
2118 2613 2295 2682 directum

1301 2711 1431 2795 facere,
1457 2710 1494 2779 id
1510 2711 1606 2804 quod
1622 2733 1769 2780 currum
1785 2709 1886 2796 fecit,
1906 2711 1945 2780 id
1963 2725 2032 2796 est,
2059 2709 2221 2784 humana
2237 2714 2294 2783 di-

1302 2811 1467 2900 ligentia,
1492 2836 1566 2882 non
1587 2825 1700 2903 potest
1721 2813 1842 2882 omnia
1868 2813 1960 2882 mala
1983 2813 2039 2882 vel
2064 2839 2212 2900 cavere,
2238 2815 2293 2883 vel
2328 2867 2331 2876 .

1302 2935 1446 3004 sanare,
1471 2937 1537 2983 nec
1561 2929 1747 3007 propterea
1771 2913 1970 2984 abiicienda
1994 2928 2046 2986 est
2067 2915 2294 3006 gubernatio,

1302 3016 1363 3085 sed
1387 3012 1463 3085 Deo
1485 3018 1725 3086 obediendum
1752 3017 1791 3084 in
1813 3015 2018 3101 vocatione,
2043 3032 2077 3088 et
2101 3013 2192 3090 haec
2212 3018 2291 3087 dul-

1302 3140 1442 3188 crssrma
1465 3119 1661 3189 consolatio
1685 3118 1858 3202 tenenda,
1884 3142 1990 3210 quam
2009 3118 2145 3192 Paulus
2161 3143 2291 3213 propo-

1303 3219 1374 3290 nit:
1398 3216 1479 3289 Nou
1495 3219 1613 3290 inanis
1628 3234 1678 3290 est
1697 3219 1799 3290 labor
1817 3231 1932 3289 vester
1948 3220 1986 3288 in
2002 3219 2179 3294 Domino.

1406 3335 1449 3407 ln
1476 3339 1633 3408 adversis
1660 3361 1744 3408 vero
1777 3359 1878 3406 mens
1907 3360 1983 3408 non
2009 3338 2142 3411 fremat
2169 3353 2288 3410 contra

1302 3433 1432 3509 Deum.
1484 3435 1621 3510 Eodem
1639 3439 1792 3531 pertinet
1806 3460 1957 3532 sequens
1970 3442 2188 3512 consolatio:
2239 3435 2287 3508 In

1305 3533 1363 3609 die
1377 3535 1475 3609 bona
1484 3539 1616 3638 sruere
1629 3537 1754 3626 honis,
1780 3541 1906 3622 idest,
1932 3565 2013 3610 cum
2037 3557 2187 3614 eventus
2208 3555 2288 3612 suut
2326 3545 2327 3548 ’

1304 3642 1470 3726 secundi,
1496 3666 1558 3733 age
1573 3642 1649 3714 Deo
1665 3645 1814 3734 gratias,
1841 3657 1875 3713 et
1889 3667 1931 3712 eo
1948 3643 2042 3712 bono
2064 3649 2199 3728 utaris,
2226 3666 2286 3710 nec

1303 3737 1472 3814 confidito
1495 3748 1602 3816 rebus
1625 3747 1809 3829 secundis,
1843 3767 1910 3814 nec
1932 3737 1998 3813 hac
2027 3747 2134 3818 stulta
2161 3743 2285 3815 fiducia

1302 3846 1414 3916 elatus
1430 3847 1581 3936 premite
1599 3847 1687 3918 alios
1704 3858 1765 3916 aut
1780 3866 1923 3915 moveas
1939 3869 2014 3915 non
2030 3851 2228 3929 movenda,
2241 3859 2285 3920 ut

1300 3947 1431 4018 faciant
1451 3947 1604 4034 Xerxes,
1637 3947 1828 4040 Pompeius
1859 3960 1894 4017 et
1921 3947 1983 4016 alii
2008 3951 2133 4035 multi,
2158 3951 2218 4019 sed
2241 3946 2284 4015 sis

1301 4052 1499 4135 modestus,
1525 4042 1712 4142 praepares
1731 4064 1766 4122 te
1786 4050 1829 4118 ad
1852 4048 1997 4120 ferenda
2016 4053 2182 4137 adversa,
2205 4046 2283 4142 quia

1299 4173 1381 4220 rnox
1399 4165 1503 4222 erunt
1519 4152 1623 4226 vices.

1401 4269 1515 4340 Addit
1535 4283 1652 4341 autem
1677 4293 1837 4354 causam,
1864 4267 1986 4358 Quare
2001 4266 2100 4341 Deus
2117 4269 2202 4342 velit
2225 4263 2283 4336 has

1300 4369 1394 4440 sices
1408 4391 1501 4457 esse,
1527 4395 1589 4460 ne,
1615 4373 1752 4466 inquit,
1778 4364 1944 4442 homines
1958 4373 2153 4442 ‚inveniant
2175 4371 2282 4450 aliud,

1298 4472 1421 4558 idest,
1447 4497 1570 4546 nesus
1588 4475 1791 4548 curiositate
1813 4473 1853 4542 in
1875 4475 1983 4544 rebus
1996 4475 2163 4546 secundis
2178 4493 2281 4564 quae·

1297 4590 1376 4647 rant
1393 4575 1614 4662 inconcessa,
1640 4578 1730 4646 sicut
1744 4570 2039 4667 Bellerophontes
2052 4576 2165 4646 elatus
2180 4573 2280 4641 rebus

1299 4678 1483 4764 secundis,
1515 4677 1650 4770 Pegaso
1677 4679 1756 4748 vult
1782 4677 1876 4749 intra
1897 4677 2035 4748 coelum
2057 4677 2157 4748 ferri.
2214 4669 2283 4748 Sed

1297 4779 1408 4850 simus
1431 4781 1608 4865 modesti,¹
1634 4793 1672 4852 et
1693 4801 1900 4850 maneamus
1919 4779 2019 4850 ‘intra
2049 4789 2159 4850 metae
2181 4795 2278 4844 voct-

1296 4880 1424 4968 tionis,
1448 4895 1482 4952 et
1496 4885 1734 4971 reprimamur
1749 4894 1847 4952 metu
1877 4903 2030 4972 poenae,
2054 4903 2146 4975 quae
2166 4871 2279 4967 sequi·

1296 4996 1357 5054 tur
1379 4984 1627 5070 insolentiam,
1658 4982 1896 5067 iniustitiam,
1929 4983 2184 5073 neglectioaesn
2213 4996 2274 5044 vo·

1295 5086 1444 5158 cationis
1459 5099 1524 5157 etc.
2015 5147 2020 5150 .

1396 5203 1573 5295 Proponit
1585 5203 1690 5274 etiarn
1705 5201 1967 5273 consolationes
1985 5203 2022 5272 in
2037 5200 2141 5270 rebus
2155 5195 2272 5264 adver-

1295 5307 1362 5400 sis,
1388 5303 1442 5378 Ne
1459 5302 1623 5378 homines
1637 5305 1736 5376 aliud
1752 5305 1960 5392 inveniant,
1983 5306 2020 5374 id
2037 5316 2108 5388 est,
2130 5321 2174 5368 ne
2191 5311 2271 5363 coa-
