4616 5818
128 393 134 400 ,
257 301 328 392 stos
355 315 476 405 recipi.
541 311 647 388 Rom.
669 314 721 390 b:
755 313 877 386 Gratis
906 316 1136 388 iustificantur
1158 320 1240 393 lide.

253 135 325 254 eet
847 136 973 216 autt.
998 139 1114 221 unt.
1141 95 1678 228 maurianensem.
2192 161 2262 237 eu

1391 317 1462 392 Sed
1490 313 1550 392 bic
1575 322 1744 395 debemtn
1767 323 1900 398 intueri
1922 327 2051 398 animis
2071 327 2260 400 doctrinam

257 420 362 492 Item:
403 418 505 491 Beati
537 431 689 514 quorum
719 419 883 488 remissae
911 432 992 489 sunt
1023 419 1239 513 iniquitates.
1289 416 1494 512 Evangelii,
1517 445 1608 516 quae
1629 425 1799 518 praecipit
1821 430 1867 498 de
1890 429 1978 516 lide,
2003 430 2092 501 sieut
2114 431 2184 499 iam
2207 431 2260 500 di·

257 521 364 607 ltem,
387 519 454 592 tibi
472 543 549 591 sum
565 533 702 590 tantum
721 532 891 612 peccator.
941 519 1049 606 Item,
1076 515 1239 594 hocloco
1290 537 1385 593 ctum
1398 537 1459 594 est.
1486 521 1668 595 Debemus
1681 527 1786 596 etiarn
1801 527 1934 602 intueri
1950 525 2260 602 ltancCananaeatn

257 623 408 694 'conferri
430 624 559 694 debent
577 636 754 710 peecatum
770 633 803 690 et
819 620 941 709 gratia.
991 619 1240 724 SicutPaulus
1291 625 1512 714 magistram,
1546 649 1636 718 quae
1661 629 1809 700 refutata
1831 631 2041 721 indignitate
2061 645 2096 702 et
2117 631 2262 723 particu-

257 727 392 797 coniert
409 721 577 797 Roma:
605 719 728 792 Gratia
745 723 910 792 exuberat
925 744 1030 813 snpra
1045 738 1239 814 peccatum.
1290 725 1427 796 latitate
1449 727 1679 799 ratiocinatur
1701 731 1953 820 promissiones
1973 756 2049 804 non
2070 747 2202 803 tantum
2221 733 2260 800 ad

257 827 376 899 Pluris
404 827 464 896 fiat
491 823 606 895 Filius
634 819 717 906 Dei,
751 838 785 894 et
813 823 1019 894 sacrificium
1048 823 1133 895 Filii
1161 825 1239 908 Dei,
1292 824 1398 900 lsrael
1415 829 1609 919 pertinere,
1631 831 1692 900 sed
1707 830 1869 903 etiamad
1885 847 2015 924 gentes.
2067 831 2193 916 Canes,
2211 831 2262 898 in·

257 953 362 1023 quam
398 939 558 998 nostrum
594 937 794 1016 peceatum,
832 938 871 994 ut
905 937 1099 998 statuamus
1136 929 1240 998 nobis
1290 929 1386 1018 quit,
1410 931 1521 998 edunt
1541 931 1584 998 de
1607 931 1719 1002 micis.
1771 930 1825 1003 Ita
1849 936 1993 1006 excitata
2016 935 2086 1004 fide
2107 935 2263 1002 invocare

256 1029 411 1126 ignosci,
437 1027 570 1098 remitti
594 1038 792 1117 peccatum,
815 1039 848 1096 et
868 1025 1080 1118 incipiamus
1094 1030 1238 1100 obedire
1290 1026 1404 1098 Deum
1430 1029 1469 1098 in
1492 1030 1672 1118 agnitione
1687 1030 1775 1102 Filii
1796 1033 1872 1104 eins
1895 1037 2074 1107 debemus.
2124 1029 2170 1104 lta
2185 1027 2263 1100 haee

255 1131 345 1206 Deo.
402 1128 480 1201 Hae
509 1141 593 1201 etant
623 1128 743 1198 lirmae
773 1142 806 1198 et
836 1151 938 1198 verae
969 1129 1240 1218 consolationes,
1289 1130 1376 1200 fides
1397 1155 1437 1200 ac
1458 1131 1636 1203 invocatio
1657 1132 1696 1202 in
1712 1128 1768 1202 bis
1790 1137 1853 1230 qui
1877 1151 1987 1228 agunt
2009 1131 2263 1229 poenitentiam,

256 1249 379 1307 contra
392 1231 622 1304 tentationem
638 1231 681 1296 de
697 1229 919 1318 indignitate.
1290 1245 1341 1301 est
1370 1253 1529 1302 summus
1551 1234 1668 1304 cultus
1689 1231 1773 1322 Dei,
1803 1251 1838 1308 et
1860 1239 2067 1330 praecipuus
2087 1233 2262 1314 Ecclesiae,

357 1334 479 1405 Altera
497 1332 677 1403 concurrit
691 1333 735 1399 de
750 1332 931 1406 electione.
958 1329 1052 1419 Quia
1067 1329 1241 1420 homines,
1290 1332 1379 1403 sicut
1404 1326 1462 1403 bic
1483 1333 1631 1405 dicitur:
1658 1330 1694 1405 0
1716 1336 1847 1406 mulier
1870 1362 1994 1428 magna
2017 1352 2069 1408 est
2094 1337 2176 1404 fides
2197 1345 2262 1402 tna.

256 1461 337 1507 cnm
360 1437 483 1506 vident
505 1435 604 1505 reiici
628 1433 758 1501 multos
781 1433 871 1501 bene
894 1433 1058 1518 meritos,
1087 1449 1126 1505 nt
1147 1433 1237 1506 Sau-
1290 1429 1337 1503 Et
1366 1428 1459 1503 banc
1486 1457 1561 1504 non
1584 1459 1658 1506 esse
1679 1437 1837 1523 irritam,
1870 1442 1930 1509 sed
1957 1440 2145 1530 impetrare
2169 1435 2263 1511 bona,

255 1537 345 1618 lem,
371 1539 591 1626 Augustum,
617 1533 843 1616 Ciceronem,
867 1549 901 1605 et
924 1535 1033 1623 recipi
1055 1537 1160 1627 longe
1176 1541 1240 1606 de·
1291 1528 1377 1604 baec
1398 1536 1473 1627 ipsa
1496 1561 1563 1605 vox
1585 1549 1747 1608 testatur:
1775 1537 1854 1611 Fiat
1876 1541 1944 1614 tibi
1967 1542 2059 1612 sieut
2074 1537 2147 1623 vis,
2175 1535 2262 1603 luxit

256 1640 420 1724 teriones,
445 1654 485 1711 ut
499 1634 768 1727 Magdalenam‚
794 1635 967 1705 latronem
988 1635 1026 1704 in
1051 1663 1154 1709 cruce
1175 1654 1239 1710 etc.
1291 1636 1399 1706 illud:
1427 1633 1558 1722 Petite,
1583 1639 1618 1708 'et
1633 1639 1823 1732 accipietis.

256 1743 439 1833 disputant
460 1743 503 1810 de
519 1737 813 1831 particularitate,
839 1735 1020 1822 videlieet,
1045 1736 1160 1809 Deum
1175 1736 1240 1811 ha·
1392 1735 1702 1828 Proponiturergo
1712 1742 1865 1812 nobisin
1874 1735 2263 1828 hocllvangelioexern·

116 1833 125 1846 ’
256 1846 339 1934 bere
354 1843 530 1936 quendam
548 1840 744 1927 catalogum
761 1863 896 1924 eornm,
921 1863 1010 1931 quos
1027 1843 1110 1913 velit
1125 1843 1239 1913 salvos
1291 1837 1389 1929 plum
1413 1838 1494 1908 fidei
1517 1837 1705 1911 eluctantis
1721 1866 1763 1911 ex
1777 1843 1992 1932 gravissimis
2007 1835 2262 1914 tentationibus,

162 1941 165 1948 ’
256 1944 387 2029 facere,
420 1958 573 2014 caeteros
604 1965 687 2010 vero
719 1940 868 2030 negligi,
897 1942 988 2015 sicut
1011 1967 1126 2018 canes.
1187 1942 1239 2016 Ita
1291 1952 1324 2011 et
1337 1940 1430 2009 bona
1449 1941 1688 2031 impetrantis,
1712 1957 1752 2014 ut
1770 1967 1836 2014 nos
1850 1967 1990 2037 qnoque
2003 1943 2176 2012 discamus
2191 1933 2262 2002 rin·

256 2046 421 2116 tribuunt
439 2043 515 2114 Deo
537 2042 841 2134 inaequalitatem,
868 2045 1098 2136 quod'reipsa
1116 2060 1239 2116 estar-
1291 2063 1369 2110 cere
1402 2041 1655 2128 diffidentiam,
1695 2045 1846 2116 excitare
1882 2046 1986 2113 tidem
2013 2055 2048 2116 et
2078 2034 2262 2110 invocatio·

257 2169 377 2217 cusare
400 2171 480 2218 eum
504 2145 715 2240 tyrannidis.
767 2141 863 2215 llaec
885 2164 937 2221 est
960 2149 1146 2221 durissima
1162 2164 1238 2219 ten·
1291 2165 1385 2212 nem.
1439 2140 1511 2212 Nee
1533 2137 1704 2213 habemus
1723 2147 1878 2217 minores
1900 2168 2039 2231 causas,
2065 2163 2169 2236 quam
2187 2133 2262 2203 [¹³0⁰

257 2249 356 2321 tatio.

1290 2239 1495 2329 Cananaea,
1527 2267 1617 2337 quae
1640 2243 1778 2318 laborat
1800 2248 1844 2316 de
1866 2247 1936 2316 lilia
1963 2269 2047 2330 sua,
2079 2243 2129 2313 sic
2151 2251 2183 2310 et
2205 2251 2262 2301 11⁰³

359 2349 429 2422 Sed
452 2345 537 2418 huie
559 2343 745 2416 tentationi
768 2351 979 2436 opponenda
1001 2351 1241 2433 aestimarim,
1292 2345 1336 2413 de
1353 2344 1483 2415 nostris
1499 2346 1781 2430 necessitatibus,
1806 2360 1843 2420 et
1859 2349 1903 2418 de
1918 2345 2083 2440 publicis.

257 2451 353 2546 qnod
377 2449 627 2543 promissiones
648 2458 730 2516 sunt
749 2449 975 2525 universales.
1026 2447 1075 2524 Et
1089 2453 1240 2544 diligen·

257 2567 312 2626 ter
329 2553 544 2623 universales
560 2547 779 2636 colligendae
795 2565 895 2637 sunt,
921 2567 961 2625 ut
975 2549 1097 2623 luban.
1113 2553 1166 2624 b:
1192 2551 1240 2626 Ut

257 2655 374 2726 omnis
396 2655 457 2748 qui
479 2653 591 2724 credit
612 2649 651 2718 in
669 2647 822 2737 Filium,
854 2677 929 2724 non
952 2668 1081 2746 pereat.
1135 2655 1239 2726 Item:

257 2755 387 2827 Venite
408 2756 453 2826 ad
475 2779 531 2825 me
546 2773 679 2825 omnes.
731 2752 836 2840 Item,
862 2753 966 2828 Rom.
986 2757 1058 2828 tn:
1081 2755 1177 2828 Dens
1190 2771 1239 2828 est

258 2857 353 2928 idern
372 2859 557 2937 omnibns,
583 2855 682 2924 dives
698 2853 737 2922 in
752 2879 873 2928 omnes
888 2858 1091 2930 invocantes
1107 2881 1154 2933 se.
1221 2849 1228 2862 ’

358 2956 440 3028 Huc
467 2958 680 3047 adiungatur
707 2960 913 3030 mandatum
936 2959 1175 3044 immutabile,
1206 2975 1240 3032 et

258 3061 353 3154 quod
368 3061 473 3149 longe
487 3059 641 3151 positam
654 3069 722 3141 est,
748 3081 852 3150 supra
868 3085 991 3132 omnes
1006 3063 1114 3153 leges,
1139 3063 1240 3132 vide-

258 3161 358 3242 licet,
384 3161 479 3253 quod
495 3160 686 3253 praecipit,
713 3174 752 3230 ut
768 3185 890 3232 omnes
905 3163 1240 3247 credantFilioDei‚

259 3277 292 3332 et
315 3257 399 3331 huic
423 3262 589 3334 mandato
616 3283 754 3330 necesse
776 3277 827 3332 est
849 3288 972 3334 omncs
985 3266 1240 3356 obtemperare.

258 3363 333 3433 Nec
358 3385 424 3432 nos
455 3387 641 3457 quaerere,
674 3376 734 3432 ant
757 3365 905 3435 scrutari
929 3366 1145 3436 voluntatem
1170 3367 1239 3437 Dei

259 3465 445 3545 debemus,
470 3465 623 3558 seposito
648 3459 714 3534 boc
737 3467 924 3557 mandato,
950 3482 985 3539 et
1002 3467 1138 3538 reiectis
1156 3494 1238 3558 pro·

214 3641 216 3646 ¹
259 3564 498 3634 missionibus.
565 3563 612 3636 Et
636 3588 715 3632 curn
740 3562 904 3636 Cbristus
923 3569 1031 3638 dicat:
1063 3567 1140 3659 Ego
1163 3593 1239 3640 sum
1293 3617 1301 3632 ·

259 3667 336 3746 via,
363 3667 510 3749 veritas,
536 3679 570 3735 et
584 3665 667 3738 vita.
718 3663 823 3735 Item:
851 3666 923 3756 Qui
940 3669 1118 3750 videtme,
1145 3671 1241 3743 videt

260 3782 293 3838 et
317 3781 469 3856 patrem,
500 3767 664 3836 voluntas
679 3761 748 3835 Dei
765 3769 959 3838 necessario
975 3774 1175 3860 quaerenda
1192 3788 1240 3843 est

259 3871 298 3938 in
313 3867 408 3938 Filio
430 3868 533 3938 nobis
555 3869 705 3946 donato,
732 3881 765 3937 ct
780 3861 994 3960 Evangelio,
1018 3873 1113 3966 quod
1129 3871 1242 3944 Filius

258 3969 327 4042 Dei
341 3996 382 4040 ex
399 3971 479 4040 sinu
495 3969 604 4061 patris
620 3966 777 4056 protulit.

361 4070 435 4142 Has
457 4069 716 4146 consolationes
737 4069 1021 4157 meminerimus,
1050 4086 1091 4143 ut
1110 4069 1242 4142 habea-

259 4196 338 4243 mus
349 4173 467 4242 lirmss
481 4172 709 4242 refutationes
722 4171 866 4240 illarum
880 4173 1127 4258 tentationum,
1153 4196 1243 4268 quae

259 4274 495 4366 plurimorum
509 4272 645 4343 animos
660 4287 838 4356 exercent,
864 4287 897 4344 et
913 4275 1071 4366 quotidie
1085 4276 1123 4344 in
1139 4276 1242 4345 invo-

258 4377 396 4447 catione
415 4375 631 4465 proieramns
647 4368 712 4442 bas
728 4375 1000 4448 consolationes.

359 4473 450 4545 Nam
474 4475 502 4544 si
526 4473 719 4565 inspexeris
737 4473 893 4544 animum
909 4490 1029 4559 tuum,
1056 4475 1193 4546 videbis
1206 4490 1241 4547 te

257 4573 315 4648 bis
345 4576 483 4646 duabus
510 4575 768 4646 tentationibus
797 4575 983 4665 impediri,
1015 4601 1060 4647 ne
1088 4577 1241 4665 invoces,

257 4679 340 4773 quia
373 4677 503 4766 cogitas
532 4691 566 4748 te
598 4677 783 4765 indignum
815 4701 900 4752 esse.
960 4677 1068 4770 Item,
1110 4679 1239 4769 cogitas

255 4781 370 4854 Deum
386 4801 467 4850 suos
482 4779 654 4873 quosdam
669 4777 833 4866 elegisse,
858 4792 892 4851 te
908 4805 991 4850 vero
1010 4780 1152 4870 negligi.
1192 4777 1239 4850 Et

256 4885 428 4952 accedunt
452 4875 523 4950 ltnc
547 4875 701 4949 humana
728 4894 950 4966 argumenta,
978 4883 1060 4975 quia
1085 4905 1157 4951 non
1180 4904 1239 4949 su-

256 5006 336 5052 anus
359 5006 459 5073 pares
481 4975 666 5061 Abrahae,
691 4977 809 5062 Elias,
832 4979 992 5066 Elisaeo,
1017 4981 1180 5066 Danieli,
1206 4997 1239 5053 et

256 5085 451 5169 similibus,
482 5107 603 5154 sumus
625 5081 834 5160 imbecilles,
868 5083 944 5152 sine
967 5083 1103 5170 magnis
1125 5083 1239 5168 donis,

255 5187 331 5255 sine
362 5185 568 5268 autoritate,
603 5185 682 5253 ideo
713 5183 842 5273 negligi
867 5207 932 5254 uns
955 5185 1170 5270 iudicamus,
1204 5199 1238 5256 et

253 5286 496 5384 desperatione
512 5287 663 5386 quadam
682 5285 877 5358 omittimus
895 5286 1169 5362 invocationem.

1342 4655 1436 4738 Cum
1443 4667 1563 4767 sartis
1576 4679 1745 4742 armatus
1759 4668 1914 4742 custodit
1928 4667 2067 4739 atrium
2082 4675 2207 4739 suum,

1358 4889 1363 4902 ·
1392 4869 1466 4940 tior
1489 4895 1528 4943 eu
1553 4875 1807 4969 superveniens
1832 4872 1951 4944 vicerit
1971 4896 2070 4957 eum,
2104 4855 2264 4936 universa

1588 2545 1811 2634 Dominioa
1843 2541 1978 2635 Oculi
2074 2669 2078 2684 ν

1555 2691 1791 2786 Evangelinm
1815 2695 1931 2768 Lucae
1950 2697 2009 2774 tt.

1343 2837 1398 2912 Et
1433 2850 1512 2912 erat
1538 2840 1683 2914 eiiciens
1716 2840 1968 2943 daemonium,
2009 2834 2046 2916 el
2072 2829 2264 2912 illuderet

1392 2951 1543 3018 mutum.
1604 2939 1762 3016 Factum
1791 2955 1842 3017 est
1873 2956 1994 3017 autem
2023 2961 2165 3042 egressa
2186 2925 2264 2999 dat·

1394 3043 1535 3128 monia‚
1576 3042 1717 3117 loeutus
1746 3055 1797 3116 est
1823 3057 1962 3129 mutus,
2004 3054 2041 3118 et.
2066 3033 2264 3116 admiratae

1395 3153 1482 3216 sunt
1505 3145 1647 3223 turbae.
1693 3141 1861 3244 Quidum
1883 3156 2004 3219 autern
2026 3163 2075 3220 etc
2095 3143 2147 3214 eis
2169 3129 2264 3204 dirt-

1394 3257 1497 3318 runt:
1525 3245 1575 3318 In
1593 3244 1795 3319 Beelzebub
1816 3249 1981 3347 principe
1998 3235 2263 3341 daemoniorum

1392 3347 1489 3419 eiicit
1504 3345 1714 3425 daemonia.
1765 3347 1848 3421 Alii
1859 3361 1980 3421 autem
1999 3351 2193 3422 lentsales,
2216 3351 2265 3400 5¹·

1391 3473 1507 3544 gnum
1537 3446 1580 3521 de
1609 3449 1705 3524 coelo
1734 3451 1959 3552 quaerebant
1990 3450 2039 3522 ab
2072 3471 2122 3522 ea·
2188 3429 2265 3546 [Pii

1392 3560 1514 3621 autem
1536 3551 1653 3624 sciens
1674 3552 1912 3650 cagitationes
1926 3577 2070 3642 earum,
2096 3537 2267 3620 diuites:

1395 3645 1513 3724 Omne
1530 3677 1680 3750 regnum
1696 3663 1822 3726 eontra
1837 3654 1996 3754 seipsum
2011 3650 2188 3726 divisam,

1393 3752 1598 3842 solabitur,
1631 3765 1663 3826 et
1693 3751 1823 3828 damus
1852 3780 1967 3854 supra
1990 3751 2141 3828 domum
2161 3729 2267 3814 wdal-

1373 3851 1442 3946 ,Si
1464 3866 1585 3926 autem
1607 3865 1640 3928 et
1660 3854 1831 3929 Satanas
1850 3867 1979 3930 contra
2000 3858 2159 3957 seipsum
2181 3826 2266 3946 (ἦρξ’

1398 3979 1463 4025 sus
1478 3966 1546 4043 est,
1569 3954 1750 4056 quomodo
1764 3959 1879 4030 stabit
1894 3983 2044 4056 regnum
2062 3950 2163 4030 eius?
2185 3949 2266 4050 quja

1395 4052 1538 4146 dicitis,
1564 4059 1604 4129 in
1619 4055 1823 4132 Beelzebub
1846 4083 1902 4132 me
1925 4061 2047 4133 eiicere
2068 4051 2266 4152 dacmff‘f'·

1395 4155 1443 4228 Si
1457 4169 1579 4231 autern
1591 4185 1661 4255 ego
1677 4163 1716 4232 in
1732 4159 1934 4235 Beelzebub
1949 4161 2054 4234 eiicio
2068 4153 2267 4248 dormant&

1360 4343 1363 4350 Ι
1381 4254 1469 4353 filii
1485 4262 1594 4333 vestri
1609 4264 1649 4332 in
1664 4287 1736 4364 quo
1753 4263 1930 4336 eliciunt?
1979 4259 2072 4335 [deo
2089 4249 2164 4356 ἐρεῖ
2178 4229 2269 4316 ''ild''

1396 4383 1451 4432 aes
1474 4364 1585 4434 vestri
1606 4375 1723 4441 erant.
1785 4363 1834 4437 Si
1848 4377 1969 4438 autem
1994 4366 2035 4436 in
2057 4354 2175 4456 digito
2199 4325 2270 4412 Dii

1394 4461 1497 4533 eiicio
1527 4462 1742 4551 daemonia,
1775 4469 1938 4569 prosecta
1965 4461 2126 4566 pervenit
2153 4451 2192 4524 lb
2213 4453 2267 4510 ⁰⁰⁸

1394 4587 1546 4658 regnum
1561 4566 1648 4644 Dei.
2231 4635 2267 4704 in

1389 4793 1479 4865 paee
1500 4781 1587 4842 sunt
1603 4794 1646 4842 ea
1662 4797 1757 4873 quae
1770 4767 1943 4869 possidet.
1995 4767 2043 4840 Si
2056 4771 2175 4839 autem
2184 4745 2265 4850 [Μ’

1393 4996 1501 5042 arma
1524 4972 1601 5045 eius
1620 4977 1761 5072 aufert,
1789 4973 1828 5043 in
1842 4973 1977 5073 quibus
1991 4960 2212 5065 confidebat,
2235 4940 2264 5006 α

1389 5070 1512 5170 spolils
1530 5077 1607 5147 eius
1622 5071 1822 5149 distribuit.
1873 5071 1954 5174 Qui
1969 5094 2044 5146 non
2059 5077 2110 5144 ρει
2125 5061 2263 5133 mesum,

1391 5183 1518 5245 ⁶⁹²⁸¹m
1542 5201 1597 5248 ’Μ
1620 5189 1690 5265 ³³¹,
1725 5187 1757 5248 εἰ
1776 5176 1843 5280 qui
1862 5203 1936 5250 non
1960 5171 2103 5275 colligit
2124 5163 2262 5236 mecum,

1389 5273 1579 5378 dispergit.
