4714 5826
260 151 329 226 111
855 133 984 216 enm
1008 133 1127 212 uun·
1158 87 1697 228 mmerasuxsaurtca.
2209 148 2282 222 112

266 348 348 399 snos
369 322 509 392 labores
540 317 671 390 debent
687 315 732 386 ad
760 333 988 384 communem
1017 310 1252 386 consociatio-
1296 313 1394 405 plina
1415 315 1491 386 sine
1519 317 1738 407 poenitentia
1761 332 1795 390 et
1819 318 1888 388 fide
1911 329 1961 388 est
1980 321 2106 390 'cultus
2127 318 2217 405 Dei,
2241 336 2282 393 ut

267 449 368 506 nem,
394 422 487 498 tueri
508 417 833 510 congregationem,
865 437 990 484 carere
1012 437 1057 484 ne
1078 415 1167 485 liant
1180 415 1255 486 dis-
1296 413 1427 490 Matth.
1442 417 1479 492 6.
1499 417 1651 492 dicitur:
1686 417 1764 490 Nisi
1789 420 1927 491 iusticia
1948 435 2062 492 restra
2086 421 2283 494 abundabit

268 529 481 624 ripationes,
505 523 602 594 iuxta
623 521 685 590 illa
702 519 811 589 dicta:
837 515 982 588 Bonum
999 531 1052 588 est
1067 537 1256 588 conserva·
1298 542 1406 611 snpra
1427 515 1702 592 Pharisaeorum
1725 522 1901 594 iusticiam
1923 535 1989 596 etc.
2039 519 2194 614 Oportet
2217 547 2283 595 au·

270 634 405 710 tivum,
440 624 727 716 congregativum
756 632 790 690 et
816 619 1156 690 communicativum
1187 618 1255 690 sni.
1300 635 1371 692 tem
1388 623 1551 694 accedere
1565 624 1606 692 in
1620 627 1725 695 corde
1741 623 1994 722 poenitentiam
2016 638 2050 695 et
2063 625 2169 694 fidem
2192 627 2284 697 acci-

268 729 443 816 Econtra,
467 725 607 798 Malum
624 738 675 795 est
690 722 936 813 dissipativum
950 733 985 790 et
1000 721 1256 792 destructivum
1303 723 1456 816 piantem
1474 724 1718 796 remissionem
1737 741 1958 817 peccatorum
1976 737 2121 820 propter
2138 725 2224 798 Med
2230 729 2283 802 ia-

272 836 348 920 sni,
385 833 445 902 sed
470 825 578 900 homo
605 817 857 904 πλεονεκτικὸς
889 846 974 893 suae
1003 825 1150 896 utilitati
1181 823 1260 894 vult
1303 841 1427 899 torem.
1460 823 1515 895 De
1533 821 1590 896 his
1603 827 1871 898 discriminibus
1885 824 1945 898 hic
1962 829 2194 900 concionatur
2216 829 2283 902 Sa-

172 919 175 930 *
272 934 477 1016 consulere,
504 930 705 1001 etiamtum
721 925 877 1018 pernicie
893 928 1088 998 communi.
1126 922 1168 995 ld
1183 950 1265 996 maa
1304 931 1446 1000 lomon:
1473 929 1551 1000 vult
1575 929 1730 1021 primum
1754 932 1862 1003 corda
1885 931 1960 1021 regi
1982 933 2091 1003 verbo
2115 930 2203 1018 Dei,
2238 935 2286 1003 ti-

273 1041 347 1112 lum
364 1036 550 1126 vituperat.
648 1099 651 1106 ,

324 1193 467 1272 Melior
483 1204 534 1266 est
546 1214 688 1291 pauper
702 1189 852 1289 sapiens
870 1215 950 1287 rege
963 1213 1042 1262 aene
1057 1199 1089 1261 et
1103 1187 1228 1263 stulto.

381 1327 493 1402 Aliud
516 1326 717 1428 exemplum
740 1327 786 1395 de
807 1324 1002 1396 ambitiosis
1031 1338 1066 1395 et
1093 1324 1260 1418 inquietis

276 1439 316 1507 in
332 1431 493 1526 imperio.
535 1427 688 1522 inquieti
705 1428 745 1496 in
763 1427 923 1526 imperiis
939 1429 1042 1498 etiam
1058 1427 1169 1497 multa
1185 1426 1262 1494 sine

280 1535 484 1609 necessitate
498 1535 666 1615 turbant,
681 1554 721 1599 ac
738 1545 858 1620 postea
874 1529 1096 1626 plectuntur,
1114 1527 1263 1611 utSaul,

277 1631 500 1734 Eurystheus
516 1647 550 1704 et
567 1633 629 1703 alii
645 1631 934 1702 innumerabiles.

661 1849 800 1958 Caput
828 1849 885 1930 V.

330 2009 490 2090 Custodi
506 2011 632 2114 pedem
658 2022 760 2084 tunm
783 2009 995 2108 ingrediens
1012 2005 1159 2082 domurn
1177 2006 1266 2096 Dei,

374 2115 412 2190 “el
430 2120 689 2217 appropinqua
708 2125 747 2185 ut
762 2112 914 2188 audias.

379 2269 562 2340 Hic‘redit
585 2268 629 2337 ad
660 2278 867 2364 praecepta,
901 2277 936 2334 et
963 2264 1069 2335 initio
1093 2261 1263 2335 discernit

279 2397 382 2446 veros
394 2372 511 2446 cultus
524 2366 595 2438 Dei
610 2369 655 2437 ab
671 2363 886 2466 hypocritis,
914 2379 949 2436 et
961 2377 1104 2436 revocat
1126 2389 1192 2434 nos
1217 2365 1261 2444 ab

211 2520 216 2527 -
281 2487 424 2549 externa
440 2473 554 2563 specie
569 2468 820 2539 confusionum
836 2461 1075 2536 humanarum
1095 2468 1142 2536 ad
1163 2465 1262 2554 agni-

199 2574 203 2580 ’
281 2581 415 2654 tionem
428 2575 518 2658 Dei,
543 2574 587 2644 ad
613 2568 935 2642 considerationem
953 2569 1204 2642 mandatorum
1228 2580 1262 2636 et
1280 2642 1284 2653 ,

270 2679 557 2775 ,promissionum
573 2673 786 2743 divinarum.
839 2665 892 2741 Ac
906 2671 1090 2740 manifeste
1107 2671 1265 2772 refutan-

280 2799 340 2856 tur
359 2777 467 2851 huius
491 2777 615 2868 capitis
639 2771 842 2866 testimonio
867 2772 998 2861 inepti,
1025 2773 1086 2864 qui
1101 2768 1197 2843 huuc
1219 2770 1264 2837 li-

279 2888 386 2956 brum
404 2879 607 2952 Salomonis
622 2875 846 2946 somniarunt
864 2867 1091 2972 prophanum
1106 2873 1162 2941 vel
1177 2869 1265 2963 Epi-

282 2980 429 3066 cureum
445 3002 645 3050 sermonem
661 2999 744 3046 esse.

382 3085 436 3154 Ac
459 3079 635 3174 principio
659 3080 762 3148 docet
783 3076 1012 3168 praecipuum
1034 3074 1168 3144 cultum
1192 3096 1265 3144 esse

282 3189 406 3261 audire
429 3188 577 3254 verbum
593 3181 687 3265 uei,
712 3181 840 3264 idest,
866 3179 1030 3249 mandata
1055 3189 1091 3245 et
1114 3177 1265 3264 promis-

271 3293 418 3372 siones,
444 3286 539 3356 etin
563 3308 644 3354 vera
668 3283 738 3351 fide
760 3282 906 3351 obedire
928 3280 1037 3347 verbo
1061 3277 1151 3358 Dei,
1176 3276 1266 3347 sicut

283 3386 495 3464 leremiaei.
512 3386 637 3455 iisdem
654 3376 771 3454 verbis
786 3381 1011 3484 praecipitur.
1063 3377 1146 3450 Non
1163 3402 1266 3470 prae-

283 3495 360 3587 cepi
376 3493 410 3563 ei
428 3494 472 3559 de
487 3485 721 3572 holocaustis,
751 3489 811 3553 sed
829 3480 896 3554 hoc
917 3483 1079 3582 praecepi
1095 3481 1161 3550 eis:
1188 3478 1266 3550 Au-

283 3597 357 3668 dite
381 3617 501 3664 vocem
527 3613 661 3673 meam,
694 3602 812 3657 atero
838 3581 1075 3666 vobisDcus,
1113 3584 1268 3654 eteritis

282 3694 374 3768 mihi
387 3694 550 3788 populus.
602 3688 696 3760 Tota
717 3689 826 3780 igitur
850 3687 1012 3758 doctrina
1034 3684 1142 3778 primi
1163 3709 1266 3785 prae-

282 3799 373 3893 cepti
389 3793 448 3868 hic
462 3793 647 3884 cogitanda
663 3804 726 3866 est.
768 3789 841 3862 Nec
856 3790 934 3860 sine
946 3811 1049 3858 causa
1066 3788 1150 3858 lacit
1167 3811 1268 3856 men-

229 3961 236 3968 .
282 3905 415 3975 tionem
441 3899 568 3968 domus
596 3891 676 3968 Dei.
733 3891 985 3970 Monetienim
1013 3904 1053 3960 ut
1076 3904 1268 3982 quaeratur

182 4037 187 4050 ·
284 4004 446 4076 doctrina
463 3995 678 4069 deEeclesia
695 4009 729 4066 et
745 4018 828 4065 vero
844 3993 1064 4082 ministerio,
1090 4005 1124 4062 et
1140 3993 1265 4061 audia-

282 4129 360 4177 mus
378 4107 564 4174 docentem
573 4092 785 4182 Ecclesiam,
807 4097 897 4168 sicut
911 4095 997 4165 alibi
1015 4094 1164 4164 dicitur:
1189 4091 1268 4162 Nisi

153 4255 158 4268 ‚
189 4265 195 4274 .
282 4207 394 4279 vitula
410 4215 653 4275 meaarassent
669 4223 744 4270 non
756 4195 991 4268 invenissent.
1016 4194 1064 4267 Et
1074 4193 1179 4266 Dent.
1193 4193 1266 4264 17.:

282 4309 414 4382 Venias
429 4309 473 4377 ad
483 4304 711 4383 sacerdotem,
729 4315 763 4372 et
779 4294 818 4369 hi
828 4303 977 4370 doceant
990 4309 1025 4368 te
1041 4299 1138 4368 iuxta
1155 4297 1266 4386 legem

197 4487 200 4492 ,
282 4411 367 4497 Dei,
390 4408 454 4483 ubi
470 4427 628 4498 expresse
643 4403 828 4494 coniungit
842 4401 971 4491 Legem
988 4415 1021 4473 et
1038 4399 1226 4511 Doctores.

282 4645 286 4650 .
330 4571 411 4664 Hoc
424 4568 556 4642 melius
572 4578 623 4639 est
638 4591 752 4669 quam
767 4563 967 4638 stultorum
987 4547 1163 4636 victimae.

381 4704 493 4777 Multi
508 4706 599 4775 solas
611 4701 829 4774 ceremonias
844 4701 1025 4770 somniant
1038 4721 1114 4770 esse
1131 4699 1265 4782 cultum

278 4811 364 4894 Dei,
391 4809 482 4880 sicut
495 4803 642 4876 Ethnici
659 4806 814 4876 colentes
830 4800 946 4875 Deum
972 4802 1147 4892 gestibus,
1173 4800 1265 4872 sicut

1305 1054 1403 1100 more
1419 1044 1454 1101 et
1469 1030 1549 1106 lide.

1405 1163 1554 1261 Semper
1566 1181 1684 1239 autem
1697 1167 1864 1239 usitatum
1882 1163 1951 1240 suit
1971 1173 2153 1242 cumulare
2179 1173 2289 1241 sacri-

1303 1268 1396 1349 ficia,
1422 1281 1456 1338 et
1470 1269 1586 1340 varios
1603 1269 1719 1340 cultus
1732 1272 1964 1358 comminisci,
1990 1287 2094 1366 atque
2107 1274 2155 1343 ita
2172 1297 2286 1344 avoce

1307 1367 1374 1438 Dei
1402 1370 1639 1443 discesserunt
1666 1366 1835 1458 Ethnici,
1868 1368 2069 1460 Pharisaei,
2103 1371 2286 1445 Monachi.

1310 1467 1409 1542 lianc
1430 1473 1612 1542 audaciam
1633 1469 1790 1544 hominis
1811 1477 1957 1547 damnat
1985 1489 2021 1547 et
2049 1476 2212 1546 adfirmat
2234 1491 2290 1547 te-

1312 1585 1401 1644 trum
1416 1589 1595 1665 peccatum
1613 1598 1699 1660 esse,
1725 1575 1863 1646 etiamsi
1878 1570 2040 1648 homines
2055 1573 2148 1648 hanc
2164 1602 2290 1670 super—

1314 1675 1487 1749 stitionem
1504 1690 1630 1767 putant
1645 1700 1718 1748 esse
1740 1677 1967 1749 excellentem
1982 1680 2160 1750 virtutem.
2202 1679 2289 1750 ldeo

1314 1778 1423 1849 aldit:
1449 1771 1629 1850 Nesciunt
1646 1778 1988 1878 quantumsaciant
2002 1779 2111 1854 mali.

1339 1954 1422 2032 'Ne
1434 1959 1486 2030 sis
1508 1957 1615 2030 velox
1627 1955 1917 2058 adloquendum
1937 1969 2004 2032 out
2024 1929 2292 2064 proferendum

1410 2085 1621 2134 sermonem.

1413 2209 1529 2284 Antea
1552 2211 1657 2284 iussit
1670 2237 1736 2283 nos
1752 2214 1894 2298 audire,
1919 2215 2070 2301 discere,
2093 2217 2294 2289 deliberare

1312 2340 1353 2384 ex
1372 2317 1479 2385 verbo
1506 2312 1593 2399 Dei,
1631 2315 1728 2386 iuxta
1754 2316 1907 2384 dictum:
1946 2315 2109 2388 Lucerna
2139 2321 2294 2420 pedibus

1313 2415 1399 2484 meis
1417 2417 1563 2508 uerbum
1588 2428 1701 2486 tuum.
1744 2413 1812 2486 Hic
1844 2417 1946 2488 addit
1965 2442 2185 2520 consequens
2216 2423 2294 2496 eius

1313 2514 1522 2597 sententiae,
1547 2514 1638 2587 Cum
1660 2517 1881 2587 audiendum
1895 2520 1940 2591 sit
1956 2521 2103 2590 verbum
2122 2519 2209 2609 Dei,
2236 2549 2292 2594 se-

1314 2617 1437 2712 quitur
1451 2614 1654 2707 prohibitio,
1669 2642 1714 2689 ne
1729 2619 1815 2712 quid
1833 2621 1970 2706 doceas,
1987 2623 2168 2720 adlirm'es,
2184 2627 2293 2698 iacias

1313 2731 1434 2790 eontra
1452 2721 1595 2790 verbnm
1610 2718 1697 2806 Dei,
1713 2735 1754 2792 ut
1768 2716 1933 2808 Ethnici,
1947 2719 2143 2810 Pharisaei,
2159 2723 2294 2819 Papae,

1315 2813 1502 2899 Monachi,
1521 2823 1695 2894 inserunt
1708 2822 1823 2895 cultus
1839 2836 1875 2893 et
1886 2825 2035 2896 numina
2051 2830 2198 2898 verbum
2208 2828 2292 2902 Dei.

1313 2922 1578 3012 samosatenus,
1605 2923 1732 3008 Arius,
1758 2925 1988 2996 audacissime
2003 2928 2182 3000 finxerunt
2202 2933 2293 3022 dog-

1314 3036 1408 3094 mata
1431 3037 1553 3094 contra
1576 3029 1720 3100 verbum
1744 3023 1833 3113 Dei,
1868 3028 1918 3097 sic
1941 3028 1982 3097 in
2004 3028 2095 3100 lacto
2118 3031 2294 3104 Absalon.

1315 3121 1495 3196 Antonius
1511 3138 1545 3195 et
1561 3131 1662 3200 multi
1678 3127 1740 3198 alii
1756 3143 1943 3199 moverunt
1960 3131 2108 3220 imperia
2133 3133 2209 3202 sine
2228 3162 2293 3205 vo-

1314 3228 1450 3300 catione
1471 3241 1506 3298 et
1527 3240 1649 3299 contra
1670 3229 1817 3299 verbum
1834 3221 1911 3300 Dei.
1963 3230 2071 3301 losias
2086 3259 2294 3328 qrranquam

1314 3331 1370 3400 vir
1391 3346 1550 3413 sanctus,
1584 3343 1702 3400 tamen
1730 3330 1850 3420 lapsus
1880 3346 1949 3417 est,
1980 3357 2127 3405 movens
2156 3337 2293 3408 bellum

1314 3457 1389 3503 uon
1405 3431 1651 3504 necessarium.
1705 3429 1827 3522 ltaque
1842 3429 1970 3504 dictum
1986 3433 2189 3508 Salomonis
2205 3464 2295 3510 con-

1315 3535 1478 3605 cionatur
1496 3534 1664 3604 omnibus
1678 3529 1898 3614 hominihus,
1926 3551 1966 3606 ut
1979 3537 2127 3610 audiant
2143 3545 2294 3612 verbum

1315 3635 1401 3718 Dei,
1428 3632 1522 3704 nihil
1545 3636 1734 3704 adfirment
1758 3633 1797 3702 in
1817 3628 1987 3722 Ecclesia,
2020 3643 2115 3731 quod
2142 3666 2215 3711 non
2239 3661 2294 3716 est

1315 3765 1335 3810 a
1350 3739 1426 3812 Deo
1444 3739 1630 3809 traditum:
1658 3733 1733 3805 no'n
1747 3751 1905 3808 moveant
1921 3737 2070 3830 imperia
2095 3743 2296 3816 sine'voca-

1316 3841 1413 3912 tione
1435 3855 1470 3911 et
1491 3841 1568 3909 sine
1591 3839 1805 3908 necessitate.
1863 3837 1916 3910 tie
1938 3842 2024 3914 dicit
2045 3841 2188 3915 Petrus:
2217 3845 2294 3936 Qui

1316 3945 1498 4037 loquitur,
1534 3943 1704 4034 loquatur
1726 3940 1869 4009 oracula
1885 3939 1973 4027 Dei,
2006 3947 2139 4016 scilicet
2165 3949 2202 4015 in
2226 3953 2297 4020 do-

1316 4049 1451 4130 cendo,
1476 4059 1510 4114 et
1533 4044 1595 4136 qni
1612 4042 1856 4123 administrat,
1882 4047 2099 4117 administret
2120 4063 2296 4142 tanquam

1317 4171 1357 4216 ex
1381 4147 1530 4227 virtute,
1558 4169 1664 4238 quam
1687 4144 1888 4235 suppeditat
1907 4144 2021 4229 Deus,
2049 4149 2086 4217 id
2112 4165 2183 4235 est,
2216 4179 2296 4222 ma-

1316 4263 1399 4320 neat
1421 4249 1514 4319 intra
1537 4262 1648 4317 metas
1667 4248 1882 4327 vocationis,
1906 4257 2007 4342 'puam
2023 4251 2124 4320 Deus
2137 4255 2297 4344 adiuvat,

1316 4353 1379 4446 qui
1396 4375 1470 4422 non
1488 4351 1564 4420 vult
1580 4351 1703 4421 iuvare
1719 4371 1782 4419 sua
1800 4350 1994 4422 curiositate
2010 4345 2305 4452 tentantes'alie-f,

1315 4479 1362 4524 na
1378 4479 1399 4526 a
1416 4453 1620 4538 vocatione,
1634 4452 1729 4522 iuxta
1746 4452 1856 4524 illud:
1883 4450 2180 4527 CemmendaDeo
2198 4431 2297 4529 viarii

1316 4571 1425 4637 tuam,
1441 4569 1475 4626 et
1491 4556 1567 4649 ipse
1583 4555 1697 4629 faciet.
1733 4551 1829 4626 Haec
1844 4555 1931 4628 dicta
1939 4553 2037 4627 Petri
2052 4582 2195 4649 prorsus
2211 4586 2296 4630 cum

1317 4655 1478 4732 hocloco
1496 4657 1702 4732 Salomonis
1715 4672 1922 4746 congruunt

1406 4793 1520 4867 Addit
1531 4808 1649 4866 antem
1659 4793 1965 4865 comminationem
1978 4792 2148 4865 Salomon
2161 4825 2169 4869 :
2185 4793 2296 4870 Deus

278 4915 442 4983 nominat
468 4907 590 4988 Plato,
631 4904 773 4978 Horum
799 4903 952 4976 stulticia
983 4904 1170 4974 manifesta
1203 4914 1265 4989 cst,
1314 4898 1355 4969 in
1369 4894 1467 4968 coelo
1481 4905 1555 4987 est,
1580 4895 1617 4967 id
1636 4909 1704 4982 est,
1732 4909 1783 4967 est
1803 4897 1996 4985 inspector,
2023 4899 2128 4968 iudex
2152 4915 2188 4970 et
2211 4905 2297 4972 vin.

278 5015 361 5109 quia
381 5015 436 5084 lex
450 5011 554 5081 dicit:
579 5007 714 5098 Diliges
737 5003 936 5079 Dominum
951 5003 1071 5077 Deum
1097 5017 1198 5077 tuum
1221 5029 1263 5074 ex
1313 5004 1390 5076 der.
1442 4998 1573 5071 Psalm.
1596 4999 1676 5074 32:
1705 4995 1812 5070 Videt
1830 5021 1954 5069 omnes
1972 4997 2065 5069 lilios
2090 4995 2297 5088 hominum,

277 5129 352 5187 toto
376 5115 493 5183 corde.
515 5173 518 5186 .
541 5107 622 5190 Alii
647 5135 726 5181 cum
750 5133 825 5182 non
851 5121 1044 5199 agnoscant
1068 5131 1144 5177 non
1164 5108 1263 5178 solli·
1312 5104 1479 5194 iutelligit
1494 5103 1615 5172 omnia
1630 5125 1736 5194 opera
1752 5121 1883 5173 eornm.
1936 5102 2040 5173 ltem:
2061 5100 2194 5174 Reddit
2209 5111 2296 5176 uni-v

157 5303 159 5311 k
277 5241 355 5288 cere
375 5215 608 5299 ceremonias,
622 5213 816 5313 'postulant
837 5224 1017 5283 externam
1034 5210 1260 5302 disciplinam
1315 5207 1443 5302 cuique
1462 5208 1560 5278 iuxta
1576 5228 1681 5297 opera
1699 5225 1830 5273 eorrrm.

274 5343 422 5414 operum
445 5317 656 5402 moralium,
683 5331 722 5388 ut
743 5310 947 5398 Pharisaei,
977 5314 1037 5384 sed
1064 5337 1129 5383 nec
1153 5313 1260 5384 disci·
1648 5313 1657 5320 '
