4674 5822
248 181 346 272 nrt
755 285 759 294 Ι
842 188 970 270 ruit.
995 183 1114 269 Man.
1143 189 1355 268 SCRIPTA
1382 186 1686 268 nxuourtcs.
2184 203 2280 280 1172

247 368 381 439 iudicio
411 351 673 459 simplicissima
708 379 760 436 est
789 360 877 434 hoec
909 353 1102 436 sententia:
1133 355 1241 438 'Suu't
1288 365 1358 436 fide
1388 381 1516 438 nonant
1537 364 1744 454 Christum,
1776 370 1865 463 quid
1897 372 1954 440 via
1985 385 2038 442 est
2061 377 2107 444 ad
2130 390 2281 466 patrem;

247 471 470 562 mansiones,
500 465 633 540 scilicet
655 467 720 539 ubi
745 480 845 557 pater
865 468 1056 556 glorificat,
1089 471 1149 537 sed
1172 463 1239 538 hae
1289 483 1419 539 norant
1444 484 1478 540 et
1502 482 1657 562 patrem,
1684 474 1782 564 quod
1799 474 1971 544 vidissent
1986 477 2178 562 miracula,
2204 482 2280 571 qui·

247 572 449 643 mansiones
472 575 635 642 nondum
659 571 843 641 absolutae
859 584 962 655 sunt,
990 571 1073 661 quia
1090 593 1239 662 regnum
1289 572 1355 640 bus
1376 572 1438 641 ille
1460 573 1534 642 tilio
1558 574 1799 644 testimonium
1819 573 2013 666 perhibuit.
2065 577 2161 650 llaec
2179 582 2279 652 fidem

246 675 373 745 mortis
403 675 564 744 nondum
595 686 648 742 est
678 685 897 744 evacuatum.
956 670 1096 741 Deinde
1127 677 1239 757 docet,
1287 673 1326 740 in
1349 667 1604 764 Apostolorum
1637 677 1806 746 cordibus
1835 679 2020 766 aluerant,
2052 695 2176 774 estque
2200 679 2280 754 haec

247 800 320 868 quo
344 777 452 845 modo
475 776 727 863 absolvantur,
753 798 833 844 cum
859 775 961 844 dicit:
987 773 1072 844 Ideo
1093 775 1167 842 dixi
1182 799 1239 842 me
1288 775 1354 844 filii
1384 792 1418 848 ct
1451 779 1562 866 patris
1586 780 1756 868 cognitio.
1824 777 1895 850 Sed
1919 804 2124 876 quanquam
2149 787 2281 854 adesset

247 877 450 957 abiturum,
485 891 523 947 ut
547 877 740 949 absolvam.
793 871 841 947 Et
864 878 948 968 quia
975 871 1042 944 hoc
1066 876 1239 966 praedixi,
1288 877 1394 958 fides,
1427 880 1592 949 nondum
1625 895 1757 952 tamen.
1780 899 1930 968 norant,
1963 887 2050 976 quid
2082 887 2280 956 faciendum

247 979 391 1049 credere
423 979 559 1052 debetis
589 993 751 1068 paratum
774 1001 848 1046 esse
874 978 992 1048 locum
1017 977 1240 1065 glorificandi
1289 995 1387 1050 esset.
1442 981 1543 1052 Sicut
1561 978 1744 1050 Abraham
1767 1009 1972 1076 quanquam
1996 988 2065 1054 lide
2086 989 2203 1056 filium
2227 1013 2280 1058 ac·

246 1103 324 1150 vos.
376 1078 512 1174 Estque
529 1074 616 1149 haec
633 1081 829 1150 sententias
846 1103 1001 1151 summa:
1029 1079 1122 1151 Stant
1136 1103 1239 1170 prae·
1289 1083 1452 1172 cepisset,
1497 1096 1614 1152 tamen
1646 1088 1808 1156 nondum
1838 1101 1957 1173 norat,
1992 1089 2106 1159 filium
2132 1091 2282 1162 offeren-

129 1257 133 1268 ,
247 1182 413 1252 destinati
434 1205 525 1274 quos
550 1195 648 1272 pater
664 1182 925 1270 glorificaturus
941 1195 1013 1270 est,
1039 1185 1100 1251 sed
1119 1183 1239 1250 iinon
1289 1187 1375 1252 dum
1402 1207 1494 1270 esse,
1521 1209 1637 1278 neque
1659 1189 1746 1256 dum
1768 1211 1804 1256 se
1825 1187 1912 1260 fides
1928 1189 1967 1259 in
1982 1191 2197 1278 resignando
2212 1195 2281 1262 filio

187 1365 196 1378 Ι
246 1297 394 1374 possunt
417 1284 625 1372 glorificari,
650 1285 720 1351 nisi
744 1306 808 1374 per
830 1279 1036 1366 Christum,
1061 1285 1130 1353 nisi
1151 1285 1239 1354 abo·
1289 1285 1509 1372 declarabat3
1537 1289 1586 1356 sic
1601 1301 1637 1358 et
1650 1290 1689 1356 in
1702 1289 1898 1380 Apostolis,
1925 1317 2131 1386 quanquam
2150 1298 2281 1364 adesset

245 1387 317 1454 leat
346 1379 510 1455 Christus
539 1400 720 1476 peccatum
753 1399 787 1456 et
816 1399 980 1456 moriem.
1035 1384 1166 1470 Vides,
1198 1409 1238 1454 eo
1289 1389 1392 1467 fides,
1428 1405 1547 1458 tamen
1578 1391 1744 1481 probatio
1776 1393 1860 1460 fidei
1890 1395 2011 1474 aberat
2043 1395 2128 1464 illis.
2190 1395 2280 1488 Crux

245 1487 364 1556 redire
387 1489 527 1568 omnia,
555 1484 739 1557 Christum
763 1511 859 1572 esse,
884 1489 946 1580 qui
967 1501 1067 1579 paret
1084 1488 1239 1557 mansio·
1289 1491 1384 1558 enim
1407 1505 1476 1572 est,
1509 1494 1748 1585 quaeprobat
1771 1495 1896 1579 iidem,
1927 1495 2114 1569 Rom.V,:
2151 1499 2280 1568 Tribu-

245 1613 308 1658 nes
324 1613 398 1658 non
417 1613 519 1680 posse
533 1613 600 1658 nos
618 1591 688 1660 nisi
705 1613 770 1680 per
786 1585 971 1660 Christum
986 1588 1188 1677 glorificari.
1289 1593 1375 1662 latio
1399 1595 1607 1684 patientiam
1629 1609 1712 1678 etc.,
1734 1608 1769 1665 et
1793 1596 1898 1670 Prov.
1913 1597 2050 1669 xvia:
2076 1599 2182 1672 Sicut
2204 1602 2280 1685 igne

1289 1696 1462 1784 probatur
1476 1721 1621 1778 aurum,
1645 1698 1694 1765 sic
1709 1700 1836 1788 probat
1852 1703 1958 1774 corda
1973 1702 2157 1771 dominus.
2208 1702 2280 1771 Hoc

1288 1810 1339 1865 est
1366 1809 1483 1864 autem
1507 1799 1681 1886 cruciligi,
1707 1814 1747 1869 nt
1765 1804 1936 1890 probetur
1954 1803 2058 1888 fides,
2086 1818 2119 1872 et
2135 1807 2279 1894 probata

1289 1899 1357 1967 lide
1379 1901 1614 1969 mortificetur
1636 1925 1734 1985 earo,
1761 1907 2039 2000 grandescatque
2059 1907 2207 1996 spiritus
2223 1931 2279 1976 co·

1288 2001 1449 2088 guitione
1465 1996 1610 2071 Christi.
1663 2001 1741 2072 Hoc
1760 2019 1809 2074 est
1828 2011 1923 2097 quod
1941 2010 1984 2075 ad
2003 2005 2110 2078 Rom.
2124 2007 2173 2082 X.
2191 2006 2278 2077 Pau·

1288 2103 1344 2272 lqs
1366 2104 1431 2221 ait:
1460 2101 1508 2174 Ut
1532 2106 1707 2196 probetis,
1734 2131 1824 2199 quae
1847 2111 1891 2177 sit
1907 2111 2072 2180 voluntas
2089 2109 2160 2180 Dei
2176 2114 2278 2180 bene·

1288 2229 1310 2295 p
1328 2219 1427 2274 aesta.

320 1785 375 1860 El
395 1789 433 1860 si
450 1787 578 1860 obiero
600 1783 655 1858 ad
671 1785 890 1886 parandum
911 1787 1014 1862 vobis
1036 1787 1166 1864 locum.

339 1925 511 2016 ‚Pugnare
543 1925 759 1997 videbantur
788 1921 874 1996 haec
902 1949 1027 2017 supra:
1066 1925 1105 1994 ln
1130 1927 1238 1996 domo

245 2029 355 2119 patris
379 2027 448 2095 mei
472 2027 675 2124 mansiones
697 2027 830 2098 multae
853 2042 955 2112 sunt,
983 2031 1063 2099 etsi
1081 2053 1153 2126 quo
1170 2030 1237 2096 mi-

243 2136 328 2212 nus',
362 2130 526 2199 dixissem
551 2130 672 2212 vobis,
707 2131 790 2220 quia
817 2132 908 2198 vado
926 2144 990 2204 etc.
1043 2130 1096 2200 lta
1122 2145 1156 2200 et
1180 2125 1238 2200 hic

242 2255 402 2322 pugnare
423 2231 609 2310 videntur,
638 2235 734 2324 quod
751 2230 912 2302 Christus
932 2234 997 2316 ait,
1023 2233 1111 2306 scire
1127 2255 1186 2304 eos
1204 2245 1237 2303 et

243 2356 413 2427 quorsum
431 2334 551 2417 abeat,
577 2346 610 2401 et
627 2357 716 2424 quae
732 2336 778 2406 sit
795 2332 850 2400 via
869 2335 1100 2424 perveniendi
1115 2336 1158 2403 ad
1174 2357 1233 2426 pa·

242 2445 345 2507 trem.
397 2431 463 2504 Est
487 2447 603 2503 autem
625 2434 663 2500 in
689 2429 754 2502 hac
779 2448 878 2525 parte
905 2449 1020 2506 textus
1043 2439 1236 2506 observan-

242 2537 327 2606 dum
360 2549 465 2628 caput
491 2535 760 2626 disputationis,
796 2561 869 2604 non
896 2532 1065 2608 humanis
1089 2539 1237 2622 viribus,

242 2661 316 2704 non
331 2632 497 2706 humanis
513 2637 648 2707 meritis
663 2639 846 2708 iustificari
864 2663 948 2720 nos,
975 2641 1034 2708 sed
1052 2661 1113 2732 per
1128 2637 1237 2712 Chri-

242 2751 347 2808 stum.
1111 2761 1115 2768 ·

1467 2395 1557 2494 Ego
1579 2425 1663 2471 sum
1688 2403 1769 2488 vio,
1803 2409 1940 2474 veritos
1964 2414 1996 2475 ct
2020 2401 2109 2478 vita.

1389 2543 1484 2638 Ego,
1510 2575 1714 2644 quanquam
1730 2549 1780 2619 sic
1800 2553 1990 2623 mortificor
2006 2567 2086 2640 eto,
2117 2578 2197 2624 sum
2216 2555 2279 2638 via,

1287 2651 1360 2721 scil.
1390 2653 1471 2743 quia
1504 2675 1587 2742 gero
1616 2655 1813 2740 credentes3
1849 2669 1887 2726 ut
1917 2653 2155 2727 EsaianL.:
2191 2657 2277 2727 Sino

1287 2777 1350 2822 suo
1379 2753 1511 2824 levibit
1542 2767 1576 2824 et
1605 2755 1714 2825 loetas
1743 2756 1817 2846 ipse
1846 2759 2012 2846 portabit.
2073 2757 2119 2828 Et
2143 2760 2278 2840 veritas,

1287 2855 1368 2948 quia
1384 2855 1456 2924 lux.
1511 2851 1556 2926 Et
1574 2857 1655 2940 vita,
1682 2858 1764 2950 quia
1782 2859 1933 2944 vivifico,
1957 2862 2055 2930 iuxta
2071 2860 2180 2930 illud:
2209 2860 2276 2948 Qui

1286 2957 1398 3028 credit
1420 2957 1457 3023 in
1482 2982 1557 3042 me,
1586 2977 1661 3026 non
1686 2961 1858 3030 morietur
1882 2964 1920 3031 in
1944 2978 2142 3032 aeteruum.
2204 2961 2276 3030 Hoc

1287 3071 1358 3144 est,
1392 3063 1488 3151 quod
1521 3061 1591 3128 iam
1623 3073 1705 3131 ante
1737 3047 1962 3148 monuimus,
1997 3061 2196 3154 praedicari
2223 3061 2275 3131 hic

1287 3161 1428 3252 proprie
1453 3157 1702 3250 Evangelium.
1762 3162 1851 3233 Nam
1877 3191 1957 3234 cum
1980 3166 2034 3235 illi
2060 3182 2210 3256 negant,
2244 3189 2275 3232 se

329 2919 418 3018 Ego
440 2947 512 3021 quo
538 2918 675 2993 vadam
696 2921 820 3011 scitis,
855 2933 886 2994 et
911 2924 1009 2996 viam
1032 2925 1147 2998 scitis

343 3062 438 3152 Quia
470 3063 508 3131 in
541 3088 597 3131 me
626 3063 792 3152 creditis,
827 3089 904 3134 meo
934 3067 1080 3135 nomine
1104 3070 1236 3140 fecistis

240 3167 424 3253 miracula,
452 3165 591 3234 vidistis
609 3181 642 3232 et
661 3179 794 3255 patrem
811 3167 854 3232 de
869 3191 926 3234 me
943 3170 1132 3255 testificari,
1155 3172 1235 3241 ideo

240 3269 337 3338 scitis
361 3281 395 3336 et
412 3267 693 3356 glorificaturum
709 3291 766 3336 me
783 3289 857 3336 esse
873 3265 1028 3360 patrem;
1056 3285 1234 3363 praeterea

239 3385 275 3445 et
295 3395 360 3468 uss¹
379 3370 510 3454 nostis,
533 3394 735 3462 quanquam
760 3394 798 3440 ea
825 3385 939 3442 vestra
963 3373 1049 3444 fides
1072 3376 1234 3444 nondum

238 3471 416 3544 declarata
431 3470 477 3554 sit
494 3493 553 3540 seu
573 3475 720 3559 probata
737 3472 944 3546 tentatione.

288 3696 293 3704 ’
418 3670 601 3758 Domine,
633 3671 813 3742 nescimus
838 3697 911 3771 quo
936 3671 1054 3754 vodis.

241 3845 247 3855 ·
340 3795 556 3901 Quanquam
585 3802 675 3880 esset
705 3809 744 3878 in
770 3807 952 3900 Apostolis
974 3813 1080 3903 fides,
1114 3829 1233 3886 tamen
1286 3876 1295 3892 .

239 3915 402 3982 nondum
431 3913 637 4005 capiebant,
667 3927 831 4003 oportere
858 3913 1015 4002 cruciligi
1039 3911 1234 4005 Christum,

238 4025 271 4085 et
294 4017 390 4107 quod
418 4037 480 4104 per
502 4027 653 4114 mortem
678 4037 827 4102 regnum
844 4008 1008 4086 Christus
1030 4020 1232 4111 auspicatu-

1287 3265 1374 3332 scire
1398 3288 1469 3356 quo
1494 3265 1540 3334 sit
1563 3267 1741 3350 exendum,
1770 3262 1934 3338 Christus
1958 3271 2066 3338 verbo
2084 3271 2197 3352 reficit
2212 3291 2275 3350 eos,

1286 3367 1471 3457 inquiens,
1496 3369 1525 3434 si
1549 3368 1660 3435 velint
1681 3381 1715 3436 et
1739 3370 1889 3456 gloriam
1911 3395 2015 3450 posse
2029 3386 2064 3442 et
2079 3373 2177 3440 viam
2193 3372 2275 3441 scire

1286 3481 1321 3536 et
1343 3468 1483 3566 ingredi
1506 3470 1619 3553 viam,
1645 3469 1795 3557 gloriam
1814 3469 1880 3540 Dei
1898 3474 2097 3566 requirant,
2125 3498 2201 3543 uon
2216 3498 2275 3540 na·

1285 3583 1386 3641 turae
1408 3570 1518 3654 vires,
1544 3572 1659 3639 lucem
1684 3586 1745 3642 aut
1767 3573 1965 3660 iusticiam,
1991 3579 2052 3645 sed
2077 3573 2273 3660 Christum;

1240 3679 1242 3687 ⁴
1285 3675 1323 3740 iu
1356 3668 1453 3742 hunc
1478 3695 1514 3740 se
1543 3674 1753 3754 coniiciunt,
1794 3678 1877 3770 qui,
1910 3675 2189 3769 comprehensus
2217 3701 2274 3768 per
2326 3747 2327 3758 ,

1285 3776 1411 3854 fidem,
1440 3776 1516 3859 via,
1539 3777 1668 3845 veritas
1693 3790 1727 3847 et
1750 3779 1821 3848 vita
1844 3795 1913 3859 est,
1941 3795 2021 3851 utut
2043 3783 2201 3870 patiatur
2223 3778 2273 3846 vel

1284 3900 1358 3966 ipse
1381 3876 1438 3944 vel
1462 3877 1523 3970 qui
1548 3879 1699 3948 creduut
1715 3879 1754 3947 iu
1770 3903 1862 3954 eum.
1912 3883 2022 3954 Scitis
2036 3884 2126 3968 iarn,
2151 3881 2274 3974 inquit,

1285 3978 1370 4071 quid
1395 3979 1597 4048 laciendum
1619 3982 1682 4064 sit,
1707 3995 1748 4052 ut
1767 3982 1909 4072 possitis
1927 3981 2270 4074 ingredihabitatio·

236 4139 300 4188 rus
315 4131 424 4201 esset,
450 4104 559 4212 idque
575 4115 772 4209 spirituale.
1284 4105 1365 4149 nem
1386 4104 1448 4172 per
1467 4107 1559 4150 v¹³m
1577 4107 1710 4156 veram.

449 4313 452 4320 ·
493 4308 539 4376 132
560 4327 635 4404 quo
655 4299 842 4400 ego'pado
862 4302 978 4379 nius,
1385 4280 1504 4360 Nemo
1532 4286 1625 4356 venit
1651 4281 1708 4356 od
1725 4293 1884 4386 patrem,
1917 4286 1997 4358 nisi
2015 4313 2081 4388 per
2101 4315 2170 4366 me.

240 4441 252 4450 ’
337 4441 449 4514 Paulo
480 4455 560 4513 ante
589 4431 803 4512 cohhrmans
835 4439 1027 4531 Apostolos
1056 4445 1231 4534 promittit
1384 4437 1568 4512 Sententia
1592 4435 1679 4512 haec
1694 4439 1901 4513 est:‘llemo
1917 4455 2032 4534 potest
2048 4446 2121 4514 suis
2137 4445 2266 4515 viribus

235 4545 332 4633 iore,
365 4562 406 4618 ut
427 4547 684 4637 glorificentur3
720 4541 779 4614 hic
802 4545 1006 4634 subiungit,
1038 4549 1231 4638 quomodo,
1282 4556 1341 4613 aut
1362 4543 1436 4612 suis
1458 4541 1592 4612 meritis
1614 4546 1800 4640 pervenire
1823 4547 1866 4614 ad
1893 4559 2041 4637 patrem.
2094 4546 2169 4618 Lex
2191 4549 2263 4616 abs·

236 4675 306 4744 qua
336 4652 392 4720 via
426 4651 497 4720 sint
531 4649 773 4738 glorificandi,
806 4648 836 4717 si
862 4649 1007 4743 quidem
1030 4646 1229 4738 ipse-abeat
1282 4658 1388 4717 terret
1425 4645 1678 4732 conscientias,
1720 4671 1765 4716 ne
1802 4649 2013 4739 perveniant
2048 4651 2093 4716 ad
2125 4664 2263 4742 patrem.

238 4773 388 4848 reguum
402 4767 606 4844 accepturus
622 4763 684 4824 etc.
739 4747 826 4821 Ideo
840 4751 908 4832 ait,
935 4749 1033 4834 scire,
1059 4775 1229 4844 quorsum
1282 4743 1439 4818 Verbum
1462 4741 1615 4832 Christi,
1646 4749 1840 4820 iustificans
1870 4775 1934 4818 nos
1965 4750 2104 4822 iusticia
2126 4747 2262 4832 Christi,

237 4869 292 4924 eat
319 4869 353 4926 et
383 4879 473 4947 quae
503 4853 560 4923 via
590 4853 646 4927 sit.
697 4847 746 4922 Et
778 4865 895 4921 tamen
925 4847 1085 4921 Thomas
1114 4869 1231 4944 negat,
1280 4843 1441 4941 perducit
1463 4850 1678 4941 ad‘patrem.
1730 4847 2017 4945 Exeosequitur
2032 4853 2087 4936 id,
2114 4855 2206 4947 qood
2222 4853 2260 4920 de

237 4953 429 5045 Apostolos
465 4955 564 5027 scire.
634 4945 708 5042 Qui
738 4954 957 5024 conveniunt
986 4948 1098 5024 haec?
1155 4954 1229 5029 Re·
1279 4953 1529 5041 cognoscendo·
1559 4968 1660 5044 patre
1696 4955 1894 5026 subiectum
1930 4969 1991 5028 est.
2060 4955 2150 5026 Num
2184 4951 2259 5046 quis

238 5058 415 5147 spondeo:
459 5051 547 5125 Erat
581 5058 621 5125 in
655 5055 837 5145 Apostolis
872 5056 976 5141 fides,
1013 5071 1054 5127 ut
1084 5072 1227 5154 apparet
1281 5058 1448 5123 nemoad
1475 5068 1610 5145 patrem
1629 5058 1793 5145 pervenit
1817 5057 1885 5126 nisi
1912 5081 1976 5149 per
1997 5057 2128 5137 lilium,
2162 5058 2259 5126 sicet

238 5150 460 5230 loauu.Vl.:
493 5155 612 5227 Verba
639 5159 732 5227 vitae
756 5171 918 5229 aeternae
942 5154 1073 5244 habes,
1105 5175 1139 5232 et
1160 5183 1228 5230 uos
1279 5179 1383 5229 nemo
1408 5159 1587 5247 cognoscit
1610 5157 1745 5245 putrem
1769 5161 1840 5229 nisi
1865 5183 1926 5250 per
1943 5154 2135 5234 Christum.
2185 5155 2258 5226 Pri-

237 5259 413 5330 credimus
437 5274 471 5331 et
492 5259 721 5350 cognovimns
738 5271 800 5332 etc.
852 5260 899 5330 Et
923 5285 963 5330 ex
987 5263 1103 5332 verbis
1120 5259 1227 5334 Chri-
1278 5261 1483 5330 mumenlm
1498 5259 1665 5334 voluntas
1678 5263 1788 5353 patris
1803 5263 1997 5352 ignoratur,
2022 5263 2153 5334 scilicet
2168 5256 2255 5354 quod

237 5363 282 5432 sti
299 5360 412 5452 capite
430 5363 625 5452 superiori:
651 5359 724 5431 Vos
739 5365 864 5433 mundi
881 5365 973 5434 estis.
1027 5364 1145 5458 Atque
1160 5362 1226 5440 hac
1278 5363 1364 5434 uelit
1377 5359 1532 5444 salvare,
1559 5363 1627 5432 uisi
1645 5389 1721 5434 eam
1734 5364 1774 5434 in
1788 5360 1932 5436 Christo
1949 5388 2142 5440 cernamus.
2190 5357 2256 5432 De·
