4590 5808
34 183 92 261 aa
239 175 324 255 xrr.
374 137 770 288 mnoraatoncs
795 173 862 253 ar
887 171 1171 255 cannones
1198 172 1251 248 nv
1273 167 1458 252 avano.
1485 177 1773 264 narratas.
1918 201 2018 278 sn
2125 135 2129 142 ’

32 378 92 426 nem
111 353 145 424 in
165 349 317 445 imperiis
336 361 372 424 et
388 351 590 424 universam
605 349 785 443 politicam
800 351 995 444 guberna-J
1028 359 1065 418 et
1087 344 1396 439 omnipotentiam.
1458 347 1602 442 Quanta
1626 355 1738 448 igitur
1763 361 1926 460 impietas
1952 389 2016 464 est,

31 459 136 528 tionem
156 452 283 526 servire
303 453 487 526 communi
506 453 682 539 societati,
714 475 780 523 nec
798 455 894 527 tollit
915 467 977 526 aut
1028 441 1201 520 honorem
1221 447 1289 520 Dei
1313 450 1501 524 transferre
1521 457 1569 528 ad
1591 464 1789 536 creaturas!
1839 466 1937 544 Haec
1960 469 2013 550 es't

30 558 135 642 abolet,
158 558 215 628 sed
237 555 422 627 confirmat
445 568 481 626 et
505 555 678 646 approbat
699 556 856 626 forenses
876 555 976 627 ordi-
1027 548 1131 642 plana
1150 562 1185 623 et
1201 551 1362 671 expedite
1375 555 1577 648 responsio,
1609 559 1790 660 videlicet,
1808 565 2013 649 ‘Dominum

29 659 167 744 nationes,
187 655 361 748 legitimas
375 677 507 749 poenas
521 668 557 728 et
572 677 716 730 normas
728 657 910 728 actionum
925 656 975 727 ci·
1025 674 1099 720 non
1122 645 1312 743 prohibere
1331 652 1428 724 licita
1451 655 1669 744 iuramenta,
1694 667 1826 758 quibus
1842 674 2010 768 obligatio

28 759 134 844 nium,
156 769 385 850 congruentes
400 779 481 828 cum
497 756 652 830 naturali
665 755 800 829 iudicio
814 757 974 834 rationis.
1024 751 1063 822 fit
1079 752 1281 824 immediate
1301 755 1397 825 inter
1409 756 1529 829 Deum
1552 772 1586 831 et
1609 757 1809 857 hominem,
1834 777 1893 845 sed
1914 779 2012 852 iura-

28 857 104 932 lianc
114 853 304 932 doctrinam
320 859 430 932 tradit
444 855 690 934 PaulusRom.
705 859 765 934 ts.
790 855 845 930 Ac
860 871 974 932 textus
1025 869 1141 925 menta
1158 853 1247 926 facts
1264 879 1345 925 non
1353 878 1417 946 per
1436 881 1565 930 nomen
1583 859 1669 950 Dei,
1691 892 1782 960 quae
1800 888 1882 947 sunt
1905 879 2011 952 inv0.=

28 957 208 1033 sdEbrseos
222 960 258 1034 6.
277 961 462 1054 perspicue
481 959 585 1031 dicit:
613 953 745 1031 Omnis
767 973 975 1050 controver-
1024 954 1179 1025 cationes
1193 971 1452 1040 creaturarum,
1477 973 1519 1034 ut
1537 986 1618 1034 cum
1635 965 1674 1035 in
1689 967 1922 1051 iureiurando
1945 987 2034 1054 ad-.
2085 1063 2092 1072 ,

27 1062 77 1132 siae
88 1062 157 1134 inis
171 1076 222 1136 est
235 1063 494 1134 iusiurandum.
526 1059 670 1156 Quibus
683 1061 799 1132 verbis
813 1082 982 1154 expresse.
1024 1055 1160 1128 duntur
1174 1053 1297 1129 Sancti
1313 1073 1379 1130 etc.

27 1163 149 1235 sancitur
176 1179 210 1238 et
237 1166 454 1257 approbatur
480 1162 679 1254 legitimum
710 1162 973 1248 iusiurandum,
1124 1187 1313 1276 Secundo,
1364 1193 1609 1269 consideretur
1644 1199 1780 1296 insigne
1816 1212 2008 1292 discrimen

4 1267 155 1356 ¹(gandeat
173 1264 357 1336 vinculum
377 1263 492 1335 civilis
515 1263 740 1336 obedlessfifle
763 1278 797 1334 ⁰¹
819 1263 971 1334 ¹¹¹d5030·
1022 1289 1117 1362 inter
1139 1289 1386 1364 iusiurandum
1409 1296 1565 1370 delatum
1589 1325 1610 1370 a
1631 1308 1837 1396 magistratu
1867 1318 1924 1387 vel
1948 1322 2009 1392 iu-

25 1388 94 1439 mm.
135 1363 210 1438 Hoc
225 1367 428 1439 testimonio
445 1369 489 1435 de
502 1365 711 1442 iuramentis
732 1365 859 1434 ordine
879 1365 971 1456 poli-
1023 1392 1183 1478 dicam,
1208 1395 1304 1486 quod
1331 1395 1370 1464 fn
1388 1399 1486 1468 omni
1506 1398 1658 1494 imperio
1679 1429 1857 1492 summum
1881 1421 2008 1493 vinm-

26 1465 214 1539 ticosancitis
228 1467 385 1540 contenti
407 1468 534 1550 simus,
559 1491 600 1536 ac
620 1465 820 1536 firmissime
841 1479 971 1538 statua·
1023 1493 1098 1563 lum
1121 1505 1191 1576 ρει,
1227 1507 1261 1566 aa
1283 1495 1379 1567 inter
1399 1497 1630 1606 iuramenta,
1655 1531 1745 1602 quae
1768 1515 1933 1604 privatim
1960 1528 2007 1596 ab

25 1589 94 1650 nus,
113 1561 203 1638 hunc
218 1569 381 1638 ordinem
397 1569 435 1637 in
453 1567 524 1638 vita
541 1566 686 1659 politica
707 1589 900 1657 congruere
924 1569 969 1638 ad
1022 1590 1180 1667 humma
1192 1595 1380 1684 futilitate,
1404 1601 1482 1671 ,ine
1496 1625 1552 1672 m,

26 1667 236 1740 rectitudinem
270 1664 392 1740 aDeo
421 1669 630 1740 institutam.
695 1665 821 1762 ltaque
852 1680 971 1741 extant
1022 1696 1254 1782 libentione,
1286 1699 1363 1770 ,ine
1381 1703 1550 1774 mandato
1572 1721 1635 1798 pot

27 1769 147 1860 exempla
170 1771 312 1862 piorum
335 1770 420 1840 inde
441 1792 553 1864 usque
577 1771 623 1840 ab
645 1768 769 1855 initio,
799 1765 970 1840 utAbra-
1635 1722 1764 1798 ‘stam‘
1816 1715 1903 1791 hem
1929 1751 2004 1800 '¹⁰¹¹

869 1871 877 1890 ·
1022 1811 1169 1890 cogente
1185 1801 1370 1874 vocatione
1383 1803 1588 1897 erumpunt.
1633 1809 1725 1882 Nam
1742 1815 2003 1916 iusiurandum,

26 1860 86 1948 het,
107 1867 210 1952 luet,
237 1866 497 1963 Prophtltfflm
512 1869 816 1992 0¹·AP⁰¹}⁰¹⁰¹¹¹‚¹¹¹
831 1871 971 1965 ³¹¹¹l¹¹⁰·
1022 1900 1120 1994 quod
1143 1901 1368 1991 magistratus
1395 1918 1432 1977 et
1456 1905 1593 1980 iudices
1618 1915 1820 2006 postulant,
1850 1940 1912 1997 ant
1934 1932 2004 2004 alia

26 1968 123 2052 fittrtl
136 1995 261 2062 ¹¹¹¹B¹¹¹
277 1995 356 2042 ¹¹¹¹ss
372 1985 636 2062 ¹¹¹83¹¹¹l¹⁰¹¹¹
651 1987 857 2057 ¹⁰¹¹¹¹¹¹¹¹¹¹12
881 1995 971 2066 ‘1¹¹¹‘
1020 2001 1227 2087 necessitas,
1259 2027 1340 2074 cum
1363 2013 1566 2078 reverenter
1587 2024 1694 2106 atque
1717 2020 1809 2088 serio
1829 2027 2003 2115 dandum,

27 2071 223 2158 convincunt,
249 2095 371 2143 verum
391 2075 527 2158 iurare,
549 2096 624 2144 esse
645 2096 735 2164 opus
756 2097 821 2143 suo
844 2095 974 2162 genere,
1021 2114 1098 2172 gum
1123 2115 1246 2184 ,mm
1263 2127 1462 2199 magnaque
1490 2108 1663 2200 „pugione
1690 2125 1903 2196 „mudum
1932 2147 2002 2207 m:

27 2166 143 2256 ¹¹⁰¹¹¹¹¹¹2
179 2187 213 2245 tl
242 2173 363 2244 ³D¹⁰
393 2174 597 2247 ⁰¹di¹¹¹l¹¹¹¹¹
622 2187 728 2294 ssiu}
752 2197 968 2294 ⁶⁰¹}0fflfflffl
1020 2203 1052 2273 si
1074 2205 1365 2298 tamenlegitima
1382 2207 1742 2305 formaconceptum,
1767 2219 1829 2295 frat
1849 2251 1914 2317 per
1934 2257 2002 2304 no.

26 2261 150 2366 lienique
167 2276 223 2346 lex
245 2271 315 2346 Dei
346 2273 451 2350 Dent.
463 2275 500 2350 6.
522 2297 682 2367 expresse
711 2290 847 2370 anqust:
901 2275 970 2347 Per
1021 2327 1103 2374 men
1120 2305 1232 2377 3051„
1245 2303 1334 2390 Dei,
1359 2307 1447 2380 etin
1463 2333 1503 2380 re
1517 2309 1631 2400 licita,
1643 2339 1736 2412 quae
1752 2323 1885 2399 scilicet
1900 2355 2001 2424 prae·
2073 2333 2075 2338 ’

26 2391 120 2446 nonen
132 2375 282 2447 Domini
299 2374 365 2446 Dei
379 2377 433 2448 tui
445 2377 591 2455 iurabis.
750 2403 752 2406 ’
1022 2405 1106 2476 stari
1120 2407 1231 2499 possit
1243 2407 1378 2504 absque
1392 2410 1584 2484 violatione
1599 2421 1759 2493 mandati
1774 2425 1902 2502 divini.

98 2504 163 2579 lam
177 2522 272 2580 recte
294 2506 467 2594 instituti,
499 2531 540 2578 ac
560 2507 798 2598 intelligentes
818 2511 970 2602 explica-

27 2605 102 2679 tionis
121 2625 259 2683 nostrae
287 2611 515 2681 fundamenta
545 2611 766 2695 acusantes,
807 2613 970 2684 videlicet
1020 2638 1126 2710 unffi
1155 2640 1234 2712 ,ine
1261 2645 1466 2733 vocatione,

27 2707 175 2782 discrimen
190 2711 297 2803 Legis
313 2725 346 2784 et
360 2707 565 2802 Evangelii,
597 2732 638 2782 ac
662 2711 800 2805 politici
821 2714 970 2800 ordinis,
1021 2738 1112 2812 hem
1137 2746 1344 2816 mmmm,
1377 2769 1462 2818 um,

26 2802 225 2904 ipsi'cogitent
250 2828 356 2907 atque
377 2815 614 2906 perpendant,
641 2816 820 2906 quomodo
847 2816 969 2887 dextre
1021 2865 1113 2936 quae
1140 2843 1231 2915 flung
1258 2869 1340 2916 tum
1369 2848 1493 2918 invoca

27 2909 58 2978 sit
82 2911 340 3004 intelligendus,
383 2929 443 2985 aut
467 2913 758 3007 interpretatione
784 2918 968 2988 commoda

25 3005 171 3088 leniendus
185 3014 246 3086 hic
260 3017 359 3086 locus
373 3015 412 3084 in
428 3011 624 3090 Matthaeo.
723 3094 727 3103 ¹
841 3049 845 3066 ¹

1495 2651 1683 2767 ‘mandato
1718 2671 1755 2728 et
1789 2669 2005 2750 necessitate.

1494 2764 1706 2825 iniustorum
1728 2768 2004 2861 execrationum,

1495 2850 1594 2922 tione
1612 2851 1679 2926 Dei
1686 2911 1696 2942 ,
1728 2872 1770 2932 ut
1795 2883 1921 2941 noceat
1941 2898 2003 2945 seu

1021 2944 1208 3016 maledicet
1241 2947 1321 3015 aliis
1364 2949 1442 3018 sine
1474 2951 1548 3022 ulla
1583 2956 1683 3044 gravi
1716 2983 1838 3053 causa,
1886 2975 2003 3066 qualis

1021 3039 1109 3114 haec
1122 3059 1174 3117 est
1187 3041 1373 3119 horribilis
1387 3049 1612 3143 imprecatio:
1640 3055 1686 3129 Ut
1708 3074 1742 3130 te
1754 3059 1851 3136 Deus
1867 3076 2003 3164 perdat,

95 3147 249 3222 prpmgm
265 3150 650 3225 augem‚00nsideranda
666 3163 718 3222 est
735 3151 906 3244 particula
922 3153 970 3222 in
1021 3145 1057 3217 e't
1074 3146 1227 3232 similes,
1252 3172 1339 3242 quas
1355 3163 1472 3221 tamen
1496 3147 1582 3226 haec
1603 3173 1697 3230 aetas
1721 3163 1919 3258 detestabili
1940 3203 2003 3247 va-

24 3257 105 3318 tum:
125 3250 202 3324 Non
220 3275 288 3344 pet
301 3252 451 3334 melum,
476 3275 551 3324 ΠΜ
566 3265 771 3342 pergam„
781 3265 852 3328 θη,
882 3251 969 3331 Cer.
1020 3248 1132 3318 nitate
1143 3272 1185 3318 ac
1204 3250 1418 3341 profanitate
1432 3252 1592 3344 furenter
1614 3263 1659 3329 ad
1681 3263 1840 3353 vulgaria
1863 3279 2004 3366 negotia
2036 3297 2041 3302 ·

24 3346 159 3422 tainum
183 3367 238 3426 est
257 3353 351 3424 enim
375 3353 506 3438 formas
530 3352 672 3424 iurandi
696 3377 760 3442 per
781 3359 969 3439 creaturas,
1020 3350 1199 3421 transfert.
1248 3348 1347 3422 Haec
1364 3366 1447 3424 sunt
1459 3353 1562 3426 valde
1574 3360 1686 3432 tristia
1703 3384 1864 3458 peccata,
1889 3392 1923 3448 et
1939 3379 2005 3449 lla·

24 3445 130 3522 illicitas
143 3467 174 3525 et
187 3447 390 3546 prohibitas
403 3476 495 3538 esse,
514 3454 606 3525 sicut
619 3449 711 3546 proh
724 3454 849 3537 dolor,
873 3456 968 3544 apud
1021 3449 1138 3541 gitiosi
1153 3452 1284 3522 abusus
1298 3453 1456 3524 nominis
1471 3455 1606 3574 divini,
1632 3481 1829 3554 pugnantes
1849 3499 1931 3548 cum
1944 3479 2004 3550 'se-

25 3569 113 3622 mum
125 3565 266 3644 meg-³
292 3578 358 3625 uec
373 3555 467 3646 ,pud
484 3552 632 3626 lugam
647 3559 819 3628 duntaxat
833 3551 968 3648 aelith.
1019 3553 1137 3622 cundo
1153 3563 1339 3646 praecepto
1354 3549 1532 3644 Decalogr.
1571 3557 1729 3640 Pertinet
1744 3584 1862 3644 autem
1878 3581 1922 3648 ad
1939 3607 2005 3676 pa-

24 3647 106 3733 nitos,
127 3656 303 3728 sedetiam
322 3655 540 3748 professione
553 3656 729 3752 tituloque
739 3651 970 3744 Christianos,
1019 3665 1161 3725 rentum
1178 3653 1356 3742 officinm,
1382 3660 1541 3750 coiircere
1557 3659 1691 3738 liberos
1716 3684 1882 3760 paternae
1898 3687 2004 3756 casti-

25 3739 84 3820 haec
106 3758 217 3849 turpis,
239 3771 274 3828 et
298 3756 503 3830 detestanda
532 3760 749 3830 consuetudo
782 3757 970 3843 increbuit,
1020 3753 1171 3843 gationis
1201 3767 1317 3836 metu,
1366 3779 1413 3826 ne
1442 3781 1575 3832 nornen
1604 3761 1673 3836 Dei
1706 3779 1921 3853 transferant
1956 3789 2002 3855 ad

24 3855 90 3936 quod
104 3857 136 3926 in
150 3859 301 3930 iurando
315 3859 408 3934 fiunt
420 3859 658 3929 invocationes
674 3883 749 3930 non
763 3861 874 3930 solius
888 3857 968 3953 Dei,
1020 3855 1146 3925 stultas
1161 3869 1196 3929 et
1215 3855 1362 3928 iniustas
1376 3861 1630 3946 execrationes,
1657 3868 1741 3940 item
1759 3897 1804 3945 ne
1824 3880 1897 3951 sint
1910 3885 1999 3953 faci·

23 3953 299 4042 sedarenturarum
315 3981 470 4053 quoquc.
521 3957 572 4028 lta
588 3983 685 4030 nunc
700 3961 794 4050 apud
809 3958 968 4053 Papistaa
1018 3955 1070 4026 les
1086 3962 1120 4026 et
1132 3957 1252 4029 futiles
1267 3957 1305 4026 in
1319 3959 1484 4032 iurando.
1535 3959 1722 4042 Debebunt
1737 3989 1770 4045 et
1787 3981 1920 4066 politici
1936 4008 2002 4073 gu·
2046 4077 2052 4089 ι

23 4061 160 4148 conceptis
176 4063 293 4133 verbis
308 4061 433 4130 usitate
448 4057 527 4146 “¹¹¹⁸
543 4059 686 4128 iurandi
706 4060 819 4131 forma
837 4086 968 4154 propo.
1020 4057 1224 4126 bernatorea
1245 4057 1332 4128 haec
1355 4074 1494 4151 peccata
1515 4066 1645 4136 severis
1668 4075 1835 4164 exemplis
1860 4085 2000 4171 punire.

23 4150 104 4224 nitur,
141 4159 189 4232 11,
217 4186 274 4232 me
296 4156 395 4231 neus
425 4159 586 4242 adiuvet,
625 4171 659 4228 et
689 4181 812 4230 omnes
833 4160 969 4235 Sancti.
1020 4156 1089 4227 Sed
1128 4157 1212 4249 quia
1243 4175 1407 4248 parentes
1436 4173 1471 4232 et
1498 4166 1720 4252 magistratus
1746 4176 1866 4266 ignavi
1895 4197 2001 4279 atque

24 4245 62 4320 Sic
74 4254 182 4332 ludaei
200 4262 321 4334 iurant
343 4285 408 4355 pec
431 4259 623 4350 templum,
646 4254 793 4330 Ethnici
809 4284 873 4354 per
887 4285 969 4332 coe·
1019 4257 1236 4346 negligentes
1255 4261 1295 4338 in
1317 4261 1500 4352 puniendo
1519 4266 1649 4339 desunt
1667 4273 1784 4346 officio
1806 4301 1891 4368 suo,
1918 4287 2000 4361 ideo
2124 4354 2126 4358 ,

5 4343 267 4448 languenam,
443 4409 461 4431 .,
1019 4373 1137 4450 postea
1161 4361 1380 4450 respublicae
1398 4363 1520 4446 bellis,
1552 4374 1825 4460 vastationibus,
1861 4399 1896 4456 et
1917 4392 1999 4464 aliis

92 4491 162 4565 Hos
180 4499 306 4568 modos
328 4497 471 4567 illicitos
491 4507 586 4568 taxat
599 4493 795 4575 Dominus,
819 4519 860 4564 ac
882 4519 966 4587 pro·
1018 4459 1170 4578 ΨΜ*
1194 4461 1453 4582 ⁰³¹³¹⁰i⁸²²ihP⁸
1468 4467 1682 4585 flatuum·
1731 4476 1811 4566 Qua
1827 4485 1925 4560 dere
1942 4495 1999 4562 di-

22 4575 93 4661 hibet
105 4597 342 4670 invocationes
357 4613 609 4671 creaturarum.
659 4593 749 4665 Nam
765 4596 895 4666 iuratio
915 4609 967 4666 est
1018 4562 1519 4654 ¹¹3²n¹⁰fe¹⁸³²pe⁰⁰ss¹m¹⁸·
1650 4697 1651 4702 ἵ

22 4681 161 4767 invocatio
177 4699 274 4770 illins
289 4699 356 4794 qui,
367 4699 513 4780 citatur,
544 4711 587 4768 ut
601 4696 648 4768 sit
662 4695 760 4767 testis
776 4709 811 4770 et
827 4697 966 4796 vindex.
1115 4693 1171 4766 ‘De
1191 4695 1258 4768 ista
1273 4692 1430 4768 humana
1445 4700 1629 4791 futilitate,
1655 4731 1728 4780 non
1751 4722 1996 4797 considerante

23 4779 99 4861 Scitis
115 4812 226 4870 autem
243 4800 358 4872 solum
374 4822 496 4870 verum
512 4795 649 4880 Deum,
674 4798 736 4890 qui
753 4819 790 4866 se
806 4797 966 4890 patefecit
1017 4796 1299 4884 magnitudinem
1314 4800 1552 4874 iurisiurandi
1566 4806 1730 4900 loquitur
1742 4828 1856 4906 textus
1872 4825 1908 4892 in
1927 4821 1996 4897 hoc

21 4887 206 4986 ¹¹¹issoi'ilio,
230 4879 488 4984 invocandum,
514 4924 579 4970 nec
595 4894 767 4969 honorem
783 4895 860 4970 Deo
877 4921 965 4990 pro-
1017 4898 1130 4989 capite
1146 4893 1341 4981 Matthaei,
1368 4905 1531 4992 etargt'rit
1552 4909 1679 4996 corda,
1705 4920 1802 5008 quod
1825 4921 1994 5000 altissima
2024 4945 2028 4950 ·

23 4989 76 5067 lde
89 5003 357 5086 convenientem,
376 5002 605 5071 tribuendum
620 5021 694 5069 esse
706 4999 773 5068 ulli
786 4999 851 5085 rei,
876 5023 966 5093 quae
1016 5001 1202 5070 securitate
1228 4999 1355 5076 leviter
1382 5018 1507 5074 curant
1530 5018 1566 5079 ct
1587 5012 1689 5099 parvi
1712 5021 1872 5105 pendunt
1902 5023 2011 5100 iram'

23 5102 251 5177 senesanna.
301 5098 434 5175 Omnis
449 5101 543 5170 eslim
562 5100 740 5172 invocatio
765 5101 892 5173 tribuit
911 5101 966 5170 illi
1015 5093 1103 5182 Dei,
1130 5123 1209 5172 curn
1232 5101 1269 5171 in
1291 5102 1517 5176 invocatione
1538 5107 1625 5180 falsa
1648 5115 1704 5184 vel
1727 5116 1849 5192 illicita
1871 5129 1995 5202 multi.

23 5188 73 5269 ¹¹52
92 5219 188 5289 quam
200 5205 358 5291 invocat,
384 5199 555 5274 honorem
571 5223 634 5275 seu
656 5203 789 5274 cultum
809 5202 969 5294 peculia·¹
1016 5201 1154 5294 pliciter
1168 5225 1247 5273 eum
1263 5205 1488 5278 contumeliis
1504 5209 1674 5292 alliciunt.

23 5283 343 5392 riterlleodebitusn‚
363 5306 514 5391 scilicet,
538 5305 792 5396 inspectionem
805 5305 966 5379 cordium
994 5395 999 5405 Ι
1328 5399 1417 5477 89,

1555 1627 1623 1696 gna
1640 1633 1742 1680 causa
1761 1625 1795 1684 et
1819 1623 1920 1707 gravi
1941 1627 2005 1696 de·
2112 1661 2114 1664 ·

1121 2536 1257 2610 Verum
1273 2546 1491 2616 consuetudo
1505 2561 1637 2620 temere
1653 2553 1699 2626 de
1716 2557 1875 2649 qnalibet
1892 2589 1933 2644 re
1946 2569 2004 2641 iu.
2122 2577 2126 2584 '
2154 2535 2156 2542 ‚
