4616 5818
65 167 137 244 aaa
589 163 673 241 xu.
725 159 1122 276 annonantouus
1161 159 1542 242 maranesca,
1775 265 1776 270 p
2009 171 2085 249 aas

157 336 233 410 Hae
246 337 441 410 sentcntiae
457 351 638 430 utrunque
652 337 792 418 docent,
811 333 1043 430 etquodsine
1065 336 1070 382 ¹
1094 329 1237 405 interim
1262 335 1363 428 impii
1387 361 1467 408 cum
1489 360 1551 408 sua
1575 339 1752 431 potentia,
1777 339 1850 410 suis
1870 343 1999 434 opibus
2021 367 2083 435 pe-

57 443 120 512 fide
136 465 177 511 ac
192 441 418 511 invocatione
432 437 546 509 nostri
563 439 701 509 labores
719 438 791 510 sint
809 437 984 520 infelices,
1010 449 1044 506 et
1093 450 1205 512 reant.
1244 434 1347 510 Alter
1367 438 1467 508 locus
1491 442 1533 510 ad
1561 435 1654 510 hauc
1676 441 1879 532 allegoriam
1898 448 2082 518 transferri

58 541 189 616 etiamsi
210 542 248 610 in
269 554 390 613 nostra
406 541 591 611 vocatione
606 539 717 610 multa
734 540 901 609 accidunt
917 540 1044 628 adver·
1093 550 1224 630 potest,
1256 542 1353 634 quod
1383 540 1622 612 ministerium
1647 537 1833 632 Evangelii
1862 545 1908 618 sit
1933 547 2079 638 piscatio

57 669 109 730 sa,
133 659 252 716 tamen
275 643 415 713 animos
435 643 638 711 excitandos
661 664 734 712 esse
751 641 880 710 tiducia
896 632 1043 720 Christi,
1091 640 1324 725 nanceium,
1358 642 1419 713 sed
1443 644 1559 732 magni
1589 643 1723 714 laboris
1749 659 1784 716 et
1810 647 1943 720 multae
1967 651 2080 722 mole-

57 760 88 816 et
107 746 289 818 sciendum
311 745 428 836 ipsurn
454 742 558 812 uobis
579 742 785 813 adiuturum
811 763 904 826 csse,
929 755 964 813 et
979 743 1042 810 da·
1090 741 1188 812 stiae.
1240 741 1357 833 Quam
1376 767 1459 814 vcro
1475 745 1684 834 frugiferum
1703 747 1749 817 sit
1762 747 2019 834 ministerium,
2045 765 2079 822 et

55 862 190 933 turum,
216 870 263 916 ne
276 847 379 916 labor
393 857 513 916 noster
527 843 573 916 sit
588 843 731 929 irritus,
759 858 791 913 et
806 844 883 913 siue
898 843 1026 918 tractu.
1092 866 1197 936 quarn
1220 845 1285 916 diu
1302 846 1495 915 duraturus
1514 847 1616 916 labor
1631 847 1844 934 ministerii,
1869 873 1942 920 non
1961 853 2079 924 cerni-

53 1383 143 1458 huuc
160 1386 348 1457 dominum
364 1408 437 1456 esse
453 1386 598 1455 missum
615 1409 635 1454 a
651 1383 748 1466 Deo,
766 1381 955 1457 habentem
975 1410 1034 1473 po·

53 1489 197 1560 tentiam
213 1488 391 1567 divinam,
410 1488 560 1570 iustum,
573 1487 707 1555 bonum
722 1499 787 1561 ete.
827 1485 925 1556 Haec
940 1487 1040 1576 agni-

54 1593 98 1660 tio
114 1591 208 1680 parit
224 1589 263 1658 in
280 1613 321 1659 eo
338 1609 450 1658 novos
465 1601 593 1673 motus,
621 1585 775 1679 primum
791 1589 944 1660 traducit
959 1612 1037 1656 eum

54 1695 91 1760 ad
114 1691 334 1782 agnitionem
359 1691 434 1768 sui,
466 1690 561 1758 videt
585 1711 622 1758 se
644 1712 717 1758 csse
740 1704 956 1780 peccatorem
982 1690 1035 1758 in-

54 1795 195 1882 dignum
217 1805 317 1863 tanto
332 1791 518 1862 beneficio:
547 1815 620 1860 uon
640 1791 733 1859 euim
754 1792 792 1860 iit
808 1793 1036 1862 deteriorant

54 1895 206 1963 securior
226 1905 267 1964 ut
289 1893 423 1986 alioqui
440 1914 616 1961 successus
631 1891 786 1962 reddunt
802 1887 963 1961 homines
979 1895 1036 1977 ip-

55 1996 270 2073 solcutiorcs‚
297 1995 356 2062 sed
373 1993 489 2064 existit
504 1994 541 2063 in
557 1993 632 2063 eius
646 1993 766 2061 animo
783 1993 937 2084 primum
950 2019 1035 2065 cou-

55 2098 147 2182 trito,
171 2097 212 2165 id
238 2107 307 2180 est,
332 2101 449 2164 terror
472 2119 513 2164 ex
532 2108 723 2186 conspectu
742 2117 823 2164 suae
841 2095 1034 2184 indignita-

1 2237 2 2303 ,
55 2201 111 2279 tis,
136 2211 170 2268 et
193 2216 299 2268 sensu
322 2195 446 2266 iudicii
462 2194 529 2265 Dei
552 2219 613 2264 seu
637 2195 709 2265 irae
732 2199 899 2264 adversus
915 2219 1034 2286 pecca-

1 2311 2 2390 ι
56 2314 141 2382 tum,
167 2323 189 2369 a
214 2323 286 2392 quo
310 2321 384 2368 non
400 2309 514 2387 posset
530 2296 695 2381 liberari,
723 2295 792 2365 nisi
811 2311 1035 2368 revocaretur

55 2426 129 2471 voce
149 2395 305 2488 Christi,
338 2399 399 2492 qui
432 2397 531 2470 iubet
561 2421 640 2466 eum
673 2399 871 2482 confidere,
901 2399 936 2466 id
972 2415 1033 2480 est,

1 2563 2 2571 ,
54 2517 199 2573 statuere
220 2503 314 2594 quod
340 2499 530 2591 recipiatur
550 2497 683 2583 aDeo,
709 2512 742 2568 et
767 2494 893 2570 habeat
909 2501 1034 2570 remis-

54 2605 177 2673 sionem
211 2615 455 2694 peccatorum,
491 2613 526 2672 et
555 2601 655 2672 addit
683 2613 851 2694 tanquam
882 2602 1034 2691 siguum,

1 2785 2 2794 ἵ
55 2730 115 2796 quo
130 2717 279 2776 testetur
294 2727 331 2773 se
348 2703 545 2772 vaccillum
562 2701 718 2794 recipere
735 2717 896 2774 vocatum
915 2707 958 2774 ad
976 2728 1032 2772 so-

54 2807 205 2878 cietatem
225 2804 414 2875 ministerii
431 2801 625 2893 Evangelii.

1 2975 2 2980 ¹
144 2939 200 3012 lta
217 2937 344 3016 Petrus
364 2936 507 3009 territus
528 2937 770 3028 magnitudine
793 2937 973 3022 beneficii,
1000 2931 1033 3010 et

54 3044 206 3114 iudicans
226 3064 263 3110 se
284 3040 473 3130 indiguum
493 3061 567 3108 esse
589 3039 783 3131 praesentia
802 3039 972 3121 Domini,
1000 3054 1034 3112 et

54 3161 114 3214 tam
143 3145 320 3214 immenso
350 3155 384 3211 et
409 3141 595 3231 repentino
618 3143 735 3224 bono,
769 3144 864 3235 quod
890 3143 1033 3212 videbat

55 3247 112 3315 sibi
129 3269 205 3315 uon
221 3268 262 3314 ex
278 3243 400 3312 labore
415 3263 497 3321 suo,
521 3243 581 3311 sed
596 3239 745 3312 Domini
760 3240 931 3312 beneficio
946 3267 1033 3314 con-

2 3332 3 3422 ]
55 3349 180 3438 tigisse,
210 3345 370 3434 exemplo
394 3357 463 3428 est,
489 3368 559 3435 quo
584 3348 733 3438 quisque
755 3345 862 3412 modo
885 3344 929 3414 sit
947 3345 1032 3414 aile-
1062 3343 1072 3362 ⁹

55 3464 136 3534 ctus,
162 3449 269 3520 etiam
286 3469 365 3515 cum
382 3443 561 3538 experitur
574 3441 688 3516 Deum
704 3466 777 3512 non
794 3444 944 3536 iratum,
964 3435 1030 3516 'sed

54 3551 309 3622 misericordem
325 3569 406 3616 csse.
458 3543 549 3616 Nam
569 3569 668 3614 mens
684 3539 838 3615 humana
852 3547 927 3616 sive
943 3547 1032 3616 iram

54 3649 111 3720 Dei
124 3651 262 3734 metuit,
286 3646 768 3745 sivemisericordiamvidet,
789 3661 1032 3744 tamenquan-

55 3769 118 3824 tum
139 3755 179 3823 in
206 3753 280 3844 ipsa
298 3763 368 3835 cst,
396 3763 575 3842 utrunque
594 3749 736 3837 refugit.
788 3746 918 3819 Haeret
936 3752 1031 3819 enim

57 3857 86 3922 in
107 3853 269 3924 omnium
293 3851 421 3922 animis
447 3846 532 3920 haec
554 3849 736 3941 cogitatio,
762 3852 857 3944 quod
882 3875 1031 3943 poenam

57 3957 161 4026 meriti
190 3955 322 4033 simus,
355 3952 596 4022 misericordia
626 3976 710 4021 vero
739 3953 879 4042 indigni
912 3954 1033 4038 sirnns,

57 4055 115 4126 llic
136 4077 278 4128 neccsse
301 4068 352 4126 est
373 4077 438 4122 nos
460 4053 551 4122 sicut
573 4051 739 4138 Petrum,
764 4056 922 4130 revocari
947 4080 1033 4125 voce

56 4155 197 4230 Christi:
224 4153 278 4228 Ne
299 4170 453 4238 metuas,
480 4155 577 4248 quasi
600 4155 710 4238 dicat,
735 4153 818 4226 Ideo
844 4157 926 4249 quia
942 4171 980 4228 tu
997 4181 1033 4226 cs

57 4275 226 4347 peccator,
257 4273 290 4329 et
315 4257 458 4329 terreris
484 4272 543 4326 tua
568 4255 914 4346 indignitate‚'v010
939 4273 972 4327 te
994 4259 1033 4326 in

58 4389 120 4431 mea
138 4361 381 4432 misericordia
409 4372 442 4427 ct
464 4358 621 4429 bonitate
637 4381 735 4448 spem
752 4355 900 4444 habere,
927 4375 959 4431 et
976 4385 1034 4430 ac-

58 4467 237 4552 quiescere.
289 4459 436 4532 Confide
460 4461 586 4550 igitur,
613 4474 646 4528 et
668 4483 741 4528 non
759 4475 894 4530 tantum
914 4463 951 4530 in
968 4457 1033 4532 hac

59 4591 88 4632 re
108 4591 224 4636 meum
242 4561 452 4635 beneficium
474 4562 621 4645 senties,
648 4563 706 4629 scd
730 4562 853 4628 luciam
872 4579 905 4634 te
921 4565 1034 4654 pisca-

58 4683 155 4736 torem
183 4663 394 4750 hominum',
427 4658 494 4734 hoc
513 4678 583 4748 est,
618 4661 830 4755 Apostolum
854 4677 886 4733 et
912 4670 1034 4736 docto-

59 4791 120 4834 rem
147 4771 185 4838 in
210 4790 319 4858 regno
341 4788 439 4850 mco,
465 4767 568 4856 longe
586 4764 712 4850 alium,
740 4787 845 4858 quam
864 4760 1034 4837 hactenus

58 4870 142 4939 tuere
158 4873 320 4952 doctores
337 4869 374 4937 in
395 4867 524 4960 populo
541 4865 622 4938 Dei.
794 4869 796 4872 ’

147 5004 328 5094 Allcgoria
354 5002 550 5094 utriusque
587 5002 655 5071 loci
696 5003 891 5094 plurimum
928 4997 1035 5072 hahet

62 5108 228 5177 suavitatis
251 5110 293 5174 dc
310 5101 479 5176 Ecclesia.
520 5101 616 5172 Hace
631 5127 709 5172 cum
727 5119 876 5197 quaerat.
888 5127 1034 5192 regnum

63 5204 137 5288 Dei,
171 5209 304 5279 etiamsi
331 5217 407 5296 eget
432 5207 470 5276 in
495 5207 651 5288 mundo,
678 5219 794 5276 tamen
819 5217 1045 5277 sustentatur·

63 5307 93 5376 in
114 5311 235 5380 mediis
251 5308 524 5424 afflictionibus,
551 5309 725 5400 duratque
741 5323 930 5401 perpetuo,
954 5331 1033 5380 cum

151 981 256 1052 Ana
275 979 376 1052 tosus
399 993 449 1052 ea
466 981 509 1050 ae
525 979 687 1051 uaesana
701 979 898 1070 spartium,
924 978 959 1049 aa
978 991 1040 1064 aa,
1090 957 1161 1063 3¹¹¹·
1226 943 1326 1018 sun
1350 946 1445 1016 enim
1469 948 1581 1038 riuu
1604 949 1641 1016 in
1665 948 1732 1018 reti
1752 951 1820 1020 sub
1843 973 1933 1043 esua
1955 953 2077 1034 latent,

54 1085 94 1152 de
117 1081 328 1154 remissione
350 1095 585 1174 peccatorum.
625 1079 715 1150 Nam
738 1081 826 1151 illud
845 1081 944 1172 prins
962 1105 1040 1150 cor-

55 1184 170 1274 porale
198 1185 428 1266 beneficium,
462 1205 558 1252 nunc
580 1180 688 1253 Petro
712 1183 750 1253 lit
773 1196 1042 1257 sacramentum.

54 1285 220 1376 lntelligit
228 1285 401 1387 diviuitas
409 1285 476 1354 sibi
486 1281 672 1373 contigisse
689 1280 756 1354 hoc
770 1284 991 1368 beneficium,
1007 1297 1041 1354 et

1091 1059 1138 1116 ita
1153 1041 1310 1116 Ecclesia
1333 1046 1372 1116 in
1393 1043 1458 1116 hac
1481 1049 1551 1121 vita
1573 1048 1658 1121 latet
1672 1052 1798 1120 obruta
1812 1051 2077 1138 afflictionibus,

1090 1160 1125 1218 et
1147 1147 1353 1220 infirmitate
1377 1147 1493 1219 omnis
1508 1151 1655 1240 generis
1708 1153 1764 1222 Ad
1780 1166 1974 1224 extremum
1991 1180 2075 1226 vero
2151 1179 2159 1190 ·

1091 1261 1274 1341 postquam
1299 1263 1372 1322 rete
1392 1274 1433 1318 ex
1456 1274 1548 1344 aqua
1568 1267 1759 1323 extractum
1774 1253 1900 1340 fuerit,
1925 1280 2075 1348 appare-

1090 1350 1144 1420 bit
1163 1351 1305 1422 sructus
1319 1351 1464 1421 uberior
1484 1354 1644 1423 omnium
1665 1355 1855 1447 opinione,
1887 1369 1928 1428 ut
1948 1358 2075 1448 iugens

1090 1465 1135 1523 sit
1157 1451 1318 1522 omnium
1341 1453 1462 1524 futura
1483 1455 1685 1526 admiratio.
1749 1454 1966 1547 Proponitnr
1990 1459 2073 1530 item

1088 1554 1282 1624 consolatio
1313 1555 1481 1624 adversus
1512 1557 1736 1642 scandalum,
1768 1557 1864 1650 quod
1887 1559 1988 1629 multi
2010 1562 2073 1630 de-

1087 1655 1212 1726 ficiunt
1240 1657 1287 1725 ab
1309 1654 1526 1746 Evangelio,
1560 1671 1594 1728 et
1624 1659 1834 1729 relabuntur
1856 1662 1901 1730 ad
1924 1685 2072 1734 errores.

1088 1753 1177 1826 Nam
1202 1757 1264 1827 etsi
1290 1757 1420 1850 aliqui,
1453 1773 1493 1828 ut
1516 1759 1627 1850 pisces
1647 1774 1751 1850 rupto
1775 1761 1860 1844 reti,
1894 1763 2072 1847 excidunt,

1086 1871 1204 1928 tamen
1230 1859 1266 1927 in
1290 1858 1437 1952 reliquis
1458 1861 1577 1930 efficax
1602 1874 1655 1930 est
1679 1862 1935 1946 ministerium,
1968 1866 2071 1935 multi

1087 1973 1272 2030 servantur
1296 1975 1331 2030 et
1356 1962 1553 2031 manentia
1570 1963 1732 2031 societate
1748 1965 1987 2033 membrorum
2003 1963 2072 2034 Ec·

1086 2061 1208 2130 elesiae
1227 2075 1260 2130 et
1276 2059 1499 2130 consessione
1514 2085 1622 2153 purae
1635 2063 1817 2132 doctrinae
1833 2061 2030 2154 Evangelii.

1217 2324 1437 2412 Dominica
1465 2328 1543 2413 vt.
1574 2334 1671 2437 post
1698 2327 1934 2413 Trinitatis.

1334 2490 1568 2584 Evangelium
1590 2488 1766 2566 Matthaei
1780 2490 1818 2568 5.

1134 2633 1228 2711 Nisi
1252 2633 1497 2709 ubundaverit
1527 2637 1675 2708 iusticia
1706 2649 1824 2711 vestra
1842 2639 1930 2737 plus
1957 2668 2069 2741 quum

1185 2737 1403 2812 Scribarum
1426 2749 1457 2810 et
1475 2733 1766 2811 Pharisaeorum
1790 2765 1863 2812 non
1879 2743 2069 2815 intrabitis

1186 2841 1225 2911 in
1242 2865 1392 2936 ragnum
1409 2837 1599 2917 corianam.

1135 2956 1306 3033 Audistis
1329 2960 1419 3059 quia
1443 2957 1580 3032 dictum
1602 2961 1851 3060 estantiquis:
1877 2967 1962 3038 Non
1977 2965 2068 3035 occi-

1186 3058 1265 3148 des,
1292 3061 1359 3160 qui
1377 3072 1497 3134 autem
1523 3059 1708 3150 occiderit,
1736 3089 1817 3138 raus
1836 3065 1903 3137 erit
1921 3061 2067 3139 iudicio.

1185 3161 1273 3260 Ego
1287 3174 1408 3236 autem
1424 3161 1505 3236 dica
1521 3155 1639 3236 viabis:
1655 3161 1768 3264 ¹Quia
1786 3166 1905 3239 omnis
1915 3169 1982 3265 qui
1989 3167 2069 3238 ira-

1184 3269 1301 3338 scitur
1324 3265 1450 3367 sratri
1467 3292 1555 3358 suo,
1590 3291 1670 3338 rcus
1691 3266 1759 3339 erit
1784 3266 1932 3344 iudicio.
1992 3267 2072 3366 Qui

1185 3378 1305 3439 autem
1333 3363 1470 3440 dixerit
1484 3366 1612 3470 fratri
1626 3393 1710 3453 suo,
1738 3363 1871 3452 racha,
1899 3395 1981 3442 reus
2002 3371 2068 3442 erit

1187 3466 1352 3544 concilio.
1410 3465 1490 3566 Qui
1509 3479 1630 3540 autem
1656 3465 1813 3552 dixerit,
1832 3471 1961 3573 fatue,
1989 3497 2069 3544 reus

1185 3571 1252 3642 erit
1267 3565 1457 3666 gehennae
1473 3571 1584 3666 ignis.

1134 3683 1181 3760 Si
1204 3711 1289 3784 ergo
1310 3681 1421 3789 offers
1445 3713 1579 3760 munus
1601 3697 1704 3758 taum
1720 3683 1775 3757 ad
1792 3686 1934 3770 altare,
1961 3698 1992 3760 et
2016 3688 2070 3760 ibi

1186 3786 1396 3862 recordatus
1417 3789 1542 3891 fueris
1573 3790 1664 3889 quia
1686 3790 1815 3889 frater
1845 3800 1930 3862 tuus
1958 3785 2069 3860 habat

1185 3889 1338 3990 aliquid
1351 3888 1544 3964 adversum
1561 3902 1611 3973 te,
1628 3893 1802 3990 'relinque
1817 3916 1949 3963 maenas
1965 3901 2066 3962 tuum
2151 3927 2159 3942 ·

1185 4004 1271 4063 ante
1306 3991 1447 4077 uitare,
1489 4005 1520 4064 et
1555 3990 1645 4062 vade
1671 3996 1796 4087 prius,
1836 3989 2069 4064 reconciliare

1177 4093 1305 4194 fratri
1327 4105 1408 4178 tua,
1441 4105 1473 4166 et
1496 4106 1580 4167 tunc
1606 4095 1746 4164 venians
1773 4087 1908 4194 afferas
1933 4119 2069 4166 munus

1184 4207 1297 4269 tuum.

1134 4311 1231 4385 Esto
1255 4313 1479 4386 consentiens
1502 4308 1717 4383 adversario
1738 4320 1800 4381 tuo
1815 4309 1903 4396 cita,
1929 4307 2015 4382 dum
2034 4338 2069 4382 es

1187 4420 1225 4487 ia
1251 4416 1310 4486 viu
1334 4441 1413 4486 aum
1437 4439 1494 4497 eo,
1523 4439 1566 4485 ua
1582 4415 1685 4512 sorte
1701 4408 1829 4484 tradat
1844 4423 1875 4483 te
1892 4410 2069 4484 aduersa-

1185 4518 1264 4588 rius
1290 4513 1423 4603 iudici,
1449 4528 1480 4589 et
1496 4513 1610 4587 iudex
1626 4511 1754 4584 tradat
1770 4525 1801 4584 te
1819 4516 2010 4602 ministra,
2037 4525 2068 4585 et

1185 4621 1224 4689 in
1240 4643 1413 4691 carcerem
1430 4617 1603 4690 mittaris.
1659 4615 1782 4687 Amcm
1797 4613 1878 4687 dico
1894 4616 1973 4695 tibi,
1995 4643 2067 4688 aaa

1186 4721 1306 4793 exibis
1321 4717 1424 4810 inde,
1451 4716 1560 4793 dones
1578 4713 1709 4789 reddas
1723 4717 1961 4789 novissimum
1976 4744 2068 4816 qua·
2102 4777 2106 4790 .

1186 4820 1367 4897 dranum.

1134 4953 1228 5032 Octa
1244 4975 1328 5032 sunt
1345 4957 1523 5051 praecipui
1540 4957 1619 5027 loci.

1237 5096 1266 5168 l.
1319 5095 1512 5167 Necessitas
1530 5092 1688 5164 iusticiae
1703 5117 1860 5186 operum.

1240 5197 1286 5273 ll.
1338 5197 1535 5269 Discrimen
1570 5193 1726 5266 iusticias
1756 5195 1871 5266 carnis
1898 5205 1930 5260 et
1967 5191 2071 5284 spiri-

1294 5301 1409 5372 tuatis.

1382 5402 1429 5472 et
1446 5395 1464 5436 *
