<?xml version="1.0" encoding="UTF-8"?>
<!DOCTYPE html PUBLIC "-//W3C//DTD XHTML 1.0 Transitional//EN"
    "http://www.w3.org/TR/xhtml1/DTD/xhtml1-transitional.dtd">
<html xmlns="http://www.w3.org/1999/xhtml" xml:lang="en" lang="en">
 <head>
  <title>
</title>
<meta http-equiv="Content-Type" content="text/html;charset=utf-8" />
  <meta name='ocr-system' content='tesseract 3.04.00' />
  <meta name='ocr-capabilities' content='ocr_page ocr_carea ocr_par ocr_line ocrx_word'/>
</head>
<body>
  <div class='ocr_page' id='page_1' title='image "./corpusreformato24melagoog_0373.png"; bbox 0 0 4590 5808; ppageno 0'>
   <div class='ocr_carea' id='block_1_1' title="bbox 268 138 454 236">
    <p class='ocr_par' dir='ltr' id='par_1_1' title="bbox 268 138 454 236">
     <span class='ocr_line' id='line_1_1' title="bbox 268 138 454 236; baseline -0.032 -23"><span class='ocrx_word' id='word_1_1' title='bbox 268 138 344 212; x_wconf 77' lang='grc' dir='ltr'><strong>ιιι</strong></span> <span class='ocrx_word' id='word_1_2' title='bbox 450 223 454 236; x_wconf 19' lang='lat'>⁸</span> 
     </span>
    </p>
   </div>
   <div class='ocr_carea' id='block_1_2' title="bbox 265 291 1260 486">
    <p class='ocr_par' dir='ltr' id='par_1_2' title="bbox 265 291 1260 486">
     <span class='ocr_line' id='line_1_2' title="bbox 270 291 1259 396; baseline -0.022 -13"><span class='ocrx_word' id='word_1_3' title='bbox 270 308 382 382; x_wconf 90' lang='lat' dir='ltr'><strong>nerali</strong></span> <span class='ocrx_word' id='word_1_4' title='bbox 402 297 639 396; x_wconf 78' lang='lat' dir='ltr'><strong>appellatione</strong></span> <span class='ocrx_word' id='word_1_5' title='bbox 659 292 817 364; x_wconf 89' lang='lat' dir='ltr'><strong>dilectio:</strong></span> <span class='ocrx_word' id='word_1_6' title='bbox 857 305 892 362; x_wconf 91' lang='lat' dir='ltr'><strong>et</strong></span> <span class='ocrx_word' id='word_1_7' title='bbox 920 291 983 384; x_wconf 90' lang='lat' dir='ltr'><strong>qui</strong></span> <span class='ocrx_word' id='word_1_8' title='bbox 1011 303 1163 381; x_wconf 87' lang='lat' dir='ltr'><strong>praestat</strong></span> <span class='ocrx_word' id='word_1_9' title='bbox 1194 295 1259 362; x_wconf 90' lang='lat' dir='ltr'><strong>ob-</strong></span> 
     </span>
     <span class='ocr_line' id='line_1_3' title="bbox 265 392 1260 486; baseline -0.026 -4"><span class='ocrx_word' id='word_1_10' title='bbox 265 408 458 484; x_wconf 84' lang='lat' dir='ltr'><strong>edientiam</strong></span> <span class='ocrx_word' id='word_1_11' title='bbox 482 403 580 471; x_wconf 81' lang='lat' dir='ltr'><strong>iuxta</strong></span> <span class='ocrx_word' id='word_1_12' title='bbox 602 393 689 466; x_wconf 90' lang='lat' dir='ltr'><strong>haec</strong></span> <span class='ocrx_word' id='word_1_13' title='bbox 714 407 915 486; x_wconf 86' lang='lat' dir='ltr'><strong>praecepta,</strong></span> <span class='ocrx_word' id='word_1_14' title='bbox 948 392 979 460; x_wconf 89' lang='lat' dir='ltr'><strong>is</strong></span> <span class='ocrx_word' id='word_1_15' title='bbox 1003 415 1084 460; x_wconf 85' lang='lat' dir='ltr'><strong>vere</strong></span> <span class='ocrx_word' id='word_1_16' title='bbox 1108 409 1260 482; x_wconf 75' lang='lat' dir='ltr'><strong>praestat</strong></span> 
     </span>
    </p>
   </div>
   <div class='ocr_carea' id='block_1_3' title="bbox 141 493 1259 593">
    <p class='ocr_par' dir='ltr' id='par_1_3' title="bbox 141 493 1259 593">
     <span class='ocr_line' id='line_1_4' title="bbox 141 493 1259 593; baseline -0.02 -7"><span class='ocrx_word' id='word_1_17' title='bbox 141 563 145 572; x_wconf 82' lang='lat'><em>·</em></span> <span class='ocrx_word' id='word_1_18' title='bbox 271 509 480 586; x_wconf 88' lang='lat' dir='ltr'><strong>hominibus</strong></span> <span class='ocrx_word' id='word_1_19' title='bbox 496 527 554 591; x_wconf 89' lang='lat' dir='ltr'><strong>ea,</strong></span> <span class='ocrx_word' id='word_1_20' title='bbox 581 523 668 593; x_wconf 91' lang='lat' dir='ltr'><strong>qnae</strong></span> <span class='ocrx_word' id='word_1_21' title='bbox 686 497 794 566; x_wconf 88' lang='lat' dir='ltr'><strong>vellet</strong></span> <span class='ocrx_word' id='word_1_22' title='bbox 812 495 880 564; x_wconf 91' lang='lat' dir='ltr'><strong>sibi</strong></span> <span class='ocrx_word' id='word_1_23' title='bbox 904 495 950 564; x_wconf 91' lang='lat' dir='ltr'><strong>ab</strong></span> <span class='ocrx_word' id='word_1_24' title='bbox 973 493 1058 584; x_wconf 89' lang='lat' dir='ltr'><strong>ipsis</strong></span> <span class='ocrx_word' id='word_1_25' title='bbox 1079 499 1259 585; x_wconf 89' lang='lat' dir='ltr'><strong>praestari.</strong></span> 
     </span>
    </p>
   </div>
   <div class='ocr_carea' id='block_1_4' title="bbox 191 593 1260 1420">
    <p class='ocr_par' dir='ltr' id='par_1_4' title="bbox 191 593 1258 1094">
     <span class='ocr_line' id='line_1_5' title="bbox 270 593 1257 707; baseline -0.028 -22"><span class='ocrx_word' id='word_1_26' title='bbox 270 615 404 707; x_wconf 84' lang='lat' dir='ltr'><strong>Estque</strong></span> <span class='ocrx_word' id='word_1_27' title='bbox 435 603 627 678; x_wconf 86' lang='lat' dir='ltr'><strong>certissima</strong></span> <span class='ocrx_word' id='word_1_28' title='bbox 647 598 839 669; x_wconf 73' lang='lat' dir='ltr'><strong>declaratio</strong></span> <span class='ocrx_word' id='word_1_29' title='bbox 864 593 971 666; x_wconf 83' lang='lat' dir='ltr'><strong>huius</strong></span> <span class='ocrx_word' id='word_1_30' title='bbox 998 595 1100 666; x_wconf 89' lang='lat' dir='ltr'><strong>dicti:</strong></span> <span class='ocrx_word' id='word_1_31' title='bbox 1137 595 1257 684; x_wconf 74' lang='lat' dir='ltr'><strong>Quae.</strong></span> 
     </span>
     <span class='ocr_line' id='line_1_6' title="bbox 271 693 1258 807; baseline -0.017 -19"><span class='ocrx_word' id='word_1_32' title='bbox 271 737 411 807; x_wconf 89' lang='lat' dir='ltr'><strong>cunque</strong></span> <span class='ocrx_word' id='word_1_33' title='bbox 428 708 551 790; x_wconf 90' lang='lat' dir='ltr'><strong>vultis,</strong></span> <span class='ocrx_word' id='word_1_34' title='bbox 577 716 618 773; x_wconf 94' lang='lat' dir='ltr'><strong>ut</strong></span> <span class='ocrx_word' id='word_1_35' title='bbox 638 701 770 772; x_wconf 92' lang='lat' dir='ltr'><strong>faciant</strong></span> <span class='ocrx_word' id='word_1_36' title='bbox 793 699 894 771; x_wconf 85' lang='lat' dir='ltr'><strong>vobis</strong></span> <span class='ocrx_word' id='word_1_37' title='bbox 914 693 1096 781; x_wconf 89' lang='lat' dir='ltr'><strong>homines,</strong></span> <span class='ocrx_word' id='word_1_38' title='bbox 1124 701 1258 772; x_wconf 87' lang='lat' dir='ltr'><strong>scilicet</strong></span> 
     </span>
     <span class='ocr_line' id='line_1_7' title="bbox 269 800 1258 902; baseline -0.018 -14"><span class='ocrx_word' id='word_1_39' title='bbox 269 822 367 890; x_wconf 89' lang='lat' dir='ltr'><strong>iuxta</strong></span> <span class='ocrx_word' id='word_1_40' title='bbox 385 817 496 902; x_wconf 89' lang='lat' dir='ltr'><strong>legem</strong></span> <span class='ocrx_word' id='word_1_41' title='bbox 513 805 581 879; x_wconf 87' lang='lat' dir='ltr'><strong>Dei</strong></span> <span class='ocrx_word' id='word_1_42' title='bbox 595 829 656 874; x_wconf 91' lang='lat' dir='ltr'><strong>seu</strong></span> <span class='ocrx_word' id='word_1_43' title='bbox 674 802 890 890; x_wconf 88' lang='lat' dir='ltr'><strong>Decalogum</strong></span> <span class='ocrx_word' id='word_1_44' title='bbox 911 813 1005 870; x_wconf 90' lang='lat' dir='ltr'><strong>recte</strong></span> <span class='ocrx_word' id='word_1_45' title='bbox 1024 800 1258 888; x_wconf 89' lang='lat' dir='ltr'><strong>intellectum,</strong></span> 
     </span>
     <span class='ocr_line' id='line_1_8' title="bbox 271 902 1253 994; baseline -0.017 -3"><span class='ocrx_word' id='word_1_46' title='bbox 271 921 391 991; x_wconf 88' lang='lat' dir='ltr'><strong>eadem</strong></span> <span class='ocrx_word' id='word_1_47' title='bbox 408 928 442 985; x_wconf 90' lang='lat' dir='ltr'><strong>et</strong></span> <span class='ocrx_word' id='word_1_48' title='bbox 458 933 519 981; x_wconf 87' lang='lat' dir='ltr'><strong>vos</strong></span> <span class='ocrx_word' id='word_1_49' title='bbox 532 907 636 978; x_wconf 90' lang='lat' dir='ltr'><strong>facite</strong></span> <span class='ocrx_word' id='word_1_50' title='bbox 652 905 734 974; x_wconf 90' lang='lat' dir='ltr'><strong>illis.</strong></span> <span class='ocrx_word' id='word_1_51' title='bbox 769 902 927 974; x_wconf 88' lang='lat' dir='ltr'><strong>Tantum</strong></span> <span class='ocrx_word' id='word_1_52' title='bbox 943 903 987 972; x_wconf 87' lang='lat' dir='ltr'><strong>de</strong></span> <span class='ocrx_word' id='word_1_53' title='bbox 1001 904 1177 994; x_wconf 69' lang='lat' dir='ltr'><strong>pententia</strong></span> <span class='ocrx_word' id='word_1_54' title='bbox 1193 929 1253 976; x_wconf 87' lang='lat' dir='ltr'><strong>seu</strong></span> 
     </span>
     <span class='ocr_line' id='line_1_9' title="bbox 191 1003 1108 1094; baseline -0.025 0"><span class='ocrx_word' id='word_1_55' title='bbox 191 1079 196 1094; x_wconf 87' lang='grc'><em>,</em></span> <span class='ocrx_word' id='word_1_56' title='bbox 271 1019 452 1094; x_wconf 87' lang='lat' dir='ltr'><strong>intellectu</strong></span> <span class='ocrx_word' id='word_1_57' title='bbox 467 1008 575 1084; x_wconf 85' lang='lat' dir='ltr'><strong>huius</strong></span> <span class='ocrx_word' id='word_1_58' title='bbox 590 1006 674 1078; x_wconf 89' lang='lat' dir='ltr'><strong>dicti</strong></span> <span class='ocrx_word' id='word_1_59' title='bbox 692 1007 850 1077; x_wconf 88' lang='lat' dir='ltr'><strong>breviter</strong></span> <span class='ocrx_word' id='word_1_60' title='bbox 866 1005 964 1075; x_wconf 86' lang='lat' dir='ltr'><strong>volui</strong></span> <span class='ocrx_word' id='word_1_61' title='bbox 980 1003 1108 1078; x_wconf 70' lang='lat' dir='ltr'><strong>dicere,</strong></span> 
     </span>
    </p>

    <p class='ocr_par' dir='ltr' id='par_1_5' title="bbox 271 1105 1260 1420">
     <span class='ocr_line' id='line_1_10' title="bbox 371 1105 1256 1205; baseline -0.017 -17"><span class='ocrx_word' id='word_1_62' title='bbox 371 1117 447 1188; x_wconf 91' lang='lat' dir='ltr'><strong>lam</strong></span> <span class='ocrx_word' id='word_1_63' title='bbox 467 1111 668 1205; x_wconf 83' lang='lat' dir='ltr'><strong>saepissime</strong></span> <span class='ocrx_word' id='word_1_64' title='bbox 690 1107 821 1180; x_wconf 86' lang='lat' dir='ltr'><strong>auditis</strong></span> <span class='ocrx_word' id='word_1_65' title='bbox 841 1109 885 1176; x_wconf 89' lang='lat' dir='ltr'><strong>de</strong></span> <span class='ocrx_word' id='word_1_66' title='bbox 905 1107 982 1195; x_wconf 90' lang='lat' dir='ltr'><strong>lege</strong></span> <span class='ocrx_word' id='word_1_67' title='bbox 1005 1107 1146 1190; x_wconf 88' lang='lat' dir='ltr'><strong>divina,</strong></span> <span class='ocrx_word' id='word_1_68' title='bbox 1173 1105 1256 1176; x_wconf 92' lang='lat' dir='ltr'><strong>nul-</strong></span> 
     </span>
     <span class='ocr_line' id='line_1_11' title="bbox 271 1207 1257 1301; baseline -0.02 -7"><span class='ocrx_word' id='word_1_69' title='bbox 271 1227 346 1294; x_wconf 90' lang='lat' dir='ltr'><strong>lum</strong></span> <span class='ocrx_word' id='word_1_70' title='bbox 369 1215 553 1290; x_wconf 88' lang='lat' dir='ltr'><strong>hominem</strong></span> <span class='ocrx_word' id='word_1_71' title='bbox 576 1213 614 1282; x_wconf 93' lang='lat' dir='ltr'><strong>in</strong></span> <span class='ocrx_word' id='word_1_72' title='bbox 636 1207 703 1281; x_wconf 88' lang='lat' dir='ltr'><strong>hac</strong></span> <span class='ocrx_word' id='word_1_73' title='bbox 727 1212 914 1301; x_wconf 87' lang='lat' dir='ltr'><strong>depravata</strong></span> <span class='ocrx_word' id='word_1_74' title='bbox 936 1221 1061 1278; x_wconf 89' lang='lat' dir='ltr'><strong>natura</strong></span> <span class='ocrx_word' id='word_1_75' title='bbox 1083 1229 1184 1299; x_wconf 85' lang='lat' dir='ltr'><strong>posse</strong></span> <span class='ocrx_word' id='word_1_76' title='bbox 1199 1207 1257 1275; x_wconf 88' lang='lat' dir='ltr'><strong>in-</strong></span> 
     </span>
     <span class='ocr_line' id='line_1_12' title="bbox 273 1309 1260 1420; baseline -0.016 -27"><span class='ocrx_word' id='word_1_77' title='bbox 273 1341 370 1414; x_wconf 87' lang='lat' dir='ltr'><strong>tegre</strong></span> <span class='ocrx_word' id='word_1_78' title='bbox 389 1319 607 1410; x_wconf 85' lang='lat' dir='ltr'><strong>Decalogum</strong></span> <span class='ocrx_word' id='word_1_79' title='bbox 638 1314 804 1404; x_wconf 89' lang='lat' dir='ltr'><strong>implere,</strong></span> <span class='ocrx_word' id='word_1_80' title='bbox 836 1334 875 1380; x_wconf 90' lang='lat' dir='ltr'><strong>ac</strong></span> <span class='ocrx_word' id='word_1_81' title='bbox 896 1309 1135 1420; x_wconf 80' lang='lat' dir='ltr'><strong>obedientiam</strong></span> <span class='ocrx_word' id='word_1_82' title='bbox 1158 1333 1260 1401; x_wconf 92' lang='lat' dir='ltr'><strong>prae-</strong></span> 
     </span>
    </p>
   </div>
   <div class='ocr_carea' id='block_1_5' title="bbox 134 1404 1259 1515">
    <p class='ocr_par' dir='ltr' id='par_1_6' title="bbox 134 1404 1259 1515">
     <span class='ocr_line' id='line_1_13' title="bbox 134 1404 1259 1515; baseline -0.021 -14"><span class='ocrx_word' id='word_1_83' title='bbox 134 1404 144 1427; x_wconf 34' lang='lat' dir='ltr'><strong>l</strong></span> <span class='ocrx_word' id='word_1_84' title='bbox 270 1441 381 1505; x_wconf 90' lang='lat' dir='ltr'><strong>stare,</strong></span> <span class='ocrx_word' id='word_1_85' title='bbox 412 1443 518 1515; x_wconf 91' lang='lat' dir='ltr'><strong>quam</strong></span> <span class='ocrx_word' id='word_1_86' title='bbox 539 1418 595 1486; x_wconf 82' lang='lat' dir='ltr'><strong>lex</strong></span> <span class='ocrx_word' id='word_1_87' title='bbox 612 1415 778 1508; x_wconf 86' lang='lat' dir='ltr'><strong>requirit.</strong></span> <span class='ocrx_word' id='word_1_88' title='bbox 800 1437 802 1443; x_wconf 74' lang='grc'>’</span> <span class='ocrx_word' id='word_1_89' title='bbox 827 1411 918 1484; x_wconf 93' lang='lat' dir='ltr'><strong>Cum</strong></span> <span class='ocrx_word' id='word_1_90' title='bbox 941 1411 1130 1504; x_wconf 74' lang='lat' dir='ltr'><strong>igiturlnee</strong></span> <span class='ocrx_word' id='word_1_91' title='bbox 1145 1411 1259 1480; x_wconf 88' lang='lat' dir='ltr'><strong>renati</strong></span> 
     </span>
    </p>
   </div>
   <div class='ocr_carea' id='block_1_6' title="bbox 166 1510 1264 5374">
    <p class='ocr_par' dir='ltr' id='par_1_7' title="bbox 236 1510 1261 2335">
     <span class='ocr_line' id='line_1_14' title="bbox 270 1510 1258 1623; baseline -0.019 -22"><span class='ocrx_word' id='word_1_92' title='bbox 270 1528 407 1623; x_wconf 89' lang='lat' dir='ltr'><strong>possint</strong></span> <span class='ocrx_word' id='word_1_93' title='bbox 437 1524 477 1592; x_wconf 87' lang='lat' dir='ltr'><strong>in</strong></span> <span class='ocrx_word' id='word_1_94' title='bbox 506 1515 575 1589; x_wconf 87' lang='lat' dir='ltr'><strong>hac</strong></span> <span class='ocrx_word' id='word_1_95' title='bbox 602 1517 745 1589; x_wconf 79' lang='lat' dir='ltr'><strong>mortali</strong></span> <span class='ocrx_word' id='word_1_96' title='bbox 771 1516 843 1585; x_wconf 88' lang='lat' dir='ltr'><strong>vita</strong></span> <span class='ocrx_word' id='word_1_97' title='bbox 866 1515 935 1604; x_wconf 88' lang='lat' dir='ltr'><strong>legi</strong></span> <span class='ocrx_word' id='word_1_98' title='bbox 960 1510 1027 1584; x_wconf 90' lang='lat' dir='ltr'><strong>Dei</strong></span> <span class='ocrx_word' id='word_1_99' title='bbox 1050 1513 1258 1598; x_wconf 80' lang='lat' dir='ltr'><strong>satisfacere,</strong></span> 
     </span>
     <span class='ocr_line' id='line_1_15' title="bbox 272 1615 1259 1725; baseline -0.02 -23"><span class='ocrx_word' id='word_1_100' title='bbox 272 1628 473 1725; x_wconf 89' lang='lat' dir='ltr'><strong>quaeritur,</strong></span> <span class='ocrx_word' id='word_1_101' title='bbox 499 1623 544 1692; x_wconf 90' lang='lat' dir='ltr'><strong>ad</strong></span> <span class='ocrx_word' id='word_1_102' title='bbox 559 1621 646 1714; x_wconf 90' lang='lat' dir='ltr'><strong>quid</strong></span> <span class='ocrx_word' id='word_1_103' title='bbox 661 1641 750 1710; x_wconf 90' lang='lat' dir='ltr'><strong>opus</strong></span> <span class='ocrx_word' id='word_1_104' title='bbox 773 1620 818 1688; x_wconf 92' lang='lat' dir='ltr'><strong>sit</strong></span> <span class='ocrx_word' id='word_1_105' title='bbox 839 1618 965 1685; x_wconf 86' lang='lat' dir='ltr'><strong>docere</strong></span> <span class='ocrx_word' id='word_1_106' title='bbox 988 1639 1029 1685; x_wconf 93' lang='lat' dir='ltr'><strong>ac</strong></span> <span class='ocrx_word' id='word_1_107' title='bbox 1052 1616 1185 1684; x_wconf 81' lang='lat' dir='ltr'><strong>discere</strong></span> <span class='ocrx_word' id='word_1_108' title='bbox 1208 1615 1259 1682; x_wconf 90' lang='lat' dir='ltr'><strong>le-</strong></span> 
     </span>
     <span class='ocr_line' id='line_1_16' title="bbox 272 1716 1260 1824; baseline -0.018 -22"><span class='ocrx_word' id='word_1_109' title='bbox 272 1755 349 1824; x_wconf 86' lang='lat' dir='ltr'><strong>gem</strong></span> <span class='ocrx_word' id='word_1_110' title='bbox 372 1723 556 1798; x_wconf 82' lang='lat' dir='ltr'><strong>divinam?</strong></span> <span class='ocrx_word' id='word_1_111' title='bbox 594 1721 648 1792; x_wconf 92' lang='lat' dir='ltr'><strong>De</strong></span> <span class='ocrx_word' id='word_1_112' title='bbox 671 1716 738 1790; x_wconf 89' lang='lat' dir='ltr'><strong>hac</strong></span> <span class='ocrx_word' id='word_1_113' title='bbox 759 1719 965 1812; x_wconf 78' lang='lat' dir='ltr'><strong>quaestione</strong></span> <span class='ocrx_word' id='word_1_114' title='bbox 982 1719 1106 1787; x_wconf 86' lang='lat' dir='ltr'><strong>crebro</strong></span> <span class='ocrx_word' id='word_1_115' title='bbox 1130 1717 1260 1786; x_wconf 89' lang='lat' dir='ltr'><strong>auditis</strong></span> 
     </span>
     <span class='ocr_line' id='line_1_17' title="bbox 236 1818 1260 1927; baseline -0.013 -23"><span class='ocrx_word' id='word_1_116' title='bbox 236 1869 240 1880; x_wconf 37' lang='lat' dir='ltr'><strong>s</strong></span> <span class='ocrx_word' id='word_1_117' title='bbox 272 1830 427 1927; x_wconf 87' lang='lat' dir='ltr'><strong>proponi</strong></span> <span class='ocrx_word' id='word_1_118' title='bbox 442 1824 671 1898; x_wconf 86' lang='lat' dir='ltr'><strong>necessariam</strong></span> <span class='ocrx_word' id='word_1_119' title='bbox 687 1835 721 1893; x_wconf 90' lang='lat' dir='ltr'><strong>et</strong></span> <span class='ocrx_word' id='word_1_120' title='bbox 735 1822 875 1915; x_wconf 86' lang='lat' dir='ltr'><strong>plenam</strong></span> <span class='ocrx_word' id='word_1_121' title='bbox 890 1819 1031 1912; x_wconf 89' lang='lat' dir='ltr'><strong>pietatis</strong></span> <span class='ocrx_word' id='word_1_122' title='bbox 1048 1818 1260 1891; x_wconf 86' lang='lat' dir='ltr'><strong>doctrinam.</strong></span> 
     </span>
     <span class='ocr_line' id='line_1_18' title="bbox 270 1920 1260 2010; baseline -0.019 -4"><span class='ocrx_word' id='word_1_123' title='bbox 270 1932 336 2006; x_wconf 84' lang='lat' dir='ltr'><strong>Est</strong></span> <span class='ocrx_word' id='word_1_124' title='bbox 350 1929 531 2004; x_wconf 88' lang='lat' dir='ltr'><strong>verissime</strong></span> <span class='ocrx_word' id='word_1_125' title='bbox 548 1940 707 2010; x_wconf 89' lang='lat' dir='ltr'><strong>aeterna,</strong></span> <span class='ocrx_word' id='word_1_126' title='bbox 731 1945 851 1994; x_wconf 87' lang='lat' dir='ltr'><strong>severa</strong></span> <span class='ocrx_word' id='word_1_127' title='bbox 867 1935 901 1992; x_wconf 90' lang='lat' dir='ltr'><strong>et</strong></span> <span class='ocrx_word' id='word_1_128' title='bbox 923 1922 1071 1991; x_wconf 90' lang='lat' dir='ltr'><strong>immota</strong></span> <span class='ocrx_word' id='word_1_129' title='bbox 1093 1920 1260 1990; x_wconf 89' lang='lat' dir='ltr'><strong>voluutas</strong></span> 
     </span>
     <span class='ocr_line' id='line_1_19' title="bbox 272 2019 1259 2124; baseline -0.019 -16"><span class='ocrx_word' id='word_1_130' title='bbox 272 2035 364 2116; x_wconf 87' lang='lat' dir='ltr'><strong>Dei,</strong></span> <span class='ocrx_word' id='word_1_131' title='bbox 387 2047 428 2104; x_wconf 92' lang='lat' dir='ltr'><strong>ut</strong></span> <span class='ocrx_word' id='word_1_132' title='bbox 442 2039 680 2124; x_wconf 90' lang='lat' dir='ltr'><strong>proponatur,</strong></span> <span class='ocrx_word' id='word_1_133' title='bbox 705 2027 873 2094; x_wconf 88' lang='lat' dir='ltr'><strong>doceatur</strong></span> <span class='ocrx_word' id='word_1_134' title='bbox 889 2036 923 2094; x_wconf 90' lang='lat' dir='ltr'><strong>et</strong></span> <span class='ocrx_word' id='word_1_135' title='bbox 939 2023 1094 2092; x_wconf 83' lang='lat' dir='ltr'><strong>discatur</strong></span> <span class='ocrx_word' id='word_1_136' title='bbox 1108 2019 1259 2090; x_wconf 91' lang='lat' dir='ltr'><strong>Decalo·</strong></span> 
     </span>
     <span class='ocr_line' id='line_1_20' title="bbox 271 2124 1261 2228; baseline -0.015 -19"><span class='ocrx_word' id='word_1_137' title='bbox 271 2161 351 2228; x_wconf 90' lang='lat' dir='ltr'><strong>gus:</strong></span> <span class='ocrx_word' id='word_1_138' title='bbox 379 2147 530 2226; x_wconf 89' lang='lat' dir='ltr'><strong>suntque</strong></span> <span class='ocrx_word' id='word_1_139' title='bbox 546 2144 616 2202; x_wconf 88' lang='lat' dir='ltr'><strong>tres</strong></span> <span class='ocrx_word' id='word_1_140' title='bbox 630 2150 771 2212; x_wconf 87' lang='lat' dir='ltr'><strong>causae,</strong></span> <span class='ocrx_word' id='word_1_141' title='bbox 795 2127 833 2194; x_wconf 91' lang='lat' dir='ltr'><strong>id</strong></span> <span class='ocrx_word' id='word_1_142' title='bbox 854 2140 922 2211; x_wconf 89' lang='lat' dir='ltr'><strong>est,</strong></span> <span class='ocrx_word' id='word_1_143' title='bbox 948 2124 1015 2196; x_wconf 90' lang='lat' dir='ltr'><strong>tria</strong></span> <span class='ocrx_word' id='word_1_144' title='bbox 1036 2137 1119 2194; x_wconf 90' lang='lat' dir='ltr'><strong>suut</strong></span> <span class='ocrx_word' id='word_1_145' title='bbox 1135 2124 1261 2208; x_wconf 83' lang='lat' dir='ltr'><strong>officia,</strong></span> 
     </span>
     <span class='ocr_line' id='line_1_21' title="bbox 272 2227 1014 2335; baseline -0.027 -24"><span class='ocrx_word' id='word_1_146' title='bbox 272 2264 336 2310; x_wconf 84' lang='lat' dir='ltr'><strong>seu</strong></span> <span class='ocrx_word' id='word_1_147' title='bbox 349 2237 478 2335; x_wconf 84' lang='lat' dir='ltr'><strong>triplex</strong></span> <span class='ocrx_word' id='word_1_148' title='bbox 494 2247 545 2304; x_wconf 89' lang='lat' dir='ltr'><strong>est</strong></span> <span class='ocrx_word' id='word_1_149' title='bbox 562 2254 645 2300; x_wconf 89' lang='lat' dir='ltr'><strong>usus</strong></span> <span class='ocrx_word' id='word_1_150' title='bbox 661 2227 840 2316; x_wconf 87' lang='lat' dir='ltr'><strong>Decalogi.</strong></span> <span class='ocrx_word' id='word_1_151' title='bbox 1010 2319 1014 2325; x_wconf 24' lang='grc' dir='ltr'>Ι</span> 
     </span>
    </p>

    <p class='ocr_par' dir='ltr' id='par_1_8' title="bbox 166 2323 1263 5176">
     <span class='ocr_line' id='line_1_22' title="bbox 362 2323 1260 2419; baseline -0.016 -12"><span class='ocrx_word' id='word_1_152' title='bbox 362 2337 536 2407; x_wconf 75' lang='lat' dir='ltr'><strong>sPrimum</strong></span> <span class='ocrx_word' id='word_1_153' title='bbox 550 2330 726 2414; x_wconf 87' lang='lat' dir='ltr'><strong>officium,</strong></span> <span class='ocrx_word' id='word_1_154' title='bbox 751 2323 812 2398; x_wconf 82' lang='lat' dir='ltr'><strong>seu</strong></span> <span class='ocrx_word' id='word_1_155' title='bbox 827 2329 962 2419; x_wconf 88' lang='lat' dir='ltr'><strong>primus</strong></span> <span class='ocrx_word' id='word_1_156' title='bbox 983 2349 1067 2396; x_wconf 86' lang='lat' dir='ltr'><strong>usus</strong></span> <span class='ocrx_word' id='word_1_157' title='bbox 1093 2341 1144 2397; x_wconf 94' lang='lat' dir='ltr'><strong>est</strong></span> <span class='ocrx_word' id='word_1_158' title='bbox 1167 2326 1260 2417; x_wconf 89' lang='lat' dir='ltr'><strong>poli-</strong></span> 
     </span>
     <span class='ocr_line' id='line_1_23' title="bbox 273 2427 1261 2527; baseline -0.02 -12"><span class='ocrx_word' id='word_1_159' title='bbox 273 2445 362 2515; x_wconf 90' lang='lat' dir='ltr'><strong>ticus</strong></span> <span class='ocrx_word' id='word_1_160' title='bbox 386 2452 421 2509; x_wconf 93' lang='lat' dir='ltr'><strong>et</strong></span> <span class='ocrx_word' id='word_1_161' title='bbox 444 2431 716 2527; x_wconf 87' lang='lat' dir='ltr'><strong>paedagogicus,</strong></span> <span class='ocrx_word' id='word_1_162' title='bbox 751 2429 883 2500; x_wconf 86' lang='lat' dir='ltr'><strong>scilicet</strong></span> <span class='ocrx_word' id='word_1_163' title='bbox 908 2427 1091 2516; x_wconf 84' lang='lat' dir='ltr'><strong>diligentia</strong></span> <span class='ocrx_word' id='word_1_164' title='bbox 1112 2428 1261 2497; x_wconf 86' lang='lat' dir='ltr'><strong>rationis</strong></span> 
     </span>
     <span class='ocr_line' id='line_1_24' title="bbox 272 2530 1261 2630; baseline -0.018 -15"><span class='ocrx_word' id='word_1_165' title='bbox 272 2545 313 2614; x_wconf 90' lang='lat' dir='ltr'><strong>in</strong></span> <span class='ocrx_word' id='word_1_166' title='bbox 337 2540 490 2630; x_wconf 89' lang='lat' dir='ltr'><strong>regenda</strong></span> <span class='ocrx_word' id='word_1_167' title='bbox 513 2534 699 2628; x_wconf 84' lang='lat' dir='ltr'><strong>disciplina</strong></span> <span class='ocrx_word' id='word_1_168' title='bbox 722 2545 883 2614; x_wconf 82' lang='lat' dir='ltr'><strong>externa,</strong></span> <span class='ocrx_word' id='word_1_169' title='bbox 922 2553 983 2599; x_wconf 91' lang='lat' dir='ltr'><strong>seu</strong></span> <span class='ocrx_word' id='word_1_170' title='bbox 1005 2530 1261 2618; x_wconf 81' lang='lat' dir='ltr'><strong>gubernatione</strong></span> 
     </span>
     <span class='ocr_line' id='line_1_25' title="bbox 274 2625 1260 2729; baseline -0.018 -13"><span class='ocrx_word' id='word_1_171' title='bbox 274 2659 499 2716; x_wconf 82' lang='lat' dir='ltr'><strong>externorum</strong></span> <span class='ocrx_word' id='word_1_172' title='bbox 514 2650 688 2729; x_wconf 82' lang='lat' dir='ltr'><strong>gestuum,</strong></span> <span class='ocrx_word' id='word_1_173' title='bbox 701 2657 816 2728; x_wconf 76' lang='lat' dir='ltr'><strong>‚quam</strong></span> <span class='ocrx_word' id='word_1_174' title='bbox 832 2630 963 2721; x_wconf 81' lang='lat' dir='ltr'><strong>singuli</strong></span> <span class='ocrx_word' id='word_1_175' title='bbox 978 2625 1141 2700; x_wconf 88' lang='lat' dir='ltr'><strong>homines</strong></span> <span class='ocrx_word' id='word_1_176' title='bbox 1156 2631 1260 2722; x_wconf 85' lang='lat' dir='ltr'><strong>etia‘m</strong></span> 
     </span>
     <span class='ocr_line' id='line_1_26' title="bbox 272 2733 1261 2826; baseline -0.017 -9"><span class='ocrx_word' id='word_1_177' title='bbox 272 2751 313 2816; x_wconf 90' lang='lat' dir='ltr'><strong>in</strong></span> <span class='ocrx_word' id='word_1_178' title='bbox 335 2741 401 2816; x_wconf 91' lang='lat' dir='ltr'><strong>hac</strong></span> <span class='ocrx_word' id='word_1_179' title='bbox 422 2739 664 2812; x_wconf 89' lang='lat' dir='ltr'><strong>imbecillitate</strong></span> <span class='ocrx_word' id='word_1_180' title='bbox 680 2733 902 2806; x_wconf 88' lang='lat' dir='ltr'><strong>naturalibus</strong></span> <span class='ocrx_word' id='word_1_181' title='bbox 923 2733 1058 2802; x_wconf 86' lang='lat' dir='ltr'><strong>viribus</strong></span> <span class='ocrx_word' id='word_1_182' title='bbox 1080 2748 1261 2826; x_wconf 89' lang='lat' dir='ltr'><strong>utcunque</strong></span> 
     </span>
     <span class='ocr_line' id='line_1_27' title="bbox 272 2830 1259 2942; baseline -0.019 -21"><span class='ocrx_word' id='word_1_183' title='bbox 272 2859 423 2942; x_wconf 89' lang='lat' dir='ltr'><strong>possunt</strong></span> <span class='ocrx_word' id='word_1_184' title='bbox 445 2844 589 2916; x_wconf 85' lang='lat' dir='ltr'><strong>efficere.</strong></span> <span class='ocrx_word' id='word_1_185' title='bbox 656 2837 871 2930; x_wconf 85' lang='lat' dir='ltr'><strong>Quanquam</strong></span> <span class='ocrx_word' id='word_1_186' title='bbox 896 2835 991 2904; x_wconf 86' lang='lat' dir='ltr'><strong>enirn</strong></span> <span class='ocrx_word' id='word_1_187' title='bbox 1012 2830 1099 2906; x_wconf 88' lang='lat' dir='ltr'><strong>haec</strong></span> <span class='ocrx_word' id='word_1_188' title='bbox 1121 2835 1259 2904; x_wconf 87' lang='lat' dir='ltr'><strong>infirma</strong></span> 
     </span>
     <span class='ocr_line' id='line_1_28' title="bbox 166 2936 1260 3038; baseline -0.016 -14"><span class='ocrx_word' id='word_1_189' title='bbox 166 2995 174 3009; x_wconf 93' lang='lat'><strong>·</strong></span> <span class='ocrx_word' id='word_1_190' title='bbox 274 2964 311 3022; x_wconf 90' lang='lat' dir='ltr'><strong>et</strong></span> <span class='ocrx_word' id='word_1_191' title='bbox 327 2959 494 3038; x_wconf 87' lang='lat' dir='ltr'><strong>corrupta</strong></span> <span class='ocrx_word' id='word_1_192' title='bbox 511 2959 637 3012; x_wconf 87' lang='lat' dir='ltr'><strong>natura</strong></span> <span class='ocrx_word' id='word_1_193' title='bbox 652 2936 841 3012; x_wconf 87' lang='lat' dir='ltr'><strong>hominnm</strong></span> <span class='ocrx_word' id='word_1_194' title='bbox 858 2963 932 3007; x_wconf 91' lang='lat' dir='ltr'><strong>non</strong></span> <span class='ocrx_word' id='word_1_195' title='bbox 954 2950 1069 3028; x_wconf 86' lang='lat' dir='ltr'><strong>potest</strong></span> <span class='ocrx_word' id='word_1_196' title='bbox 1092 2938 1260 3007; x_wconf 90' lang='lat' dir='ltr'><strong>interiore</strong></span> 
     </span>
     <span class='ocr_line' id='line_1_29' title="bbox 273 3038 1261 3142; baseline -0.018 -19"><span class='ocrx_word' id='word_1_197' title='bbox 273 3068 309 3124; x_wconf 87' lang='grc' dir='ltr'><strong>ει</strong></span> <span class='ocrx_word' id='word_1_198' title='bbox 326 3050 478 3142; x_wconf 88' lang='lat' dir='ltr'><strong>perfecta</strong></span> <span class='ocrx_word' id='word_1_199' title='bbox 501 3043 701 3116; x_wconf 91' lang='lat' dir='ltr'><strong>obedientia</strong></span> <span class='ocrx_word' id='word_1_200' title='bbox 727 3041 843 3112; x_wconf 90' lang='lat' dir='ltr'><strong>cordis</strong></span> <span class='ocrx_word' id='word_1_201' title='bbox 863 3038 1038 3128; x_wconf 84' lang='lat' dir='ltr'><strong>Decalogo</strong></span> <span class='ocrx_word' id='word_1_202' title='bbox 1056 3041 1261 3122; x_wconf 83' lang='lat' dir='ltr'><strong>satisfacere,</strong></span> 
     </span>
     <span class='ocr_line' id='line_1_30' title="bbox 274 3140 1260 3242; baseline -0.018 -18"><span class='ocrx_word' id='word_1_203' title='bbox 274 3179 314 3223; x_wconf 92' lang='lat' dir='ltr'><strong>ac</strong></span> <span class='ocrx_word' id='word_1_204' title='bbox 331 3153 443 3242; x_wconf 87' lang='lat' dir='ltr'><strong>legem</strong></span> <span class='ocrx_word' id='word_1_205' title='bbox 457 3147 620 3238; x_wconf 89' lang='lat' dir='ltr'><strong>implere:</strong></span> <span class='ocrx_word' id='word_1_206' title='bbox 646 3157 765 3214; x_wconf 90' lang='lat' dir='ltr'><strong>tamen</strong></span> <span class='ocrx_word' id='word_1_207' title='bbox 781 3140 998 3212; x_wconf 86' lang='lat' dir='ltr'><strong>severissime</strong></span> <span class='ocrx_word' id='word_1_208' title='bbox 1014 3141 1092 3210; x_wconf 88' lang='lat' dir='ltr'><strong>vult</strong></span> <span class='ocrx_word' id='word_1_209' title='bbox 1107 3155 1140 3211; x_wconf 86' lang='lat' dir='ltr'><strong>et</strong></span> <span class='ocrx_word' id='word_1_210' title='bbox 1157 3163 1260 3230; x_wconf 87' lang='lat' dir='ltr'><strong>prae-</strong></span> 
     </span>
     <span class='ocr_line' id='line_1_31' title="bbox 275 3235 1261 3346; baseline -0.015 -22"><span class='ocrx_word' id='word_1_211' title='bbox 275 3256 362 3346; x_wconf 92' lang='lat' dir='ltr'><strong>cipit</strong></span> <span class='ocrx_word' id='word_1_212' title='bbox 386 3251 502 3334; x_wconf 90' lang='lat' dir='ltr'><strong>Deus,</strong></span> <span class='ocrx_word' id='word_1_213' title='bbox 536 3261 575 3319; x_wconf 87' lang='grc' dir='ltr'><strong>ιιι</strong></span> <span class='ocrx_word' id='word_1_214' title='bbox 599 3261 739 3316; x_wconf 78' lang='lat' dir='ltr'><strong>externa</strong></span> <span class='ocrx_word' id='word_1_215' title='bbox 762 3244 920 3313; x_wconf 89' lang='lat' dir='ltr'><strong>membra</strong></span> <span class='ocrx_word' id='word_1_216' title='bbox 942 3247 1169 3312; x_wconf 71' lang='lat' dir='ltr'><strong>cobrceantur</strong></span> <span class='ocrx_word' id='word_1_217' title='bbox 1192 3235 1261 3309; x_wconf 88' lang='lat' dir='ltr'><strong>hoc</strong></span> 
     </span>
     <span class='ocr_line' id='line_1_32' title="bbox 274 3337 1261 3448; baseline -0.016 -23"><span class='ocrx_word' id='word_1_218' title='bbox 274 3355 375 3448; x_wconf 88' lang='lat' dir='ltr'><strong>quasi</strong></span> <span class='ocrx_word' id='word_1_219' title='bbox 403 3354 504 3422; x_wconf 88' lang='lat' dir='ltr'><strong>freno</strong></span> <span class='ocrx_word' id='word_1_220' title='bbox 530 3349 759 3440; x_wconf 87' lang='lat' dir='ltr'><strong>disciplinae,</strong></span> <span class='ocrx_word' id='word_1_221' title='bbox 797 3369 843 3414; x_wconf 88' lang='lat' dir='ltr'><strong>ne</strong></span> <span class='ocrx_word' id='word_1_222' title='bbox 868 3357 975 3414; x_wconf 87' lang='lat' dir='ltr'><strong>ruant</strong></span> <span class='ocrx_word' id='word_1_223' title='bbox 995 3343 1034 3412; x_wconf 90' lang='lat' dir='ltr'><strong>in</strong></span> <span class='ocrx_word' id='word_1_224' title='bbox 1056 3337 1261 3430; x_wconf 88' lang='lat' dir='ltr'><strong>homicidia,</strong></span> 
     </span>
     <span class='ocr_line' id='line_1_33' title="bbox 274 3445 1262 3538; baseline -0.014 -10"><span class='ocrx_word' id='word_1_225' title='bbox 274 3456 468 3538; x_wconf 89' lang='lat' dir='ltr'><strong>adulteria,</strong></span> <span class='ocrx_word' id='word_1_226' title='bbox 494 3455 605 3536; x_wconf 88' lang='lat' dir='ltr'><strong>furta,</strong></span> <span class='ocrx_word' id='word_1_227' title='bbox 631 3450 687 3519; x_wconf 91' lang='lat' dir='ltr'><strong>vel</strong></span> <span class='ocrx_word' id='word_1_228' title='bbox 703 3448 771 3516; x_wconf 89' lang='lat' dir='ltr'><strong>alia</strong></span> <span class='ocrx_word' id='word_1_229' title='bbox 789 3461 929 3518; x_wconf 88' lang='lat' dir='ltr'><strong>externa</strong></span> <span class='ocrx_word' id='word_1_230' title='bbox 953 3445 1078 3514; x_wconf 90' lang='lat' dir='ltr'><strong>delicta</strong></span> <span class='ocrx_word' id='word_1_231' title='bbox 1099 3446 1262 3514; x_wconf 88' lang='lat' dir='ltr'><strong>commit-</strong></span> 
     </span>
     <span class='ocr_line' id='line_1_34' title="bbox 276 3543 1261 3647; baseline -0.015 -18"><span class='ocrx_word' id='word_1_232' title='bbox 276 3573 363 3629; x_wconf 90' lang='lat' dir='ltr'><strong>tant.</strong></span> <span class='ocrx_word' id='word_1_233' title='bbox 404 3558 456 3625; x_wconf 85' lang='lat' dir='ltr'><strong>Ac</strong></span> <span class='ocrx_word' id='word_1_234' title='bbox 474 3555 536 3647; x_wconf 89' lang='lat' dir='ltr'><strong>qni</strong></span> <span class='ocrx_word' id='word_1_235' title='bbox 553 3577 627 3620; x_wconf 91' lang='lat' dir='ltr'><strong>non</strong></span> <span class='ocrx_word' id='word_1_236' title='bbox 641 3550 767 3622; x_wconf 91' lang='lat' dir='ltr'><strong>volunt</strong></span> <span class='ocrx_word' id='word_1_237' title='bbox 785 3543 877 3617; x_wconf 91' lang='lat' dir='ltr'><strong>hanc</strong></span> <span class='ocrx_word' id='word_1_238' title='bbox 893 3545 1131 3618; x_wconf 86' lang='lat' dir='ltr'><strong>obedientiam</strong></span> <span class='ocrx_word' id='word_1_239' title='bbox 1148 3563 1261 3616; x_wconf 86' lang='lat' dir='ltr'><strong>exter-</strong></span> 
     </span>
     <span class='ocr_line' id='line_1_35' title="bbox 276 3647 1260 3749; baseline -0.015 -19"><span class='ocrx_word' id='word_1_240' title='bbox 276 3685 360 3732; x_wconf 88' lang='lat' dir='ltr'><strong>nam</strong></span> <span class='ocrx_word' id='word_1_241' title='bbox 381 3671 572 3749; x_wconf 89' lang='lat' dir='ltr'><strong>praestarc,</strong></span> <span class='ocrx_word' id='word_1_242' title='bbox 598 3655 656 3722; x_wconf 89' lang='lat' dir='ltr'><strong>sed</strong></span> <span class='ocrx_word' id='word_1_243' title='bbox 682 3651 906 3740; x_wconf 86' lang='lat' dir='ltr'><strong>disciplinam</strong></span> <span class='ocrx_word' id='word_1_244' title='bbox 925 3649 1090 3721; x_wconf 86' lang='lat' dir='ltr'><strong>atrociter</strong></span> <span class='ocrx_word' id='word_1_245' title='bbox 1114 3647 1260 3726; x_wconf 90' lang='lat' dir='ltr'><strong>violant,</strong></span> 
     </span>
     <span class='ocr_line' id='line_1_36' title="bbox 275 3749 1262 3844; baseline -0.015 -12"><span class='ocrx_word' id='word_1_246' title='bbox 275 3787 334 3832; x_wconf 87' lang='lat' dir='ltr'><strong>eos</strong></span> <span class='ocrx_word' id='word_1_247' title='bbox 350 3773 483 3830; x_wconf 87' lang='lat' dir='ltr'><strong>certum</strong></span> <span class='ocrx_word' id='word_1_248' title='bbox 499 3770 551 3825; x_wconf 92' lang='lat' dir='ltr'><strong>est</strong></span> <span class='ocrx_word' id='word_1_249' title='bbox 567 3752 675 3825; x_wconf 89' lang='lat' dir='ltr'><strong>aDeo</strong></span> <span class='ocrx_word' id='word_1_250' title='bbox 690 3751 812 3844; x_wconf 88' lang='lat' dir='ltr'><strong>puniri</strong></span> <span class='ocrx_word' id='word_1_251' title='bbox 826 3752 951 3843; x_wconf 92' lang='lat' dir='ltr'><strong>poenis</strong></span> <span class='ocrx_word' id='word_1_252' title='bbox 964 3749 1141 3820; x_wconf 90' lang='lat' dir='ltr'><strong>atrocibus</strong></span> <span class='ocrx_word' id='word_1_253' title='bbox 1156 3751 1262 3818; x_wconf 89' lang='lat' dir='ltr'><strong>etiam</strong></span> 
     </span>
     <span class='ocr_line' id='line_1_37' title="bbox 274 3847 1262 3935; baseline -0.014 -2"><span class='ocrx_word' id='word_1_254' title='bbox 274 3868 313 3933; x_wconf 89' lang='lat' dir='ltr'><strong>in</strong></span> <span class='ocrx_word' id='word_1_255' title='bbox 336 3859 402 3932; x_wconf 93' lang='lat' dir='ltr'><strong>hac</strong></span> <span class='ocrx_word' id='word_1_256' title='bbox 426 3858 568 3929; x_wconf 87' lang='lat' dir='ltr'><strong>mortali</strong></span> <span class='ocrx_word' id='word_1_257' title='bbox 595 3857 683 3935; x_wconf 87' lang='lat' dir='ltr'><strong>vita,</strong></span> <span class='ocrx_word' id='word_1_258' title='bbox 723 3854 814 3924; x_wconf 91' lang='lat' dir='ltr'><strong>sicut</strong></span> <span class='ocrx_word' id='word_1_259' title='bbox 843 3853 1022 3922; x_wconf 88' lang='lat' dir='ltr'><strong>affirmant</strong></span> <span class='ocrx_word' id='word_1_260' title='bbox 1053 3847 1138 3920; x_wconf 83' lang='lat' dir='ltr'><strong>haec</strong></span> <span class='ocrx_word' id='word_1_261' title='bbox 1168 3850 1262 3921; x_wconf 89' lang='lat' dir='ltr'><strong>dicta</strong></span> 
     </span>
     <span class='ocr_line' id='line_1_38' title="bbox 260 3952 1261 4054; baseline -0.02 -14"><span class='ocrx_word' id='word_1_262' title='bbox 260 3959 499 4054; x_wconf 54' lang='lat' dir='ltr'><strong>‚matthana</strong></span> <span class='ocrx_word' id='word_1_263' title='bbox 536 3957 610 4048; x_wconf 87' lang='lat' dir='ltr'><strong>Qui</strong></span> <span class='ocrx_word' id='word_1_264' title='bbox 632 3956 789 4047; x_wconf 89' lang='lat' dir='ltr'><strong>gladium</strong></span> <span class='ocrx_word' id='word_1_265' title='bbox 813 3955 1004 4046; x_wconf 89' lang='lat' dir='ltr'><strong>acceperit,</strong></span> <span class='ocrx_word' id='word_1_266' title='bbox 1031 3952 1148 4042; x_wconf 92' lang='lat' dir='ltr'><strong>gladio</strong></span> <span class='ocrx_word' id='word_1_267' title='bbox 1167 3953 1261 4043; x_wconf 90' lang='lat' dir='ltr'><strong>peri·</strong></span> 
     </span>
     <span class='ocr_line' id='line_1_39' title="bbox 272 4055 1262 4142; baseline -0.014 -6"><span class='ocrx_word' id='word_1_268' title='bbox 272 4069 338 4142; x_wconf 86' lang='lat' dir='ltr'><strong>bit.</strong></span> <span class='ocrx_word' id='word_1_269' title='bbox 379 4064 490 4136; x_wconf 88' lang='lat' dir='ltr'><strong>Hebr.</strong></span> <span class='ocrx_word' id='word_1_270' title='bbox 510 4063 587 4134; x_wconf 48' lang='lat'><strong>18⁶</strong></span> <span class='ocrx_word' id='word_1_271' title='bbox 614 4059 832 4133; x_wconf 87' lang='lat' dir='ltr'><strong>Scortatores</strong></span> <span class='ocrx_word' id='word_1_272' title='bbox 848 4068 882 4127; x_wconf 89' lang='lat' dir='ltr'><strong>et</strong></span> <span class='ocrx_word' id='word_1_273' title='bbox 897 4056 1075 4128; x_wconf 89' lang='lat' dir='ltr'><strong>adulteros</strong></span> <span class='ocrx_word' id='word_1_274' title='bbox 1090 4055 1262 4138; x_wconf 83' lang='lat' dir='ltr'><strong>iudicabit</strong></span> 
     </span>
     <span class='ocr_line' id='line_1_40' title="bbox 273 4156 1262 4252; baseline -0.015 -13"><span class='ocrx_word' id='word_1_275' title='bbox 273 4166 382 4241; x_wconf 89' lang='lat' dir='ltr'><strong>Dens.</strong></span> <span class='ocrx_word' id='word_1_276' title='bbox 447 4165 529 4238; x_wconf 87' lang='lat' dir='ltr'><strong>Esa.</strong></span> <span class='ocrx_word' id='word_1_277' title='bbox 548 4164 630 4238; x_wconf 47' lang='lat'><strong>335⁴</strong></span> <span class='ocrx_word' id='word_1_278' title='bbox 663 4161 738 4230; x_wconf 88' lang='lat' dir='ltr'><strong>Vae</strong></span> <span class='ocrx_word' id='word_1_279' title='bbox 762 4159 825 4252; x_wconf 93' lang='lat' dir='ltr'><strong>qui</strong></span> <span class='ocrx_word' id='word_1_280' title='bbox 848 4157 995 4249; x_wconf 89' lang='lat' dir='ltr'><strong>spolias,</strong></span> <span class='ocrx_word' id='word_1_281' title='bbox 1028 4157 1111 4249; x_wconf 86' lang='lat' dir='ltr'><strong>quia</strong></span> <span class='ocrx_word' id='word_1_282' title='bbox 1131 4156 1262 4244; x_wconf 88' lang='lat' dir='ltr'><strong>spolia-</strong></span> 
     </span>
     <span class='ocr_line' id='line_1_41' title="bbox 275 4256 1262 4351; baseline -0.011 -15"><span class='ocrx_word' id='word_1_283' title='bbox 275 4271 380 4338; x_wconf 86' lang='lat' dir='ltr'><strong>beris.</strong></span> <span class='ocrx_word' id='word_1_284' title='bbox 433 4268 521 4338; x_wconf 90' lang='lat' dir='ltr'><strong>ltem</strong></span> <span class='ocrx_word' id='word_1_285' title='bbox 538 4263 765 4336; x_wconf 85' lang='lat' dir='ltr'><strong>Ecclesiastes</strong></span> <span class='ocrx_word' id='word_1_286' title='bbox 782 4263 821 4330; x_wconf 91' lang='lat' dir='ltr'><strong>in</strong></span> <span class='ocrx_word' id='word_1_287' title='bbox 838 4261 872 4333; x_wconf 82' lang='grc' dir='ltr'><strong>Β.</strong></span> <span class='ocrx_word' id='word_1_288' title='bbox 889 4260 1002 4351; x_wconf 84' lang='grc' dir='ltr'>εερίιε</span> <span class='ocrx_word' id='word_1_289' title='bbox 1018 4259 1152 4351; x_wconf 90' lang='lat' dir='ltr'><strong>inquit:</strong></span> <span class='ocrx_word' id='word_1_290' title='bbox 1180 4256 1262 4326; x_wconf 90' lang='lat' dir='ltr'><strong>Non</strong></span> 
     </span>
     <span class='ocr_line' id='line_1_42' title="bbox 177 4357 1261 4462; baseline -0.008 -26"><span class='ocrx_word' id='word_1_291' title='bbox 177 4425 181 4436; x_wconf 79' lang='grc'>.</span> <span class='ocrx_word' id='word_1_292' title='bbox 275 4375 367 4441; x_wconf 80' lang='lat' dir='ltr'><strong>hene</strong></span> <span class='ocrx_word' id='word_1_293' title='bbox 381 4371 448 4440; x_wconf 90' lang='lat' dir='ltr'><strong>erit</strong></span> <span class='ocrx_word' id='word_1_294' title='bbox 466 4370 594 4462; x_wconf 89' lang='lat' dir='ltr'><strong>impio,</strong></span> <span class='ocrx_word' id='word_1_295' title='bbox 619 4391 684 4434; x_wconf 89' lang='lat' dir='ltr'><strong>nec</strong></span> <span class='ocrx_word' id='word_1_296' title='bbox 701 4363 800 4452; x_wconf 88' lang='lat' dir='ltr'><strong>longi</strong></span> <span class='ocrx_word' id='word_1_297' title='bbox 823 4376 927 4432; x_wconf 87' lang='lat' dir='ltr'><strong>erunt</strong></span> <span class='ocrx_word' id='word_1_298' title='bbox 950 4362 1025 4448; x_wconf 80' lang='lat' dir='ltr'><strong>dies</strong></span> <span class='ocrx_word' id='word_1_299' title='bbox 1049 4362 1133 4429; x_wconf 89' lang='lat' dir='ltr'><strong>eius.</strong></span> <span class='ocrx_word' id='word_1_300' title='bbox 1185 4357 1261 4427; x_wconf 90' lang='lat' dir='ltr'><strong>Hae</strong></span> 
     </span>
     <span class='ocr_line' id='line_1_43' title="bbox 276 4456 1263 4564; baseline -0.012 -24"><span class='ocrx_word' id='word_1_301' title='bbox 276 4473 417 4562; x_wconf 87' lang='lat' dir='ltr'><strong>regulae</strong></span> <span class='ocrx_word' id='word_1_302' title='bbox 439 4472 635 4564; x_wconf 89' lang='lat' dir='ltr'><strong>loquuntur</strong></span> <span class='ocrx_word' id='word_1_303' title='bbox 658 4469 701 4534; x_wconf 90' lang='lat' dir='ltr'><strong>de</strong></span> <span class='ocrx_word' id='word_1_304' title='bbox 723 4465 847 4556; x_wconf 88' lang='lat' dir='ltr'><strong>poenis</strong></span> <span class='ocrx_word' id='word_1_305' title='bbox 869 4463 1113 4554; x_wconf 87' lang='lat' dir='ltr'><strong>corporalibus</strong></span> <span class='ocrx_word' id='word_1_306' title='bbox 1136 4461 1174 4530; x_wconf 91' lang='lat' dir='ltr'><strong>in</strong></span> <span class='ocrx_word' id='word_1_307' title='bbox 1198 4456 1263 4530; x_wconf 91' lang='lat' dir='ltr'><strong>hac</strong></span> 
     </span>
     <span class='ocr_line' id='line_1_44' title="bbox 275 4563 1263 4666; baseline -0.009 -28"><span class='ocrx_word' id='word_1_308' title='bbox 275 4577 368 4657; x_wconf 89' lang='lat' dir='ltr'><strong>vita,</strong></span> <span class='ocrx_word' id='word_1_309' title='bbox 394 4596 481 4666; x_wconf 90' lang='lat' dir='ltr'><strong>quas</strong></span> <span class='ocrx_word' id='word_1_310' title='bbox 497 4571 592 4640; x_wconf 90' lang='lat' dir='ltr'><strong>Deus</strong></span> <span class='ocrx_word' id='word_1_311' title='bbox 607 4569 662 4638; x_wconf 90' lang='lat' dir='ltr'><strong>vel</strong></span> <span class='ocrx_word' id='word_1_312' title='bbox 680 4590 743 4660; x_wconf 88' lang='lat' dir='ltr'><strong>per</strong></span> <span class='ocrx_word' id='word_1_313' title='bbox 755 4567 994 4654; x_wconf 87' lang='lat' dir='ltr'><strong>magistratus,</strong></span> <span class='ocrx_word' id='word_1_314' title='bbox 1021 4565 1077 4632; x_wconf 92' lang='lat' dir='ltr'><strong>vel</strong></span> <span class='ocrx_word' id='word_1_315' title='bbox 1092 4563 1170 4632; x_wconf 91' lang='lat' dir='ltr'><strong>aliis</strong></span> <span class='ocrx_word' id='word_1_316' title='bbox 1185 4587 1263 4631; x_wconf 91' lang='lat' dir='ltr'><strong>mo-</strong></span> 
     </span>
     <span class='ocr_line' id='line_1_45' title="bbox 275 4664 1262 4758; baseline -0.016 -12"><span class='ocrx_word' id='word_1_317' title='bbox 275 4679 330 4746; x_wconf 89' lang='lat' dir='ltr'><strong>dis</strong></span> <span class='ocrx_word' id='word_1_318' title='bbox 345 4677 453 4746; x_wconf 91' lang='lat' dir='ltr'><strong>sumit</strong></span> <span class='ocrx_word' id='word_1_319' title='bbox 467 4675 511 4741; x_wconf 89' lang='lat' dir='ltr'><strong>de</strong></span> <span class='ocrx_word' id='word_1_320' title='bbox 526 4673 697 4743; x_wconf 87' lang='lat' dir='ltr'><strong>sontibus.</strong></span> <span class='ocrx_word' id='word_1_321' title='bbox 749 4664 899 4738; x_wconf 83' lang='lat' dir='ltr'><strong>Etiamsi</strong></span> <span class='ocrx_word' id='word_1_322' title='bbox 917 4667 1071 4736; x_wconf 84' lang='lat' dir='ltr'><strong>latrones</strong></span> <span class='ocrx_word' id='word_1_323' title='bbox 1087 4666 1262 4758; x_wconf 89' lang='lat' dir='ltr'><strong>aliquam-</strong></span> 
     </span>
     <span class='ocr_line' id='line_1_46' title="bbox 276 4767 1262 4864; baseline -0.017 -13"><span class='ocrx_word' id='word_1_324' title='bbox 276 4780 340 4851; x_wconf 88' lang='lat' dir='ltr'><strong>diu</strong></span> <span class='ocrx_word' id='word_1_325' title='bbox 354 4779 524 4847; x_wconf 89' lang='lat' dir='ltr'><strong>fruuntnr</strong></span> <span class='ocrx_word' id='word_1_326' title='bbox 541 4773 769 4864; x_wconf 87' lang='lat' dir='ltr'><strong>impunitate,</strong></span> <span class='ocrx_word' id='word_1_327' title='bbox 796 4783 830 4839; x_wconf 87' lang='lat' dir='ltr'><strong>et</strong></span> <span class='ocrx_word' id='word_1_328' title='bbox 846 4769 1003 4838; x_wconf 91' lang='lat' dir='ltr'><strong>iudicum</strong></span> <span class='ocrx_word' id='word_1_329' title='bbox 1029 4790 1155 4836; x_wconf 89' lang='lat' dir='ltr'><strong>manus</strong></span> <span class='ocrx_word' id='word_1_330' title='bbox 1173 4767 1262 4835; x_wconf 86' lang='lat' dir='ltr'><strong>effu-</strong></span> 
     </span>
     <span class='ocr_line' id='line_1_47' title="bbox 275 4871 1263 4970; baseline -0.014 -20"><span class='ocrx_word' id='word_1_331' title='bbox 275 4885 365 4970; x_wconf 87' lang='lat' dir='ltr'><strong>gisse</strong></span> <span class='ocrx_word' id='word_1_332' title='bbox 389 4891 577 4970; x_wconf 88' lang='lat' dir='ltr'><strong>putantur,</strong></span> <span class='ocrx_word' id='word_1_333' title='bbox 607 4889 725 4946; x_wconf 87' lang='lat' dir='ltr'><strong>tamen</strong></span> <span class='ocrx_word' id='word_1_334' title='bbox 749 4897 812 4943; x_wconf 90' lang='lat' dir='ltr'><strong>suo</strong></span> <span class='ocrx_word' id='word_1_335' title='bbox 837 4887 993 4961; x_wconf 87' lang='lat' dir='ltr'><strong>tempore</strong></span> <span class='ocrx_word' id='word_1_336' title='bbox 1014 4871 1186 4940; x_wconf 87' lang='lat' dir='ltr'><strong>divinitus</strong></span> <span class='ocrx_word' id='word_1_337' title='bbox 1208 4892 1263 4937; x_wconf 89' lang='lat' dir='ltr'><strong>re-</strong></span> 
     </span>
     <span class='ocr_line' id='line_1_48' title="bbox 276 4969 1262 5068; baseline -0.009 -19"><span class='ocrx_word' id='word_1_338' title='bbox 276 4979 468 5052; x_wconf 88' lang='lat' dir='ltr'><strong>trahuntur</strong></span> <span class='ocrx_word' id='word_1_339' title='bbox 489 4981 532 5048; x_wconf 89' lang='lat' dir='ltr'><strong>ad</strong></span> <span class='ocrx_word' id='word_1_340' title='bbox 555 4977 725 5068; x_wconf 88' lang='lat' dir='ltr'><strong>supplicia</strong></span> <span class='ocrx_word' id='word_1_341' title='bbox 751 4976 788 5042; x_wconf 93' lang='lat' dir='ltr'><strong>in</strong></span> <span class='ocrx_word' id='word_1_342' title='bbox 811 4969 876 5043; x_wconf 89' lang='lat' dir='ltr'><strong>hac</strong></span> <span class='ocrx_word' id='word_1_343' title='bbox 900 4974 971 5045; x_wconf 88' lang='lat' dir='ltr'><strong>vita</strong></span> <span class='ocrx_word' id='word_1_344' title='bbox 993 4972 1184 5063; x_wconf 89' lang='lat' dir='ltr'><strong>corporali:</strong></span> <span class='ocrx_word' id='word_1_345' title='bbox 1225 4972 1262 5040; x_wconf 93' lang='lat' dir='ltr'><strong>id</strong></span> 
     </span>
     <span class='ocr_line' id='line_1_49' title="bbox 276 5079 877 5176; baseline -0.005 -25"><span class='ocrx_word' id='word_1_346' title='bbox 276 5085 432 5174; x_wconf 80' lang='lat' dir='ltr'><strong>exempla</strong></span> <span class='ocrx_word' id='word_1_347' title='bbox 450 5079 657 5176; x_wconf 90' lang='lat' dir='ltr'><strong>quotidiana</strong></span> <span class='ocrx_word' id='word_1_348' title='bbox 672 5079 877 5148; x_wconf 88' lang='lat' dir='ltr'><strong>ostendunt.</strong></span> 
     </span>
    </p>

    <p class='ocr_par' dir='ltr' id='par_1_9' title="bbox 277 5176 1264 5374">
     <span class='ocr_line' id='line_1_50' title="bbox 374 5176 1262 5266; baseline -0.01 -14"><span class='ocrx_word' id='word_1_349' title='bbox 374 5183 562 5254; x_wconf 81' lang='lat' dir='ltr'><strong>Secundus</strong></span> <span class='ocrx_word' id='word_1_350' title='bbox 584 5203 667 5250; x_wconf 89' lang='lat' dir='ltr'><strong>usus</strong></span> <span class='ocrx_word' id='word_1_351' title='bbox 685 5179 789 5266; x_wconf 85' lang='lat' dir='ltr'><strong>Legis</strong></span> <span class='ocrx_word' id='word_1_352' title='bbox 809 5191 876 5248; x_wconf 90' lang='lat' dir='ltr'><strong>est:</strong></span> <span class='ocrx_word' id='word_1_353' title='bbox 903 5199 963 5245; x_wconf 89' lang='lat' dir='ltr'><strong>seu</strong></span> <span class='ocrx_word' id='word_1_354' title='bbox 986 5176 1138 5244; x_wconf 89' lang='lat' dir='ltr'><strong>secunda</strong></span> <span class='ocrx_word' id='word_1_355' title='bbox 1161 5199 1262 5245; x_wconf 90' lang='lat' dir='ltr'><strong>causa</strong></span> 
     </span>
     <span class='ocr_line' id='line_1_51' title="bbox 277 5278 1264 5374; baseline -0.009 -21"><span class='ocrx_word' id='word_1_356' title='bbox 277 5298 346 5367; x_wconf 89' lang='lat' dir='ltr'><strong>est,</strong></span> <span class='ocrx_word' id='word_1_357' title='bbox 388 5307 451 5352; x_wconf 83' lang='lat' dir='ltr'><strong>cur</strong></span> <span class='ocrx_word' id='word_1_358' title='bbox 473 5282 688 5374; x_wconf 89' lang='lat' dir='ltr'><strong>Decalognm</strong></span> <span class='ocrx_word' id='word_1_359' title='bbox 718 5283 844 5351; x_wconf 90' lang='lat' dir='ltr'><strong>docere</strong></span> <span class='ocrx_word' id='word_1_360' title='bbox 868 5303 907 5349; x_wconf 91' lang='lat' dir='ltr'><strong>ao</strong></span> <span class='ocrx_word' id='word_1_361' title='bbox 930 5278 1063 5348; x_wconf 89' lang='lat' dir='ltr'><strong>discere</strong></span> <span class='ocrx_word' id='word_1_362' title='bbox 1087 5289 1264 5370; x_wconf 87' lang='lat' dir='ltr'><strong>oporteat:</strong></span> 
     </span>
    </p>
   </div>
   <div class='ocr_carea' id='block_1_7' title="bbox 871 87 1700 204">
    <p class='ocr_par' dir='ltr' id='par_1_10' title="bbox 871 87 1700 204">
     <span class='ocr_line' id='line_1_52' title="bbox 871 87 1700 204; baseline 0.016 -14"><span class='ocrx_word' id='word_1_363' title='bbox 871 116 996 190; x_wconf 78' lang='lat' dir='ltr'><strong>ruri.</strong></span> <span class='ocrx_word' id='word_1_364' title='bbox 1023 91 1138 191; x_wconf 61' lang='lat' dir='ltr'><strong>una.</strong></span> <span class='ocrx_word' id='word_1_365' title='bbox 1166 87 1376 197; x_wconf 79' lang='lat' dir='ltr'><strong>sCtttPTa</strong></span> <span class='ocrx_word' id='word_1_366' title='bbox 1404 123 1700 204; x_wconf 80' lang='lat' dir='ltr'><strong>nxnonrrca</strong></span> 
     </span>
    </p>
   </div>
   <div class='ocr_carea' id='block_1_8' title="bbox 2211 145 2275 218">
    <p class='ocr_par' dir='ltr' id='par_1_11' title="bbox 2211 145 2275 218">
     <span class='ocr_line' id='line_1_53' title="bbox 2211 145 2275 218; baseline 0.063 -5"><span class='ocrx_word' id='word_1_367' title='bbox 2211 145 2275 218; x_wconf 82' lang='lat' dir='ltr'><strong>tto</strong></span> 
     </span>
    </p>
   </div>
   <div class='ocr_carea' id='block_1_9' title="bbox 1309 298 2277 1316">
    <p class='ocr_par' dir='ltr' id='par_1_12' title="bbox 1309 298 2277 1316">
     <span class='ocr_line' id='line_1_54' title="bbox 1310 298 2277 394; baseline 0.02 -28"><span class='ocrx_word' id='word_1_368' title='bbox 1310 298 1463 383; x_wconf 89' lang='lat' dir='ltr'><strong>scilicet,</strong></span> <span class='ocrx_word' id='word_1_369' title='bbox 1501 316 1540 372; x_wconf 94' lang='lat' dir='ltr'><strong>ut</strong></span> <span class='ocrx_word' id='word_1_370' title='bbox 1565 302 1648 372; x_wconf 87' lang='lat' dir='ltr'><strong>inde</strong></span> <span class='ocrx_word' id='word_1_371' title='bbox 1675 324 1906 394; x_wconf 86' lang='lat' dir='ltr'><strong>agnoscamus</strong></span> <span class='ocrx_word' id='word_1_372' title='bbox 1927 305 2014 378; x_wconf 90' lang='lat' dir='ltr'><strong>iram</strong></span> <span class='ocrx_word' id='word_1_373' title='bbox 2037 305 2104 380; x_wconf 90' lang='lat' dir='ltr'><strong>Dei</strong></span> <span class='ocrx_word' id='word_1_374' title='bbox 2129 314 2277 387; x_wconf 81' lang='lat' dir='ltr'><strong>adversus</strong></span> 
     </span>
     <span class='ocr_line' id='line_1_55' title="bbox 1310 400 2277 493; baseline 0.017 -23"><span class='ocrx_word' id='word_1_375' title='bbox 1310 416 1502 493; x_wconf 90' lang='lat' dir='ltr'><strong>peccatum.</strong></span> <span class='ocrx_word' id='word_1_376' title='bbox 1555 400 1649 491; x_wconf 87' lang='lat' dir='ltr'><strong>Quia</strong></span> <span class='ocrx_word' id='word_1_377' title='bbox 1667 403 1724 474; x_wconf 88' lang='lat' dir='ltr'><strong>lex</strong></span> <span class='ocrx_word' id='word_1_378' title='bbox 1738 406 1882 478; x_wconf 89' lang='lat' dir='ltr'><strong>moralis</strong></span> <span class='ocrx_word' id='word_1_379' title='bbox 1898 423 1949 480; x_wconf 86' lang='lat' dir='ltr'><strong>est</strong></span> <span class='ocrx_word' id='word_1_380' title='bbox 1965 412 2133 482; x_wconf 89' lang='lat' dir='ltr'><strong>iudicium</strong></span> <span class='ocrx_word' id='word_1_381' title='bbox 2149 417 2277 486; x_wconf 85' lang='lat' dir='ltr'><strong>univer-</strong></span> 
     </span>
     <span class='ocr_line' id='line_1_56' title="bbox 1310 504 2277 598; baseline 0.014 -26"><span class='ocrx_word' id='word_1_382' title='bbox 1310 504 1383 573; x_wconf 89' lang='lat' dir='ltr'><strong>sale</strong></span> <span class='ocrx_word' id='word_1_383' title='bbox 1398 529 1564 575; x_wconf 88' lang='lat' dir='ltr'><strong>accusans</strong></span> <span class='ocrx_word' id='word_1_384' title='bbox 1588 507 1708 575; x_wconf 89' lang='lat' dir='ltr'><strong>omnia</strong></span> <span class='ocrx_word' id='word_1_385' title='bbox 1731 521 1868 598; x_wconf 88' lang='lat' dir='ltr'><strong>peccata</strong></span> <span class='ocrx_word' id='word_1_386' title='bbox 1891 511 1929 578; x_wconf 94' lang='lat' dir='ltr'><strong>in</strong></span> <span class='ocrx_word' id='word_1_387' title='bbox 1954 513 2117 590; x_wconf 89' lang='lat' dir='ltr'><strong>omnibus</strong></span> <span class='ocrx_word' id='word_1_388' title='bbox 2140 507 2277 586; x_wconf 89' lang='lat' dir='ltr'><strong>homini-</strong></span> 
     </span>
     <span class='ocr_line' id='line_1_57' title="bbox 1310 607 2277 708; baseline 0.011 -32"><span class='ocrx_word' id='word_1_389' title='bbox 1310 607 1394 688; x_wconf 89' lang='lat' dir='ltr'><strong>hus,</strong></span> <span class='ocrx_word' id='word_1_390' title='bbox 1421 607 1642 680; x_wconf 85' lang='lat' dir='ltr'><strong>interioract</strong></span> <span class='ocrx_word' id='word_1_391' title='bbox 1661 609 1854 696; x_wconf 84' lang='lat' dir='ltr'><strong>exteriora,</strong></span> <span class='ocrx_word' id='word_1_392' title='bbox 1889 627 2052 685; x_wconf 89' lang='lat' dir='ltr'><strong>ettotam</strong></span> <span class='ocrx_word' id='word_1_393' title='bbox 2075 618 2277 708; x_wconf 83' lang='lat' dir='ltr'><strong>depravatio·</strong></span> 
     </span>
     <span class='ocr_line' id='line_1_58' title="bbox 1310 704 2277 807; baseline 0.018 -32"><span class='ocrx_word' id='word_1_394' title='bbox 1310 732 1405 779; x_wconf 92' lang='lat' dir='ltr'><strong>nem.</strong></span> <span class='ocrx_word' id='word_1_395' title='bbox 1449 704 1533 778; x_wconf 94' lang='lat' dir='ltr'><strong>ldeo</strong></span> <span class='ocrx_word' id='word_1_396' title='bbox 1543 705 1638 779; x_wconf 90' lang='lat' dir='ltr'><strong>Deus</strong></span> <span class='ocrx_word' id='word_1_397' title='bbox 1654 734 1738 779; x_wconf 87' lang='lat' dir='ltr'><strong>voce</strong></span> <span class='ocrx_word' id='word_1_398' title='bbox 1746 709 1914 802; x_wconf 87' lang='lat' dir='ltr'><strong>Decalogi</strong></span> <span class='ocrx_word' id='word_1_399' title='bbox 1931 718 2175 807; x_wconf 79' lang='lat' dir='ltr'><strong>perterrefacit,</strong></span> <span class='ocrx_word' id='word_1_400' title='bbox 2196 722 2277 792; x_wconf 79' lang='lat' dir='ltr'><strong>iusta</strong></span> 
     </span>
     <span class='ocr_line' id='line_1_59' title="bbox 1310 808 2277 910; baseline 0.012 -32"><span class='ocrx_word' id='word_1_401' title='bbox 1310 811 1445 880; x_wconf 90' lang='lat' dir='ltr'><strong>dictum</strong></span> <span class='ocrx_word' id='word_1_402' title='bbox 1462 808 1565 881; x_wconf 90' lang='lat' dir='ltr'><strong>Pauli</strong></span> <span class='ocrx_word' id='word_1_403' title='bbox 1581 809 1691 882; x_wconf 86' lang='lat' dir='ltr'><strong>Rom.</strong></span> <span class='ocrx_word' id='word_1_404' title='bbox 1706 809 1760 884; x_wconf 84' lang='lat'><strong>4.:</strong></span> <span class='ocrx_word' id='word_1_405' title='bbox 1788 811 1861 884; x_wconf 84' lang='lat' dir='ltr'><strong>Lex</strong></span> <span class='ocrx_word' id='word_1_406' title='bbox 1876 816 1965 885; x_wconf 89' lang='lat' dir='ltr'><strong>iram</strong></span> <span class='ocrx_word' id='word_1_407' title='bbox 1982 819 2098 888; x_wconf 88' lang='lat' dir='ltr'><strong>efficit.</strong></span> <span class='ocrx_word' id='word_1_408' title='bbox 2148 820 2277 910; x_wconf 82' lang='lat' dir='ltr'><strong>Quoties</strong></span> 
     </span>
     <span class='ocr_line' id='line_1_60' title="bbox 1310 907 2277 1010; baseline 0.014 -30"><span class='ocrx_word' id='word_1_409' title='bbox 1310 912 1411 982; x_wconf 90' lang='lat' dir='ltr'><strong>audis</strong></span> <span class='ocrx_word' id='word_1_410' title='bbox 1441 907 1533 982; x_wconf 88' lang='lat' dir='ltr'><strong>hauc</strong></span> <span class='ocrx_word' id='word_1_411' title='bbox 1564 938 1685 983; x_wconf 85' lang='lat' dir='ltr'><strong>vocem</strong></span> <span class='ocrx_word' id='word_1_412' title='bbox 1718 915 1895 989; x_wconf 88' lang='lat' dir='ltr'><strong>divinam:</strong></span> <span class='ocrx_word' id='word_1_413' title='bbox 1938 915 2074 1010; x_wconf 80' lang='lat' dir='ltr'><strong>Diliges</strong></span> <span class='ocrx_word' id='word_1_414' title='bbox 2103 919 2277 994; x_wconf 86' lang='lat' dir='ltr'><strong>Dominum</strong></span> 
     </span>
     <span class='ocr_line' id='line_1_61' title="bbox 1310 1011 2277 1112; baseline 0.01 -30"><span class='ocrx_word' id='word_1_415' title='bbox 1310 1011 1424 1082; x_wconf 88' lang='lat' dir='ltr'><strong>Deum</strong></span> <span class='ocrx_word' id='word_1_416' title='bbox 1441 1028 1543 1083; x_wconf 92' lang='lat' dir='ltr'><strong>tuum</strong></span> <span class='ocrx_word' id='word_1_417' title='bbox 1570 1039 1611 1084; x_wconf 82' lang='lat' dir='ltr'><strong>ex</strong></span> <span class='ocrx_word' id='word_1_418' title='bbox 1632 1028 1708 1085; x_wconf 91' lang='lat' dir='ltr'><strong>toto</strong></span> <span class='ocrx_word' id='word_1_419' title='bbox 1736 1018 1860 1112; x_wconf 79' lang='lat' dir='ltr'><strong>corde,</strong></span> <span class='ocrx_word' id='word_1_420' title='bbox 1894 1044 2033 1092; x_wconf 89' lang='lat' dir='ltr'><strong>necesse</strong></span> <span class='ocrx_word' id='word_1_421' title='bbox 2055 1036 2106 1093; x_wconf 90' lang='lat' dir='ltr'><strong>est</strong></span> <span class='ocrx_word' id='word_1_422' title='bbox 2127 1038 2160 1093; x_wconf 90' lang='grc' dir='ltr'><strong>ιε</strong></span> <span class='ocrx_word' id='word_1_423' title='bbox 2182 1027 2277 1108; x_wconf 88' lang='lat' dir='ltr'><strong>fateri,</strong></span> 
     </span>
     <span class='ocr_line' id='line_1_62' title="bbox 1309 1109 2277 1224; baseline 0.013 -42"><span class='ocrx_word' id='word_1_424' title='bbox 1309 1117 1406 1224; x_wconf 85' lang='lat' dir='ltr'><strong>qnod</strong></span> <span class='ocrx_word' id='word_1_425' title='bbox 1430 1109 1561 1185; x_wconf 87' lang='lat' dir='ltr'><strong>habeas</strong></span> <span class='ocrx_word' id='word_1_426' title='bbox 1583 1132 1785 1207; x_wconf 88' lang='lat' dir='ltr'><strong>peccatum,</strong></span> <span class='ocrx_word' id='word_1_427' title='bbox 1819 1132 1853 1189; x_wconf 90' lang='lat' dir='ltr'><strong>et</strong></span> <span class='ocrx_word' id='word_1_428' title='bbox 1874 1123 2022 1192; x_wconf 87' lang='lat' dir='ltr'><strong>meritus</strong></span> <span class='ocrx_word' id='word_1_429' title='bbox 2046 1125 2093 1193; x_wconf 86' lang='lat' dir='ltr'><strong>sis</strong></span> <span class='ocrx_word' id='word_1_430' title='bbox 2115 1126 2199 1194; x_wconf 90' lang='lat' dir='ltr'><strong>iram</strong></span> <span class='ocrx_word' id='word_1_431' title='bbox 2216 1124 2277 1206; x_wconf 83' lang='lat' dir='ltr'><strong>Dei,</strong></span> 
     </span>
     <span class='ocr_line' id='line_1_63' title="bbox 1310 1217 2277 1316; baseline 0.009 -30"><span class='ocrx_word' id='word_1_432' title='bbox 1310 1217 1394 1310; x_wconf 87' lang='lat' dir='ltr'><strong>quie</strong></span> <span class='ocrx_word' id='word_1_433' title='bbox 1426 1240 1488 1287; x_wconf 91' lang='lat' dir='ltr'><strong>cor</strong></span> <span class='ocrx_word' id='word_1_434' title='bbox 1518 1231 1620 1288; x_wconf 90' lang='lat' dir='ltr'><strong>tuum</strong></span> <span class='ocrx_word' id='word_1_435' title='bbox 1652 1243 1876 1314; x_wconf 89' lang='lat' dir='ltr'><strong>nequaqnam</strong></span> <span class='ocrx_word' id='word_1_436' title='bbox 1909 1225 2073 1312; x_wconf 83' lang='lat' dir='ltr'><strong>congruit</strong></span> <span class='ocrx_word' id='word_1_437' title='bbox 2101 1251 2178 1295; x_wconf 91' lang='lat' dir='ltr'><strong>cum</strong></span> <span class='ocrx_word' id='word_1_438' title='bbox 2207 1228 2277 1316; x_wconf 87' lang='lat' dir='ltr'><strong>lege,</strong></span> 
     </span>
    </p>
   </div>
   <div class='ocr_carea' id='block_1_10' title="bbox 1310 1320 2277 1492">
    <p class='ocr_par' dir='ltr' id='par_1_13' title="bbox 1310 1320 2277 1492">
     <span class='ocr_line' id='line_1_64' title="bbox 1310 1320 2277 1490; baseline 0.012 -104"><span class='ocrx_word' id='word_1_439' title='bbox 1310 1342 1385 1490; x_wconf 58' lang='lat' dir='ltr'><strong>pop</strong></span> <span class='ocrx_word' id='word_1_440' title='bbox 1404 1320 1528 1489; x_wconf 62' lang='lat' dir='ltr'><strong>pedet,</strong></span> <span class='ocrx_word' id='word_1_441' title='bbox 1553 1343 1627 1390; x_wconf 91' lang='lat' dir='ltr'><strong>non</strong></span> <span class='ocrx_word' id='word_1_442' title='bbox 1649 1321 1796 1412; x_wconf 89' lang='lat' dir='ltr'><strong>plenum</strong></span> <span class='ocrx_word' id='word_1_443' title='bbox 1819 1337 1871 1394; x_wconf 88' lang='lat' dir='ltr'><strong>est</strong></span> <span class='ocrx_word' id='word_1_444' title='bbox 1894 1326 2085 1398; x_wconf 90' lang='lat' dir='ltr'><strong>dilectione</strong></span> <span class='ocrx_word' id='word_1_445' title='bbox 2100 1324 2184 1413; x_wconf 90' lang='lat' dir='ltr'><strong>Dei,</strong></span> <span class='ocrx_word' id='word_1_446' title='bbox 2208 1330 2277 1398; x_wconf 89' lang='lat' dir='ltr'><strong>sicut</strong></span> 
     </span>
     <span class='ocr_line' id='line_1_65' title="bbox 1339 1435 1929 1492; baseline 0.017 -4"><span class='ocrx_word' id='word_1_447' title='bbox 1339 1445 1355 1488; x_wconf 92' lang='lat' dir='ltr'><strong>e</strong></span> <span class='ocrx_word' id='word_1_448' title='bbox 1382 1443 1403 1489; x_wconf 75' lang='lat' dir='ltr'><strong>&#39;e</strong></span> <span class='ocrx_word' id='word_1_449' title='bbox 1431 1435 1477 1492; x_wconf 86' lang='lat' dir='ltr'><strong>at.</strong></span> <span class='ocrx_word' id='word_1_450' title='bbox 1924 1444 1929 1452; x_wconf 85' lang='lat'>&#39;</span> 
     </span>
    </p>
   </div>
   <div class='ocr_carea' id='block_1_11' title="bbox 1311 1569 2277 2355">
    <p class='ocr_par' dir='ltr' id='par_1_14' title="bbox 1311 1569 2277 2355">
     <span class='ocr_line' id='line_1_66' title="bbox 1412 1569 2277 1670; baseline 0.009 -30"><span class='ocrx_word' id='word_1_451' title='bbox 1412 1569 1483 1642; x_wconf 83' lang='lat' dir='ltr'><strong>Hic</strong></span> <span class='ocrx_word' id='word_1_452' title='bbox 1500 1597 1519 1640; x_wconf 94' lang='lat' dir='ltr'><strong>e</strong></span> <span class='ocrx_word' id='word_1_453' title='bbox 1535 1573 1679 1664; x_wconf 89' lang='lat' dir='ltr'><strong>regione</strong></span> <span class='ocrx_word' id='word_1_454' title='bbox 1695 1574 1885 1656; x_wconf 88' lang='lat' dir='ltr'><strong>intuearis,</strong></span> <span class='ocrx_word' id='word_1_455' title='bbox 1920 1589 1954 1646; x_wconf 91' lang='lat' dir='ltr'><strong>et</strong></span> <span class='ocrx_word' id='word_1_456' title='bbox 1969 1599 2137 1666; x_wconf 86' lang='lat' dir='ltr'><strong>agnoscas</strong></span> <span class='ocrx_word' id='word_1_457' title='bbox 2153 1582 2277 1670; x_wconf 87' lang='lat' dir='ltr'><strong>gratian</strong></span> 
     </span>
     <span class='ocr_line' id='line_1_67' title="bbox 1311 1669 2277 1774; baseline 0.004 -30"><span class='ocrx_word' id='word_1_458' title='bbox 1311 1697 1373 1744; x_wconf 88' lang='lat' dir='ltr'><strong>seu</strong></span> <span class='ocrx_word' id='word_1_459' title='bbox 1392 1673 1602 1744; x_wconf 90' lang='lat' dir='ltr'><strong>beneficium</strong></span> <span class='ocrx_word' id='word_1_460' title='bbox 1626 1669 1776 1746; x_wconf 90' lang='lat' dir='ltr'><strong>Christi:</strong></span> <span class='ocrx_word' id='word_1_461' title='bbox 1812 1678 1908 1769; x_wconf 88' lang='lat' dir='ltr'><strong>quod</strong></span> <span class='ocrx_word' id='word_1_462' title='bbox 1934 1681 2062 1767; x_wconf 85' lang='lat' dir='ltr'><strong>gratis,</strong></span> <span class='ocrx_word' id='word_1_463' title='bbox 2087 1682 2124 1750; x_wconf 90' lang='lat' dir='ltr'><strong>id</strong></span> <span class='ocrx_word' id='word_1_464' title='bbox 2148 1699 2210 1767; x_wconf 89' lang='lat' dir='ltr'><strong>est,</strong></span> <span class='ocrx_word' id='word_1_465' title='bbox 2232 1707 2277 1774; x_wconf 84' lang='lat' dir='ltr'><strong>pu</strong></span> 
     </span>
     <span class='ocr_line' id='line_1_68' title="bbox 1315 1773 2277 1868; baseline 0.005 -24"><span class='ocrx_word' id='word_1_466' title='bbox 1315 1775 1611 1860; x_wconf 82' lang='lat' dir='ltr'><strong>miscricordiam,</strong></span> <span class='ocrx_word' id='word_1_467' title='bbox 1638 1791 1783 1868; x_wconf 81' lang='lat' dir='ltr'><strong>propter</strong></span> <span class='ocrx_word' id='word_1_468' title='bbox 1798 1773 1980 1849; x_wconf 88' lang='lat' dir='ltr'><strong>Christum</strong></span> <span class='ocrx_word' id='word_1_469' title='bbox 1998 1775 2166 1853; x_wconf 89' lang='lat' dir='ltr'><strong>habemus</strong></span> <span class='ocrx_word' id='word_1_470' title='bbox 2178 1786 2277 1852; x_wconf 74' lang='lat' dir='ltr'><strong>remis</strong></span> 
     </span>
     <span class='ocr_line' id='line_1_69' title="bbox 1312 1877 2275 1969; baseline 0.004 -23"><span class='ocrx_word' id='word_1_471' title='bbox 1312 1877 1449 1946; x_wconf 89' lang='lat' dir='ltr'><strong>sionem</strong></span> <span class='ocrx_word' id='word_1_472' title='bbox 1474 1889 1719 1969; x_wconf 89' lang='lat' dir='ltr'><strong>peccatorum,</strong></span> <span class='ocrx_word' id='word_1_473' title='bbox 1760 1903 1882 1949; x_wconf 89' lang='lat' dir='ltr'><strong>sumus</strong></span> <span class='ocrx_word' id='word_1_474' title='bbox 1911 1883 2147 1965; x_wconf 87' lang='lat' dir='ltr'><strong>reconciliati,</strong></span> <span class='ocrx_word' id='word_1_475' title='bbox 2183 1901 2213 1955; x_wconf 91' lang='lat' dir='ltr'><strong>et</strong></span> <span class='ocrx_word' id='word_1_476' title='bbox 2236 1909 2275 1952; x_wconf 87' lang='lat' dir='ltr'><strong>re-</strong></span> 
     </span>
     <span class='ocr_line' id='line_1_70' title="bbox 1315 1974 2277 2069; baseline 0.002 -21"><span class='ocrx_word' id='word_1_477' title='bbox 1315 1979 1404 2069; x_wconf 91' lang='lat' dir='ltr'><strong>cepti</strong></span> <span class='ocrx_word' id='word_1_478' title='bbox 1419 1980 1464 2048; x_wconf 91' lang='lat' dir='ltr'><strong>ad</strong></span> <span class='ocrx_word' id='word_1_479' title='bbox 1480 1974 1733 2050; x_wconf 87' lang='lat' dir='ltr'><strong>haereditatem</strong></span> <span class='ocrx_word' id='word_1_480' title='bbox 1749 1981 1874 2051; x_wconf 87' lang='lat' dir='ltr'><strong>salutis</strong></span> <span class='ocrx_word' id='word_1_481' title='bbox 1891 1995 2066 2069; x_wconf 85' lang='lat' dir='ltr'><strong>aeternae,</strong></span> <span class='ocrx_word' id='word_1_482' title='bbox 2093 2011 2164 2055; x_wconf 92' lang='lat' dir='ltr'><strong>non</strong></span> <span class='ocrx_word' id='word_1_483' title='bbox 2181 2007 2277 2054; x_wconf 85' lang='lat' dir='ltr'><strong>sumus</strong></span> 
     </span>
     <span class='ocr_line' id='line_1_71' title="bbox 1313 2081 2275 2173; baseline 0.003 -24"><span class='ocrx_word' id='word_1_484' title='bbox 1313 2081 1416 2165; x_wconf 91' lang='lat' dir='ltr'><strong>iusti,</strong></span> <span class='ocrx_word' id='word_1_485' title='bbox 1454 2081 1490 2149; x_wconf 95' lang='lat' dir='ltr'><strong>id</strong></span> <span class='ocrx_word' id='word_1_486' title='bbox 1519 2095 1588 2172; x_wconf 91' lang='lat' dir='ltr'><strong>est,</strong></span> <span class='ocrx_word' id='word_1_487' title='bbox 1630 2084 1783 2171; x_wconf 84' lang='lat' dir='ltr'><strong>accepti,</strong></span> <span class='ocrx_word' id='word_1_488' title='bbox 1822 2107 1863 2152; x_wconf 86' lang='lat' dir='ltr'><strong>ac</strong></span> <span class='ocrx_word' id='word_1_489' title='bbox 1889 2084 2068 2173; x_wconf 88' lang='lat' dir='ltr'><strong>placentes</strong></span> <span class='ocrx_word' id='word_1_490' title='bbox 2089 2112 2200 2157; x_wconf 92' lang='lat' dir='ltr'><strong>coram</strong></span> <span class='ocrx_word' id='word_1_491' title='bbox 2219 2085 2275 2155; x_wconf 87' lang='lat' dir='ltr'><strong>Deo</strong></span> 
     </span>
     <span class='ocr_line' id='line_1_72' title="bbox 1313 2183 2275 2280; baseline 0.001 -29"><span class='ocrx_word' id='word_1_492' title='bbox 1313 2194 1457 2276; x_wconf 90' lang='lat' dir='ltr'><strong>propter</strong></span> <span class='ocrx_word' id='word_1_493' title='bbox 1479 2183 1613 2272; x_wconf 90' lang='lat' dir='ltr'><strong>legem,</strong></span> <span class='ocrx_word' id='word_1_494' title='bbox 1650 2183 1710 2252; x_wconf 90' lang='lat' dir='ltr'><strong>sed</strong></span> <span class='ocrx_word' id='word_1_495' title='bbox 1738 2197 1882 2275; x_wconf 89' lang='lat' dir='ltr'><strong>propter</strong></span> <span class='ocrx_word' id='word_1_496' title='bbox 1913 2187 2176 2280; x_wconf 89' lang='lat' dir='ltr'><strong>propitiatorem</strong></span> <span class='ocrx_word' id='word_1_497' title='bbox 2195 2184 2275 2260; x_wconf 85' lang='lat' dir='ltr'><strong>Chri-</strong></span> 
     </span>
     <span class='ocr_line' id='line_1_73' title="bbox 1315 2298 1420 2355; baseline 0.01 -1"><span class='ocrx_word' id='word_1_498' title='bbox 1315 2298 1420 2355; x_wconf 88' lang='lat' dir='ltr'><strong>stum.</strong></span> 
     </span>
    </p>
   </div>
   <div class='ocr_carea' id='block_1_12' title="bbox 1311 2433 2277 5373">
    <p class='ocr_par' dir='ltr' id='par_1_15' title="bbox 1311 2433 2277 5373">
     <span class='ocr_line' id='line_1_74' title="bbox 1416 2433 2277 2535; baseline 0 -32"><span class='ocrx_word' id='word_1_499' title='bbox 1416 2433 1560 2506; x_wconf 88' lang='lat' dir='ltr'><strong>Tertius</strong></span> <span class='ocrx_word' id='word_1_500' title='bbox 1581 2459 1684 2516; x_wconf 91' lang='lat' dir='ltr'><strong>usus,</strong></span> <span class='ocrx_word' id='word_1_501' title='bbox 1710 2459 1772 2505; x_wconf 91' lang='lat' dir='ltr'><strong>seu</strong></span> <span class='ocrx_word' id='word_1_502' title='bbox 1795 2439 1900 2524; x_wconf 84' lang='lat' dir='ltr'><strong>tertia</strong></span> <span class='ocrx_word' id='word_1_503' title='bbox 1923 2463 2026 2509; x_wconf 91' lang='lat' dir='ltr'><strong>causa</strong></span> <span class='ocrx_word' id='word_1_504' title='bbox 2044 2439 2148 2535; x_wconf 84' lang='lat' dir='ltr'><strong>Legis</strong></span> <span class='ocrx_word' id='word_1_505' title='bbox 2169 2454 2227 2524; x_wconf 90' lang='lat' dir='ltr'><strong>est,</strong></span> <span class='ocrx_word' id='word_1_506' title='bbox 2247 2441 2277 2508; x_wconf 87' lang='lat' dir='ltr'><strong>in</strong></span> 
     </span>
     <span class='ocr_line' id='line_1_75' title="bbox 1313 2537 2272 2634; baseline 0.003 -28"><span class='ocrx_word' id='word_1_507' title='bbox 1313 2537 1493 2606; x_wconf 85' lang='lat' dir='ltr'><strong>conversis</strong></span> <span class='ocrx_word' id='word_1_508' title='bbox 1516 2539 1557 2605; x_wconf 88' lang='lat' dir='ltr'><strong>ad</strong></span> <span class='ocrx_word' id='word_1_509' title='bbox 1581 2537 1714 2622; x_wconf 90' lang='lat' dir='ltr'><strong>Deum,</strong></span> <span class='ocrx_word' id='word_1_510' title='bbox 1756 2539 1830 2608; x_wconf 85' lang='lat' dir='ltr'><strong>sive</strong></span> <span class='ocrx_word' id='word_1_511' title='bbox 1852 2541 2003 2624; x_wconf 88' lang='lat' dir='ltr'><strong>renatis,</strong></span> <span class='ocrx_word' id='word_1_512' title='bbox 2043 2545 2104 2634; x_wconf 91' lang='lat' dir='ltr'><strong>qui</strong></span> <span class='ocrx_word' id='word_1_513' title='bbox 2127 2544 2191 2610; x_wconf 90' lang='lat' dir='ltr'><strong>iam</strong></span> <span class='ocrx_word' id='word_1_514' title='bbox 2211 2553 2272 2610; x_wconf 90' lang='lat' dir='ltr'><strong>sunt</strong></span> 
     </span>
     <span class='ocr_line' id='line_1_76' title="bbox 1314 2637 2272 2729; baseline 0.002 -22"><span class='ocrx_word' id='word_1_515' title='bbox 1314 2637 1445 2727; x_wconf 85' lang='lat' dir='ltr'><strong>recepti</strong></span> <span class='ocrx_word' id='word_1_516' title='bbox 1461 2638 1681 2727; x_wconf 87' lang='lat' dir='ltr'><strong>ingratiam,</strong></span> <span class='ocrx_word' id='word_1_517' title='bbox 1708 2652 1740 2708; x_wconf 92' lang='lat' dir='ltr'><strong>et</strong></span> <span class='ocrx_word' id='word_1_518' title='bbox 1757 2641 1989 2729; x_wconf 85' lang='lat' dir='ltr'><strong>experiuntur</strong></span> <span class='ocrx_word' id='word_1_519' title='bbox 1998 2639 2065 2713; x_wconf 88' lang='lat' dir='ltr'><strong>Dei</strong></span> <span class='ocrx_word' id='word_1_520' title='bbox 2083 2644 2236 2714; x_wconf 85' lang='lat' dir='ltr'><strong>auxilium</strong></span> <span class='ocrx_word' id='word_1_521' title='bbox 2248 2655 2272 2709; x_wconf 92' lang='lat' dir='ltr'><strong>et</strong></span> 
     </span>
     <span class='ocr_line' id='line_1_77' title="bbox 1313 2735 2272 2835; baseline 0 -26"><span class='ocrx_word' id='word_1_522' title='bbox 1313 2739 1518 2809; x_wconf 86' lang='lat' dir='ltr'><strong>efficaciam:</strong></span> <span class='ocrx_word' id='word_1_523' title='bbox 1561 2735 1618 2808; x_wconf 93' lang='lat' dir='ltr'><strong>his</strong></span> <span class='ocrx_word' id='word_1_524' title='bbox 1632 2765 1773 2833; x_wconf 90' lang='lat' dir='ltr'><strong>quoquc</strong></span> <span class='ocrx_word' id='word_1_525' title='bbox 1790 2741 1901 2830; x_wconf 91' lang='lat' dir='ltr'><strong>legem</strong></span> <span class='ocrx_word' id='word_1_526' title='bbox 1917 2746 2074 2835; x_wconf 90' lang='lat' dir='ltr'><strong>proponi</strong></span> <span class='ocrx_word' id='word_1_527' title='bbox 2088 2768 2214 2814; x_wconf 87' lang='lat' dir='ltr'><strong>neeesse</strong></span> <span class='ocrx_word' id='word_1_528' title='bbox 2229 2756 2272 2824; x_wconf 89' lang='lat' dir='ltr'><strong>est,</strong></span> 
     </span>
     <span class='ocr_line' id='line_1_78' title="bbox 1311 2843 2271 2938; baseline 0 -28"><span class='ocrx_word' id='word_1_529' title='bbox 1311 2854 1352 2910; x_wconf 91' lang='lat' dir='ltr'><strong>ut</strong></span> <span class='ocrx_word' id='word_1_530' title='bbox 1378 2843 1571 2910; x_wconf 91' lang='lat' dir='ltr'><strong>doceantur</strong></span> <span class='ocrx_word' id='word_1_531' title='bbox 1593 2856 1626 2912; x_wconf 94' lang='lat' dir='ltr'><strong>et</strong></span> <span class='ocrx_word' id='word_1_532' title='bbox 1649 2844 1781 2931; x_wconf 90' lang='lat' dir='ltr'><strong>sciant,</strong></span> <span class='ocrx_word' id='word_1_533' title='bbox 1822 2869 1910 2936; x_wconf 92' lang='lat' dir='ltr'><strong>quae</strong></span> <span class='ocrx_word' id='word_1_534' title='bbox 1933 2869 2061 2936; x_wconf 80' lang='lat' dir='ltr'><strong>opera,</strong></span> <span class='ocrx_word' id='word_1_535' title='bbox 2103 2849 2161 2938; x_wconf 93' lang='lat' dir='ltr'><strong>qui</strong></span> <span class='ocrx_word' id='word_1_536' title='bbox 2184 2846 2271 2914; x_wconf 85' lang='lat' dir='ltr'><strong>cultus</strong></span> 
     </span>
     <span class='ocr_line' id='line_1_79' title="bbox 1312 2942 2270 3036; baseline -0.003 -23"><span class='ocrx_word' id='word_1_537' title='bbox 1312 2942 1389 3013; x_wconf 88' lang='lat' dir='ltr'><strong>Deo</strong></span> <span class='ocrx_word' id='word_1_538' title='bbox 1402 2943 1572 3032; x_wconf 89' lang='lat' dir='ltr'><strong>placeant,</strong></span> <span class='ocrx_word' id='word_1_539' title='bbox 1590 2967 1652 3011; x_wconf 92' lang='lat' dir='ltr'><strong>nec</strong></span> <span class='ocrx_word' id='word_1_540' title='bbox 1667 2946 1811 3034; x_wconf 89' lang='lat' dir='ltr'><strong>proprio</strong></span> <span class='ocrx_word' id='word_1_541' title='bbox 1826 2946 1976 3014; x_wconf 88' lang='lat' dir='ltr'><strong>consilio</strong></span> <span class='ocrx_word' id='word_1_542' title='bbox 1993 2947 2180 3036; x_wconf 82' lang='lat' dir='ltr'><strong>excogitent</strong></span> <span class='ocrx_word' id='word_1_543' title='bbox 2193 2967 2270 3035; x_wconf 90' lang='lat' dir='ltr'><strong>opera</strong></span> 
     </span>
     <span class='ocr_line' id='line_1_80' title="bbox 1315 3041 2270 3133; baseline 0 -19"><span class='ocrx_word' id='word_1_544' title='bbox 1315 3059 1348 3114; x_wconf 87' lang='lat' dir='ltr'><strong>et</strong></span> <span class='ocrx_word' id='word_1_545' title='bbox 1371 3044 1505 3129; x_wconf 89' lang='lat' dir='ltr'><strong>cultus,</strong></span> <span class='ocrx_word' id='word_1_546' title='bbox 1549 3044 1639 3115; x_wconf 90' lang='lat' dir='ltr'><strong>sicut</strong></span> <span class='ocrx_word' id='word_1_547' title='bbox 1660 3046 1818 3116; x_wconf 88' lang='lat' dir='ltr'><strong>fecerunt</strong></span> <span class='ocrx_word' id='word_1_548' title='bbox 1841 3041 2008 3133; x_wconf 87' lang='lat' dir='ltr'><strong>Ethnici,</strong></span> <span class='ocrx_word' id='word_1_549' title='bbox 2042 3045 2217 3124; x_wconf 90' lang='lat' dir='ltr'><strong>Monachi,</strong></span> <span class='ocrx_word' id='word_1_550' title='bbox 2247 3061 2270 3114; x_wconf 86' lang='lat' dir='ltr'><strong>et</strong></span> 
     </span>
     <span class='ocr_line' id='line_1_81' title="bbox 1314 3141 2269 3244; baseline 0 -31"><span class='ocrx_word' id='word_1_551' title='bbox 1314 3145 1481 3214; x_wconf 92' lang='lat' dir='ltr'><strong>omnihus</strong></span> <span class='ocrx_word' id='word_1_552' title='bbox 1506 3145 1679 3214; x_wconf 87' lang='lat' dir='ltr'><strong>aetatibus</strong></span> <span class='ocrx_word' id='word_1_553' title='bbox 1702 3171 1825 3216; x_wconf 89' lang='lat' dir='ltr'><strong>omnes</strong></span> <span class='ocrx_word' id='word_1_554' title='bbox 1848 3141 2031 3235; x_wconf 90' lang='lat' dir='ltr'><strong>homines,</strong></span> <span class='ocrx_word' id='word_1_555' title='bbox 2069 3153 2130 3244; x_wconf 91' lang='lat' dir='ltr'><strong>qui</strong></span> <span class='ocrx_word' id='word_1_556' title='bbox 2152 3149 2269 3217; x_wconf 82' lang='lat' dir='ltr'><strong>verbum</strong></span> 
     </span>
     <span class='ocr_line' id='line_1_82' title="bbox 1313 3244 2270 3341; baseline -0.003 -27"><span class='ocrx_word' id='word_1_557' title='bbox 1313 3245 1380 3328; x_wconf 88' lang='lat' dir='ltr'><strong>Dei</strong></span> <span class='ocrx_word' id='word_1_558' title='bbox 1404 3247 1633 3336; x_wconf 70' lang='lat' dir='ltr'><strong>scriptum-²11</strong></span> <span class='ocrx_word' id='word_1_559' title='bbox 1658 3248 1759 3317; x_wconf 89' lang='lat' dir='ltr'><strong>libris</strong></span> <span class='ocrx_word' id='word_1_560' title='bbox 1782 3244 2004 3338; x_wconf 90' lang='lat' dir='ltr'><strong>Propheticis</strong></span> <span class='ocrx_word' id='word_1_561' title='bbox 2031 3267 2062 3320; x_wconf 92' lang='lat' dir='ltr'><strong>et</strong></span> <span class='ocrx_word' id='word_1_562' title='bbox 2089 3248 2270 3341; x_wconf 86' lang='lat' dir='ltr'><strong>Apostolicis</strong></span> 
     </span>
     <span class='ocr_line' id='line_1_83' title="bbox 1314 3345 2277 3446; baseline 0 -28"><span class='ocrx_word' id='word_1_563' title='bbox 1314 3348 1492 3438; x_wconf 88' lang='lat' dir='ltr'><strong>aspernati</strong></span> <span class='ocrx_word' id='word_1_564' title='bbox 1509 3362 1603 3421; x_wconf 88' lang='lat' dir='ltr'><strong>sunt.</strong></span> <span class='ocrx_word' id='word_1_565' title='bbox 1656 3345 1731 3416; x_wconf 85' lang='lat' dir='ltr'><strong>Etsi</strong></span> <span class='ocrx_word' id='word_1_566' title='bbox 1753 3362 1868 3418; x_wconf 90' lang='lat' dir='ltr'><strong>autem</strong></span> <span class='ocrx_word' id='word_1_567' title='bbox 1892 3375 1936 3418; x_wconf 91' lang='lat' dir='ltr'><strong>ne</strong></span> <span class='ocrx_word' id='word_1_568' title='bbox 1959 3353 2076 3423; x_wconf 90' lang='lat' dir='ltr'><strong>renati</strong></span> <span class='ocrx_word' id='word_1_569' title='bbox 2099 3353 2225 3446; x_wconf 90' lang='lat' dir='ltr'><strong>quidem</strong></span> <span class='ocrx_word' id='word_1_570' title='bbox 2242 3359 2277 3418; x_wconf 61' lang='lat' dir='ltr'><strong>ac}</strong></span> 
     </span>
     <span class='ocr_line' id='line_1_84' title="bbox 1315 3447 2277 3540; baseline -0.006 -22"><span class='ocrx_word' id='word_1_571' title='bbox 1315 3474 1396 3518; x_wconf 88' lang='lat' dir='ltr'><strong>vere</strong></span> <span class='ocrx_word' id='word_1_572' title='bbox 1420 3451 1530 3518; x_wconf 90' lang='lat' dir='ltr'><strong>sancti</strong></span> <span class='ocrx_word' id='word_1_573' title='bbox 1556 3465 1701 3540; x_wconf 86' lang='lat' dir='ltr'><strong>possunt</strong></span> <span class='ocrx_word' id='word_1_574' title='bbox 1722 3447 1897 3540; x_wconf 88' lang='lat' dir='ltr'><strong>Decalogo</strong></span> <span class='ocrx_word' id='word_1_575' title='bbox 1922 3453 2137 3538; x_wconf 88' lang='lat' dir='ltr'><strong>satisfacere,</strong></span> <span class='ocrx_word' id='word_1_576' title='bbox 2165 3449 2277 3536; x_wconf 83' lang='lat' dir='ltr'><strong>hahent</strong></span> 
     </span>
     <span class='ocr_line' id='line_1_85' title="bbox 1314 3551 2277 3625; baseline -0.005 -4"><span class='ocrx_word' id='word_1_577' title='bbox 1314 3565 1432 3621; x_wconf 91' lang='lat' dir='ltr'><strong>tamen</strong></span> <span class='ocrx_word' id='word_1_578' title='bbox 1465 3551 1566 3620; x_wconf 88' lang='lat' dir='ltr'><strong>initia</strong></span> <span class='ocrx_word' id='word_1_579' title='bbox 1600 3552 1823 3620; x_wconf 85' lang='lat' dir='ltr'><strong>obedientiae</strong></span> <span class='ocrx_word' id='word_1_580' title='bbox 1852 3577 1912 3621; x_wconf 83' lang='lat' dir='ltr'><strong>seu</strong></span> <span class='ocrx_word' id='word_1_581' title='bbox 1941 3556 2277 3625; x_wconf 65' lang='lat' dir='ltr'><strong>conformitatem</strong></span> 
     </span>
     <span class='ocr_line' id='line_1_86' title="bbox 1314 3649 2277 3741; baseline 0.008 -20"><span class='ocrx_word' id='word_1_582' title='bbox 1314 3652 1401 3741; x_wconf 89' lang='lat' dir='ltr'><strong>lege.</strong></span> <span class='ocrx_word' id='word_1_583' title='bbox 1435 3649 1497 3734; x_wconf 90' lang='lat' dir='ltr'><strong>Ut,</strong></span> <span class='ocrx_word' id='word_1_584' title='bbox 1524 3667 1701 3722; x_wconf 91' lang='lat' dir='ltr'><strong>cortuum</strong></span> <span class='ocrx_word' id='word_1_585' title='bbox 1718 3653 1824 3722; x_wconf 91' lang='lat' dir='ltr'><strong>sentit</strong></span> <span class='ocrx_word' id='word_1_586' title='bbox 1837 3652 1938 3724; x_wconf 90' lang='lat' dir='ltr'><strong>initia</strong></span> <span class='ocrx_word' id='word_1_587' title='bbox 1953 3657 2092 3725; x_wconf 92' lang='lat' dir='ltr'><strong>timoris</strong></span> <span class='ocrx_word' id='word_1_588' title='bbox 2101 3658 2176 3738; x_wconf 89' lang='lat' dir='ltr'><strong>Dei,</strong></span> <span class='ocrx_word' id='word_1_589' title='bbox 2199 3650 2277 3728; x_wconf 72' lang='lat' dir='ltr'><strong>fidel.</strong></span> 
     </span>
     <span class='ocr_line' id='line_1_87' title="bbox 1314 3751 2277 3849; baseline -0.007 -26"><span class='ocrx_word' id='word_1_590' title='bbox 1314 3752 1516 3825; x_wconf 90' lang='lat' dir='ltr'><strong>dilectionis</strong></span> <span class='ocrx_word' id='word_1_591' title='bbox 1542 3776 1620 3843; x_wconf 91' lang='lat' dir='ltr'><strong>erga</strong></span> <span class='ocrx_word' id='word_1_592' title='bbox 1645 3751 1778 3822; x_wconf 87' lang='lat' dir='ltr'><strong>Deum:</strong></span> <span class='ocrx_word' id='word_1_593' title='bbox 1814 3768 1848 3823; x_wconf 88' lang='lat' dir='ltr'><strong>et</strong></span> <span class='ocrx_word' id='word_1_594' title='bbox 1871 3779 2073 3849; x_wconf 90' lang='lat' dir='ltr'><strong>quanquam</strong></span> <span class='ocrx_word' id='word_1_595' title='bbox 2096 3754 2174 3827; x_wconf 89' lang='lat' dir='ltr'><strong>haec</strong></span> <span class='ocrx_word' id='word_1_596' title='bbox 2192 3751 2277 3821; x_wconf 88' lang='lat' dir='ltr'><strong>initia</strong></span> 
     </span>
     <span class='ocr_line' id='line_1_88' title="bbox 1315 3855 2268 3944; baseline -0.004 -20"><span class='ocrx_word' id='word_1_597' title='bbox 1315 3857 1482 3944; x_wconf 91' lang='lat' dir='ltr'><strong>languida</strong></span> <span class='ocrx_word' id='word_1_598' title='bbox 1510 3869 1655 3926; x_wconf 91' lang='lat' dir='ltr'><strong>suntet</strong></span> <span class='ocrx_word' id='word_1_599' title='bbox 1683 3855 1842 3940; x_wconf 87' lang='lat' dir='ltr'><strong>infirma,</strong></span> <span class='ocrx_word' id='word_1_600' title='bbox 1884 3871 2004 3929; x_wconf 87' lang='lat' dir='ltr'><strong>tamen</strong></span> <span class='ocrx_word' id='word_1_601' title='bbox 2034 3860 2158 3930; x_wconf 88' lang='lat' dir='ltr'><strong>scimus</strong></span> <span class='ocrx_word' id='word_1_602' title='bbox 2183 3856 2268 3925; x_wconf 85' lang='lat' dir='ltr'><strong>Deum</strong></span> 
     </span>
     <span class='ocr_line' id='line_1_89' title="bbox 1316 3951 2277 4048; baseline -0.007 -21"><span class='ocrx_word' id='word_1_603' title='bbox 1316 3955 1493 4048; x_wconf 85' lang='lat' dir='ltr'><strong>postulare</strong></span> <span class='ocrx_word' id='word_1_604' title='bbox 1506 3951 1598 4026; x_wconf 90' lang='lat' dir='ltr'><strong>hanc</strong></span> <span class='ocrx_word' id='word_1_605' title='bbox 1613 3952 1874 4027; x_wconf 89' lang='lat' dir='ltr'><strong>inchoationem</strong></span> <span class='ocrx_word' id='word_1_606' title='bbox 1888 3960 2127 4044; x_wconf 91' lang='lat' dir='ltr'><strong>obedientiae,</strong></span> <span class='ocrx_word' id='word_1_607' title='bbox 2153 3957 2277 4048; x_wconf 49' lang='lat' dir='ltr'><strong>eamque}</strong></span> 
     </span>
     <span class='ocr_line' id='line_1_90' title="bbox 1315 4053 2277 4150; baseline 0.007 -24"><span class='ocrx_word' id='word_1_608' title='bbox 1315 4059 1354 4126; x_wconf 91' lang='lat' dir='ltr'><strong>in</strong></span> <span class='ocrx_word' id='word_1_609' title='bbox 1375 4059 1608 4127; x_wconf 88' lang='lat' dir='ltr'><strong>reconciliatis</strong></span> <span class='ocrx_word' id='word_1_610' title='bbox 1634 4070 1739 4150; x_wconf 91' lang='lat' dir='ltr'><strong>atque</strong></span> <span class='ocrx_word' id='word_1_611' title='bbox 1762 4059 1845 4128; x_wconf 90' lang='lat' dir='ltr'><strong>filiis</strong></span> <span class='ocrx_word' id='word_1_612' title='bbox 1870 4061 1940 4129; x_wconf 93' lang='lat' dir='ltr'><strong>Dei</strong></span> <span class='ocrx_word' id='word_1_613' title='bbox 1970 4062 2121 4150; x_wconf 89' lang='lat' dir='ltr'><strong>placere,</strong></span> <span class='ocrx_word' id='word_1_614' title='bbox 2158 4084 2192 4128; x_wconf 90' lang='lat' dir='ltr'><strong>ac</strong></span> <span class='ocrx_word' id='word_1_615' title='bbox 2212 4053 2277 4132; x_wconf 82' lang='lat' dir='ltr'><strong>lleo</strong></span> 
     </span>
     <span class='ocr_line' id='line_1_91' title="bbox 1314 4153 2277 4250; baseline -0.009 -22"><span class='ocrx_word' id='word_1_616' title='bbox 1314 4173 1448 4250; x_wconf 89' lang='lat' dir='ltr'><strong>gratam</strong></span> <span class='ocrx_word' id='word_1_617' title='bbox 1470 4183 1543 4229; x_wconf 90' lang='lat' dir='ltr'><strong>esse</strong></span> <span class='ocrx_word' id='word_1_618' title='bbox 1563 4173 1709 4250; x_wconf 90' lang='lat' dir='ltr'><strong>propter</strong></span> <span class='ocrx_word' id='word_1_619' title='bbox 1724 4157 1957 4231; x_wconf 87' lang='lat' dir='ltr'><strong>Mediatorem</strong></span> <span class='ocrx_word' id='word_1_620' title='bbox 1975 4159 2163 4233; x_wconf 89' lang='lat' dir='ltr'><strong>Christum.</strong></span> <span class='ocrx_word' id='word_1_621' title='bbox 2209 4153 2277 4223; x_wconf 51' lang='lat' dir='ltr'><strong>lrno¹</strong></span> 
     </span>
     <span class='ocr_line' id='line_1_92' title="bbox 1314 4255 2263 4353; baseline -0.011 -23"><span class='ocrx_word' id='word_1_622' title='bbox 1314 4263 1391 4330; x_wconf 87' lang='lat' dir='ltr'><strong>vult</strong></span> <span class='ocrx_word' id='word_1_623' title='bbox 1406 4261 1512 4332; x_wconf 91' lang='lat' dir='ltr'><strong>nobis</strong></span> <span class='ocrx_word' id='word_1_624' title='bbox 1528 4261 1696 4352; x_wconf 91' lang='lat' dir='ltr'><strong>opitulari</strong></span> <span class='ocrx_word' id='word_1_625' title='bbox 1710 4259 1807 4332; x_wconf 92' lang='lat' dir='ltr'><strong>Deus</strong></span> <span class='ocrx_word' id='word_1_626' title='bbox 1822 4265 1996 4353; x_wconf 88' lang='lat' dir='ltr'><strong>praesenti</strong></span> <span class='ocrx_word' id='word_1_627' title='bbox 2015 4264 2143 4333; x_wconf 88' lang='lat' dir='ltr'><strong>auxilio</strong></span> <span class='ocrx_word' id='word_1_628' title='bbox 2164 4274 2191 4328; x_wconf 90' lang='lat' dir='ltr'><strong>et</strong></span> <span class='ocrx_word' id='word_1_629' title='bbox 2211 4255 2263 4322; x_wconf 89' lang='lat' dir='ltr'><strong>efli-</strong></span> 
     </span>
     <span class='ocr_line' id='line_1_93' title="bbox 1315 4357 2277 4444; baseline -0.008 -12"><span class='ocrx_word' id='word_1_630' title='bbox 1315 4363 1427 4444; x_wconf 90' lang='lat' dir='ltr'><strong>cacia,</strong></span> <span class='ocrx_word' id='word_1_631' title='bbox 1463 4378 1503 4433; x_wconf 93' lang='grc' dir='ltr'><strong>ιιι</strong></span> <span class='ocrx_word' id='word_1_632' title='bbox 1526 4364 1736 4432; x_wconf 89' lang='lat' dir='ltr'><strong>accendatur</strong></span> <span class='ocrx_word' id='word_1_633' title='bbox 1766 4378 1800 4434; x_wconf 89' lang='lat' dir='ltr'><strong>et</strong></span> <span class='ocrx_word' id='word_1_634' title='bbox 1829 4379 1959 4436; x_wconf 84' lang='lat' dir='ltr'><strong>crescat</strong></span> <span class='ocrx_word' id='word_1_635' title='bbox 1980 4361 2065 4436; x_wconf 86' lang='lat' dir='ltr'><strong>haec</strong></span> <span class='ocrx_word' id='word_1_636' title='bbox 2088 4357 2277 4440; x_wconf 75' lang='lat' dir='ltr'><strong>obedientia,</strong></span> 
     </span>
     <span class='ocr_line' id='line_1_94' title="bbox 1318 4463 2277 4558; baseline -0.008 -28"><span class='ocrx_word' id='word_1_637' title='bbox 1318 4466 1395 4534; x_wconf 90' lang='lat' dir='ltr'><strong>vult</strong></span> <span class='ocrx_word' id='word_1_638' title='bbox 1418 4463 1521 4534; x_wconf 90' lang='lat' dir='ltr'><strong>etiam</strong></span> <span class='ocrx_word' id='word_1_639' title='bbox 1548 4464 1639 4534; x_wconf 87' lang='lat' dir='ltr'><strong>veris</strong></span> <span class='ocrx_word' id='word_1_640' title='bbox 1661 4464 1850 4554; x_wconf 89' lang='lat' dir='ltr'><strong>gemitibus</strong></span> <span class='ocrx_word' id='word_1_641' title='bbox 1874 4489 1893 4534; x_wconf 88' lang='lat' dir='ltr'><strong>a</strong></span> <span class='ocrx_word' id='word_1_642' title='bbox 1915 4489 1951 4536; x_wconf 91' lang='lat' dir='ltr'><strong>se</strong></span> <span class='ocrx_word' id='word_1_643' title='bbox 1975 4469 2047 4558; x_wconf 92' lang='lat' dir='ltr'><strong>peti</strong></span> <span class='ocrx_word' id='word_1_644' title='bbox 2075 4465 2277 4558; x_wconf 63' lang='lat' dir='ltr'><strong>praelucente</strong></span> 
     </span>
     <span class='ocr_line' id='line_1_95' title="bbox 1315 4563 2277 4660; baseline -0.001 -27"><span class='ocrx_word' id='word_1_645' title='bbox 1315 4566 1443 4635; x_wconf 86' lang='lat' dir='ltr'><strong>fiducia</strong></span> <span class='ocrx_word' id='word_1_646' title='bbox 1468 4563 1695 4652; x_wconf 89' lang='lat' dir='ltr'><strong>Mediatoris,</strong></span> <span class='ocrx_word' id='word_1_647' title='bbox 1729 4583 1768 4636; x_wconf 90' lang='lat' dir='ltr'><strong>ut</strong></span> <span class='ocrx_word' id='word_1_648' title='bbox 1795 4567 1867 4656; x_wconf 87' lang='lat' dir='ltr'><strong>ipse</strong></span> <span class='ocrx_word' id='word_1_649' title='bbox 1891 4583 2036 4660; x_wconf 89' lang='lat' dir='ltr'><strong>propter</strong></span> <span class='ocrx_word' id='word_1_650' title='bbox 2055 4565 2220 4638; x_wconf 88' lang='lat' dir='ltr'><strong>Christum</strong></span> <span class='ocrx_word' id='word_1_651' title='bbox 2240 4567 2277 4660; x_wconf 53' lang='lat'><strong>⁸¹4</strong></span> 
     </span>
     <span class='ocr_line' id='line_1_96' title="bbox 1314 4667 2277 4760; baseline -0.011 -25"><span class='ocrx_word' id='word_1_652' title='bbox 1314 4690 1377 4759; x_wconf 90' lang='lat' dir='ltr'><strong>per</strong></span> <span class='ocrx_word' id='word_1_653' title='bbox 1393 4692 1472 4738; x_wconf 88' lang='lat' dir='ltr'><strong>eum</strong></span> <span class='ocrx_word' id='word_1_654' title='bbox 1489 4669 1599 4738; x_wconf 84' lang='lat' dir='ltr'><strong>effuso</strong></span> <span class='ocrx_word' id='word_1_655' title='bbox 1615 4669 1653 4736; x_wconf 91' lang='lat' dir='ltr'><strong>in</strong></span> <span class='ocrx_word' id='word_1_656' title='bbox 1667 4667 1879 4760; x_wconf 91' lang='lat' dir='ltr'><strong>nosSpiritu</strong></span> <span class='ocrx_word' id='word_1_657' title='bbox 1895 4685 2015 4740; x_wconf 90' lang='lat' dir='ltr'><strong>sancto</strong></span> <span class='ocrx_word' id='word_1_658' title='bbox 2028 4671 2110 4738; x_wconf 91' lang='lat' dir='ltr'><strong>velit</strong></span> <span class='ocrx_word' id='word_1_659' title='bbox 2123 4669 2158 4737; x_wconf 93' lang='lat' dir='ltr'><strong>in</strong></span> <span class='ocrx_word' id='word_1_660' title='bbox 2173 4671 2277 4756; x_wconf 75' lang='lat' dir='ltr'><strong>pecto-³</strong></span> 
     </span>
     <span class='ocr_line' id='line_1_97' title="bbox 1315 4765 2262 4858; baseline -0.012 -20"><span class='ocrx_word' id='word_1_661' title='bbox 1315 4769 1414 4839; x_wconf 87' lang='lat' dir='ltr'><strong>ribus</strong></span> <span class='ocrx_word' id='word_1_662' title='bbox 1432 4771 1579 4856; x_wconf 89' lang='lat' dir='ltr'><strong>nostris,</strong></span> <span class='ocrx_word' id='word_1_663' title='bbox 1606 4794 1728 4839; x_wconf 90' lang='lat' dir='ltr'><strong>verum</strong></span> <span class='ocrx_word' id='word_1_664' title='bbox 1745 4771 1908 4842; x_wconf 91' lang='lat' dir='ltr'><strong>timorem</strong></span> <span class='ocrx_word' id='word_1_665' title='bbox 1920 4770 2003 4858; x_wconf 88' lang='lat' dir='ltr'><strong>Dei,</strong></span> <span class='ocrx_word' id='word_1_666' title='bbox 2029 4773 2159 4840; x_wconf 87' lang='lat' dir='ltr'><strong>firmam</strong></span> <span class='ocrx_word' id='word_1_667' title='bbox 2174 4765 2262 4832; x_wconf 80' lang='lat' dir='ltr'><strong>fidem,</strong></span> 
     </span>
     <span class='ocr_line' id='line_1_98' title="bbox 1315 4871 2262 4963; baseline -0.01 -23"><span class='ocrx_word' id='word_1_668' title='bbox 1315 4873 1541 4963; x_wconf 89' lang='lat' dir='ltr'><strong>patientiam,</strong></span> <span class='ocrx_word' id='word_1_669' title='bbox 1566 4871 1779 4952; x_wconf 88' lang='lat' dir='ltr'><strong>castitatem,</strong></span> <span class='ocrx_word' id='word_1_670' title='bbox 1813 4887 1848 4942; x_wconf 90' lang='lat' dir='ltr'><strong>et</strong></span> <span class='ocrx_word' id='word_1_671' title='bbox 1869 4887 2021 4944; x_wconf 89' lang='lat' dir='ltr'><strong>caeteras</strong></span> <span class='ocrx_word' id='word_1_672' title='bbox 2044 4873 2181 4942; x_wconf 87' lang='lat' dir='ltr'><strong>virtutes</strong></span> <span class='ocrx_word' id='word_1_673' title='bbox 2199 4881 2262 4931; x_wconf 83' lang='lat' dir='ltr'><strong>con·</strong></span> 
     </span>
     <span class='ocr_line' id='line_1_99' title="bbox 1315 4970 2261 5068; baseline -0.003 -28"><span class='ocrx_word' id='word_1_674' title='bbox 1315 4977 1497 5044; x_wconf 89' lang='lat' dir='ltr'><strong>venientes</strong></span> <span class='ocrx_word' id='word_1_675' title='bbox 1511 4974 1687 5043; x_wconf 89' lang='lat' dir='ltr'><strong>voluntati</strong></span> <span class='ocrx_word' id='word_1_676' title='bbox 1703 4974 1865 5058; x_wconf 91' lang='lat' dir='ltr'><strong>divinae,</strong></span> <span class='ocrx_word' id='word_1_677' title='bbox 1900 5001 2005 5068; x_wconf 90' lang='lat' dir='ltr'><strong>quam</strong></span> <span class='ocrx_word' id='word_1_678' title='bbox 2020 4976 2057 5042; x_wconf 90' lang='lat' dir='ltr'><strong>in</strong></span> <span class='ocrx_word' id='word_1_679' title='bbox 2074 4997 2130 5042; x_wconf 92' lang='lat' dir='ltr'><strong>sua</strong></span> <span class='ocrx_word' id='word_1_680' title='bbox 2145 4970 2207 5054; x_wconf 77' lang='lat' dir='ltr'><strong>lege</strong></span> <span class='ocrx_word' id='word_1_681' title='bbox 2218 4981 2261 5026; x_wconf 70' lang='grc' dir='ltr'><strong>θι-</strong></span> 
     </span>
     <span class='ocr_line' id='line_1_100' title="bbox 1314 5061 2261 5167; baseline -0.013 -23"><span class='ocrx_word' id='word_1_682' title='bbox 1314 5078 1441 5167; x_wconf 89' lang='lat' dir='ltr'><strong>pressit</strong></span> <span class='ocrx_word' id='word_1_683' title='bbox 1457 5073 1572 5157; x_wconf 89' lang='lat' dir='ltr'><strong>Deus,</strong></span> <span class='ocrx_word' id='word_1_684' title='bbox 1604 5077 1794 5152; x_wconf 85' lang='lat' dir='ltr'><strong>accendere</strong></span> <span class='ocrx_word' id='word_1_685' title='bbox 1809 5091 1841 5145; x_wconf 89' lang='lat' dir='ltr'><strong>et</strong></span> <span class='ocrx_word' id='word_1_686' title='bbox 1857 5078 2073 5156; x_wconf 80' lang='lat' dir='ltr'><strong>confirmare.</strong></span> <span class='ocrx_word' id='word_1_687' title='bbox 2121 5069 2203 5140; x_wconf 84' lang='lat' dir='ltr'><strong>llaec</strong></span> <span class='ocrx_word' id='word_1_688' title='bbox 2221 5061 2261 5126; x_wconf 84' lang='lat' dir='ltr'><strong>in·</strong></span> 
     </span>
     <span class='ocr_line' id='line_1_101' title="bbox 1314 5165 2260 5266; baseline -0.013 -19"><span class='ocrx_word' id='word_1_689' title='bbox 1314 5179 1432 5266; x_wconf 88' lang='lat' dir='ltr'><strong>gentia</strong></span> <span class='ocrx_word' id='word_1_690' title='bbox 1448 5178 1541 5248; x_wconf 90' lang='lat' dir='ltr'><strong>dona</strong></span> <span class='ocrx_word' id='word_1_691' title='bbox 1558 5190 1592 5246; x_wconf 91' lang='lat' dir='ltr'><strong>et</strong></span> <span class='ocrx_word' id='word_1_692' title='bbox 1607 5177 1775 5248; x_wconf 87' lang='lat' dir='ltr'><strong>beneficia</strong></span> <span class='ocrx_word' id='word_1_693' title='bbox 1791 5193 1886 5248; x_wconf 90' lang='lat' dir='ltr'><strong>certo</strong></span> <span class='ocrx_word' id='word_1_694' title='bbox 1905 5179 2007 5248; x_wconf 88' lang='lat' dir='ltr'><strong>efficit</strong></span> <span class='ocrx_word' id='word_1_695' title='bbox 2024 5181 2061 5246; x_wconf 94' lang='lat' dir='ltr'><strong>in</strong></span> <span class='ocrx_word' id='word_1_696' title='bbox 2077 5173 2170 5244; x_wconf 86' lang='lat' dir='ltr'><strong>nobis</strong></span> <span class='ocrx_word' id='word_1_697' title='bbox 2181 5165 2260 5236; x_wconf 67' lang='lat' dir='ltr'><strong>Deos.</strong></span> 
     </span>
     <span class='ocr_line' id='line_1_102' title="bbox 1314 5265 2260 5373; baseline -0.021 -26"><span class='ocrx_word' id='word_1_698' title='bbox 1314 5303 1395 5350; x_wconf 90' lang='lat' dir='ltr'><strong>cum</strong></span> <span class='ocrx_word' id='word_1_699' title='bbox 1409 5281 1500 5350; x_wconf 90' lang='lat' dir='ltr'><strong>serio</strong></span> <span class='ocrx_word' id='word_1_700' title='bbox 1517 5296 1551 5350; x_wconf 90' lang='lat' dir='ltr'><strong>et</strong></span> <span class='ocrx_word' id='word_1_701' title='bbox 1567 5279 1732 5351; x_wconf 87' lang='lat' dir='ltr'><strong>ardenter</strong></span> <span class='ocrx_word' id='word_1_702' title='bbox 1744 5298 1782 5350; x_wconf 87' lang='lat' dir='ltr'><strong>ea</strong></span> <span class='ocrx_word' id='word_1_703' title='bbox 1796 5280 1964 5373; x_wconf 89' lang='lat' dir='ltr'><strong>petimus:</strong></span> <span class='ocrx_word' id='word_1_704' title='bbox 1983 5275 2178 5351; x_wconf 84' lang='lat' dir='ltr'><strong>utChristus</strong></span> <span class='ocrx_word' id='word_1_705' title='bbox 2192 5265 2260 5334; x_wconf 83' lang='lat' dir='ltr'><strong>clare</strong></span> 
     </span>
    </p>
   </div>
   <div class='ocr_carea' id='block_1_13' title="bbox 0 0 2302 5808">
    <p class='ocr_par' dir='ltr' id='par_1_16' title="bbox 0 0 2302 5808">
     <span class='ocr_line' id='line_1_103' title="bbox 0 0 2302 5808; baseline 0 0"><span class='ocrx_word' id='word_1_706' title='bbox 0 0 2302 5808; x_wconf 95' lang='lat' dir='ltr'><strong> </strong></span> 
     </span>
    </p>
   </div>
  </div>
 </body>
</html>
