4714 5826
251 162 302 238 27
855 154 983 234 eutr.
1008 151 1126 230 Met.
1148 151 1360 230 SCRIPTA
1384 149 1684 236 monster.
1858 227 1861 234 .
2223 169 2267 242 28

260 327 308 405 Et
331 333 368 402 in
392 327 502 402 huius
529 327 668 402 ordinis
690 325 971 399 consideratione
991 328 1069 398 vult
1088 325 1186 398 Deus
1209 349 1246 396 se
1270 349 1275 411 ε
1298 329 1364 402 eati
1380 343 1483 415 sunt,
1507 342 1543 402 et
1557 333 1786 406 sentire'illos
1804 331 1909 405 etiam
1930 353 2032 425 posse
2051 357 2182 426 organa
2207 333 2268 406 Dei

261 434 426 524 agnosci,
450 448 484 504 ct
498 433 648 523 intelligi
671 425 768 500 huuc
789 431 950 501 ordinem
968 429 1141 501 divinitus
1163 452 1246 499 san·
1297 433 1464 501 salutaria
1481 453 1573 516 esse,
1594 447 1629 502 ct
1640 459 1714 506 non
1728 436 1829 506 irasci
1839 436 1915 508 Deo
1935 437 1972 505 in
1988 439 2125 529 poenis.
2148 434 2269 506 Exem-

146 617 150 628 .
263 538 372 610 citum
392 558 475 607 esse.
1007 545 1011 550 '
1298 533 1397 623 plum
1415 534 1553 603 illustre
1565 529 1819 607 buiusvirtutis
1834 553 1884 608 est
1896 535 2074 614 lonatbas.
2102 533 2268 608 Omnium

365 657 419 726 Ac
435 654 605 738 sciamus,
628 651 810 741 coniugia,
835 647 1015 739 politicam
1035 647 1247 732 societatem,
1297 658 1381 704 vero
1397 657 1575 704 summum
1592 650 1643 706 est
1658 641 1731 730 ipse
1746 638 1860 710 Filius
1872 635 1940 708 Dei
1956 641 1995 709 in
2016 663 2079 710 sua
2096 641 2270 708 vocatione
2329 712 2330 716 ,

264 755 646 842 contractus‚iudicia,
670 775 822 846 poenas,
845 775 952 843 opera
969 748 1248 843 esscsapientiac
1297 735 1486 820 Ohedissnss
1513 751 1548 808 et
1571 732 1629 808 hic
1654 740 1785 835 inquit:
1808 741 1978 812 ¹Discitea
1993 765 2061 826 me,
2087 740 2169 834 quia
2184 739 2271 810 mitis
2329 757 2330 770 ¹

263 877 299 932 et
323 860 482 931 iusticias
504 857 588 940 Dei,
627 869 660 925 et
681 854 867 924 eflicaciter
894 875 912 921 a
935 852 1010 922 Deo
1032 850 1246 936 conservari,
1295 861 1396 922 111111,
1421 850 1457 907 ει
1471 832 1619 908 humilis
1636 844 1752 917 eorde.

265 975 439 1059 quantum
457 959 593 1029 ordinis
604 957 782 1048 reliquum
797 968 935 1048 manet,
954 954 1098 1024 *etiamsi
1123 976 1143 1022 a
1167 953 1247 1022 dia·
1399 951 1573 1046 Superbia
1590 972 1706 1027 autem
1721 973 1795 1050 est,
1821 982 1983 1030 securum
2007 973 2042 1031 ct
2055 961 2132 1030 sine
2153 959 2272 1030 timore

265 1065 359 1136 bolis
384 1076 418 1133 et
437 1063 483 1132 ab
505 1059 647 1150 organis
668 1057 803 1127 diaboli
825 1055 959 1126 interea
976 1053 1245 1145 magnitumul-
1298 1053 1365 1126 Dei
1382 1078 1471 1142 csse,
1498 1073 1532 1128 et
1548 1060 1723 1130 confidere
1746 1063 1901 1152 propriis
1915 1062 2072 1146 viribus,
2098 1076 2133 1133 et
2152 1061 2273 1130 fidncia
2329 1093 2330 1098 ι

264 1182 321 1238 tus
336 1175 537 1236 moventur.
587 1159 823 1231 Sicutcustos
841 1157 955 1246 gregis
972 1167 1088 1228 servat
1102 1156 1247 1248 aliquod
1299 1158 1354 1225 sui
1369 1169 1466 1226 extra
1489 1173 1597 1228 metas
1617 1162 1812 1232 vocationis
1837 1186 2042 1253 erumpere,
2069 1163 2138 1232 sibi
2155 1177 2273 1253 poten-

264 1290 409 1358 agmen,
433 1261 571 1334 etiamsi
585 1261 661 1352 lupi
680 1261 816 1352 aliquas
829 1260 979 1350 pecudes
994 1259 1150 1348 rapiunt.
1183 1255 1244 1327 Sic
1298 1258 1382 1327 tiam
1398 1259 1488 1343 velle
1503 1283 1647 1350 augere,
1660 1263 1838 1352 despicere
1853 1278 1890 1334 ct
1905 1287 2064 1354 premere
2080 1264 2185 1345 alios,
2200 1283 2273 1352 per-

265 1370 354 1440 dicit
368 1368 462 1436 infra
477 1367 522 1434 dc
542 1363 689 1456 politico
706 1361 833 1431 ordine
856 1359 970 1450 capite
985 1361 1122 1428 decimo
1139 1372 1246 1430 sexto.
1299 1359 1462 1430 tinaciter
1476 1363 1649 1431 anteferre
1663 1367 1844 1454 propriam
1857 1367 2065 1454 sapientiam
2083 1367 2274 1436 boniscon-

264 1469 411 1542 Pondus
432 1482 465 1537 et
481 1479 607 1536 statera
629 1463 761 1534 iudicia
787 1461 934 1532 Domini
957 1473 1058 1544 sunt,
1083 1474 1117 1530 ct
1139 1482 1247 1551 opera
1299 1461 1406 1544 siliis,
1438 1477 1473 1533 et
1495 1463 1598 1533 irasci
1618 1461 1695 1533 Deo
1713 1477 1747 1534 et
1770 1461 1976 1536 hominibus
1997 1485 2086 1536 cum
2100 1468 2210 1536 egitur
2229 1473 2276 1531 est

266 1575 342 1642 cius
364 1590 487 1640 omnes
507 1567 642 1657 lapides
664 1565 786 1636 lancis.
840 1560 936 1632 Haec
962 1561 1159 1632 admonitio
1184 1585 1248 1629 nc·
1300 1562 1444 1647 infelix,
1471 1559 1685 1646 utPharao,
1712 1563 2274 1659 Goliad,Saul,Achitophcl,ct

266 1671 414 1744 cessaria
439 1684 489 1740 cst
510 1681 632 1738 contra
649 1668 787 1735 furores
802 1659 1032 1734 Manichacus
1049 1677 1083 1732 et
1099 1662 1247 1732 Anaba·
1302 1664 1449 1737 similes·

265 1772 441 1868 ptisticos‚
466 1784 505 1842 ut
521 1793 623 1860 saepe
639 1769 727 1838 alias
743 1766 883 1859 copiose
898 1766 1031 1835 dictum
1049 1779 1114 1836 est.

647 1897 652 1922 ··
1351 1862 1439 1934 Gom
1458 1857 1555 1930 iusto
1566 1858 1606 1930 in
1619 1857 1802 1955 terrafiat
1817 1865 2023 1953 retributio,
2043 1875 2185 1966 quanto
2200 1885 2274 1932 mo-

246 2041 249 2048 ,
317 1965 412 2044 Cum
428 1966 521 2040 venit
535 1963 728 2061 superbia,
755 1963 849 2034 vertit
867 1973 898 2036 et
914 1959 1132 2058 ignominia,
1159 1968 1191 2032 et
1212 1959 1250 2032 in
1401 1961 1463 2058 gis
1481 1961 1595 2058 impio
1609 1972 1641 2033 et
1656 1966 1867 2064 peccatori?

368 2067 575 2142 humilibus
589 2076 640 2139 Μ
655 2067 854 2165 “lupianum
1402 2110 1555 2204 Insignis
1576 2113 1774 2186 admonitio
1801 2131 1871 2203 cst,
1895 2139 1937 2187 ex
1959 2141 2026 2212 qua
2051 2133 2085 2191 ct
2108 2114 2201 2188 Petri
2225 2110 2276 2179 di-

366 2218 544 2295 Usitatum
562 2213 791 2300 esthomincs
805 2215 844 2288 in
860 2217 1024 2287 secundis
1046 2213 1151 2284 rebus
1175 2211 1251 2282 fieri
1302 2229 1397 2286 ctum
1421 2216 1592 2298 sumitur,
1616 2216 1698 2308 quia
1721 2230 1860 2310 tempus
1882 2232 1996 2291 estut
2020 2221 2167 2314 incipiat
2188 2211 2276 2284 iudi·

269 2325 562 2416 negligentiores,
590 2320 672 2412 quia
688 2316 816 2386 muniti
841 2317 1025 2408 praesidiis
1044 2315 1250 2402 manifestis,
1303 2317 1398 2385 cium
1414 2340 1433 2384 a
1450 2312 1644 2384 domoDei.
1677 2316 1717 2388 si
1732 2333 1850 2390 autem
1868 2323 2020 2412 primum
2036 2347 2056 2391 a
2073 2322 2188 2402 nobis,
2202 2313 2276 2408 quit

267 2429 389 2498 minus
404 2436 568 2494 metuunt
584 2433 619 2490 et
635 2420 754 2488 minus
768 2418 907 2500 dolent,
928 2416 1008 2484 ideo
1024 2427 1057 2483 ct
1072 2415 1249 2520 invocatio
1304 2415 1383 2484 listis
1404 2430 1456 2485 cst
1476 2439 1600 2484 eorum
1622 2417 1685 2508 qui
1705 2417 1777 2487 non
1794 2423 1942 2492 creduut
1955 2419 2176 2513 Evangelio?
2200 2431 2232 2486 et
2248 2411 2275 2481 sl

267 2530 340 2600 Dei
362 2528 401 2598 lit
421 2523 643 2613 languidior,
669 2521 760 2589 sicut
782 2519 819 2587 in
843 2517 945 2588 Mose
969 2518 1115 2585 dicitur:
1149 2513 1250 2584 Sedit
1302 2515 1414 2586 iustus
1432 2515 1490 2584 vix
1505 2515 1678 2602 salvatur,
1702 2519 1833 2609 impius
1855 2535 1890 2592 et
1913 2537 2074 2612 peccator
2097 2525 2160 2596 ubi
2175 2539 2276 2612 appa·
2330 2551 2332 2558 ⁴

267 2629 421 2728 populus
438 2628 651 2694 manducare
674 2635 707 2691 et
723 2623 844 2689 bibere
853 2671 865 2705 ,
891 2632 924 2689 et
940 2618 1092 2688 surrexit
1116 2618 1250 2687 ludere.
1302 2615 1454 2687 rebunt?
1503 2613 1568 2687 Est
1585 2631 1702 2688 autem
1719 2621 1880 2692 doctrina
1895 2625 1939 2693 de
1955 2625 2174 2713 poenitentia
2189 2634 2221 2691 et
2236 2618 2276 2684 de

270 2731 378 2803 ltem:
404 2723 724 2799 Luxuriantanimi
739 2725 844 2793 rebus
861 2720 1058 2813 plerunque
1073 2719 1247 2789 secundis.
1301 2721 1422 2812 poenis
1441 2718 1599 2788 venturis
1614 2719 1825 2810 impiorum,
1850 2737 1884 2794 et
1900 2725 2095 2796 consolatio
2114 2729 2158 2797 de
2181 2741 2276 2792 scon·

267 2827 433 2905 Extincto
456 2844 572 2901 autem
597 2826 723 2897 timore
747 2823 835 2903 Dei,
862 2816 1024 2891 homines
1045 2821 1178 2904 securi,
1209 2832 1249 2889 nt
1302 2821 1383 2891 dalo
1416 2821 1540 2894 crucis.
1598 2816 1858 2913 Argumentum
1892 2841 2009 2897 autem
2043 2827 2277 2901 instituitura

267 2946 419 3024 augeant
440 2931 652 3024 potentiam,
675 2927 784 2996 multa
807 2937 902 2996 extra
926 2922 1146 2992 vocationem
1170 2935 1246 2990 ten·
1301 2923 1450 2996 minore.
1507 2919 1600 2992 Cum
1626 2925 1709 2994 iusti
1730 2925 1767 2992 in
1790 2920 1856 2994 hac
1879 2927 1950 2997 vita
1971 2929 2193 3020 affligantur,
2217 2917 2276 3014 (1¹¹i
2332 2912 2333 2916 Ἰ

268 3049 368 3118 tant,
391 3031 533 3103 etalios
558 3029 700 3100 iniuriis
721 3027 890 3099 afficiunt.
942 3022 1031 3092 lnde
1053 3037 1250 3115 sequuntur
1301 3038 1418 3095 tamen
1446 3038 1621 3117 quaerunt
1656 3027 1960 3113 emendationem,
2001 3047 2136 3124 quanto
2171 3020 2276 3112 magis

267 3159 404 3230 poenae
417 3135 545 3204 ordine
561 3131 704 3216 divino,
728 3131 824 3200 iuxta
841 3128 952 3196 dicta:
979 3121 1076 3194 Deus
1091 3124 1249 3216 superbis
1302 3125 1422 3218 impii,
1447 3127 1702 3196 contumaciter
1717 3141 1750 3198 et
1766 3129 1927 3199 furenter
1943 3131 1982 3198 in
1997 3133 2188 3204 sceleribus
2203 3145 2276 3218 per·

270 3237 418 3322 resistit,
458 3231 655 3305 humilibus
685 3247 802 3302 autem
831 3233 891 3300 dat
924 3228 1084 3316 gratiam.
1144 3225 1249 3295 ltem:
1301 3239 1498 3296 severautes
1515 3227 1729 3318 punientur,
1754 3253 1893 3300 necesse
1911 3244 1961 3301 cst
1973 3233 2082 3322 igitur
2097 3246 2176 3327 post
2190 3225 2276 3298 hanc

267 3337 442 3432 Deposuit
456 3351 616 3429 potentes
632 3338 676 3404 dc
693 3337 796 3417 sede,
820 3345 855 3400 et
870 3330 1034 3400 exaltavit
1050 3324 1215 3400 humiles.
1301 3330 1409 3399 vitam
1431 3343 1561 3399 restare
1583 3329 1680 3398 aliud
1700 3329 1891 3417 iudicium,
1917 3347 1957 3404 ut
1975 3358 2054 3403 cum
2072 3333 2191 3408 David
2216 3349 2288 3418 ρ11·ι

370 3455 424 3527 Ae
438 3451 610 3534 thntcog
627 3451 841 3545 expefiengig
855 3448 969 3538 coegit
981 3448 1104 3533 fateri,
1125 3448 1249 3518 divino
1300 3431 1397 3502 nitus
1411 3430 1455 3498 sit
1470 3442 1615 3520 propter
1628 3432 1841 3501 adulterium
1858 3447 1892 3503 et
1907 3439 2060 3521 caedem,
2086 3436 2276 3530 punientur

268 3559 395 3630 ordine
406 3557 655 3626 inevitabiliter
670 3555 768 3648 sequi
785 3574 914 3642 poenas
924 3551 1123 3642 superbiam
1140 3574 1247 3620 rnen·
1302 3529 1396 3603 hand
1422 3531 1529 3640 ‘lulli‘
1550 3531 1612 3600 ‘llll
1637 3534 1847 3618 ἆθῑθΐῖὓΐθὸ,
1871 3549 1910 3605 Ul
1925 3535 2137 3632 Dionysius,
2163 3532 2277 3642 Tybff·

266 3676 339 3733 tcm
361 3651 455 3730 extra
480 3669 589 3726 metas
606 3653 812 3725 vocationis.
863 3649 970 3720 Hunc
993 3653 1155 3722 ordinem
1180 3675 1249 3720 no·
1301 3635 1396 3716 tius,
1423 3632 1558 3702 91ῖόῐῦδῖ
1579 3635 1618 3701 ῖῦ
1635 3629 1701 3703 hac
1717 3635 1787 3707 11111
1806 3631 2007 3708 habuerunt
2030 3641 2188 3732 placidos
2209 3651 2277 3700 ²¹¹·

232 3746 235 3754 ¹
269 3765 495 3832 minaverunt
523 3750 768 3851 steteram,
803 3768 837 3824 ει
865 3753 1004 3841 signum
1036 3767 1249 3845 sequuturae
1301 3752 1376 3818 tus,
1398 3749 1506 3806 118111
1521 3733 1630 3825 igilur
1642 3735 1740 3806 allud
1757 3737 1942 3810 iudicium.

268 3864 394 3935 ruinae
408 3875 460 3931 est
476 3860 625 3947 insignis
647 3856 855 3936 insolentia,
877 3855 974 3924 iuxta
991 3855 1123 3924 dictum
1142 3852 1249 3925 Clau·
1400 3852 1469 3922 Hic
1484 3867 1599 3921 autem
1614 3855 1706 3924 duae
1721 3853 1861 3942 regulae
1871 3857 2118 3943 conferantur,
2144 3869 2177 3925 et
2193 3870 2275 3920 con-

269 3966 383 4036 diani:
422 3963 619 4032 Tolluntnr
648 3961 685 4028 in
718 3959 850 4042 altum,
883 3969 924 4025 ut
955 3955 1055 4047 lapsu
1088 3957 1250 4046 graviore
1301 3955 1434 4024 ciliatio
1458 3955 1710 4031 consideretur.
1762 3953 1866 4026 Prior
1890 3973 1955 4028 est:
1982 3959 2127 4030 Atrocia
2154 3953 2276 4024 delicta

268 4080 375 4136 ritant
391 4078 454 4134 etc.
492 4061 587 4132 Haec
604 4077 653 4133 cst
670 4076 702 4130 et
718 4057 785 4130 hoc
802 4061 879 4130 loco
897 4059 1069 4127 sententia
1085 4055 1249 4128 Salomo-
1300 4057 1499 4149 puniuntur
1522 4057 1700 4126 atrocibus
1724 4059 1849 4150 poenis
1874 4059 1912 4128 in
1935 4055 1999 4129 hac
2023 4063 2116 4146 vita,
2143 4061 2178 4128 id
2196 4072 2277 4124 coss-

267 4169 336 4238 nis.
364 4167 497 4236 Contra
514 4188 596 4233 vero
612 4164 662 4233 ait
676 4164 714 4231 in
730 4157 927 4231 humilibus
940 4157 1148 4250 sapientiam
1163 4180 1251 4242 esse,
1302 4157 1396 4250 gruit
1418 4158 1538 4227 ordini
1563 4157 1721 4231 iustitiae
1740 4143 1783 4227 in
1800 4158 1895 4246 Deo,
1920 4175 1953 4230 et
1970 4162 2054 4256 quia
2069 4163 2119 4233 sic
2133 4161 2276 4255 ptenrn·

269 4271 359 4339 sicut
376 4267 500 4336 Petrus
519 4267 651 4357 inquit:
678 4262 885 4356 Humilibus
911 4263 970 4330 dat
994 4259 1151 4348 gratiam.
1204 4255 1250 4328 Et
1302 4279 1369 4353 que
1384 4260 1440 4341 fu,
1468 4253 1596 4328 horum
1619 4262 1860 4352 exemplorum
1876 4267 2103 4353 congruentia
2121 4259 2276 4336 testimo-

268 4371 363 4461 apud
379 4365 520 4438 Esaiam
537 4368 682 4436 dicitur:
710 4363 779 4436 Ubi
798 4357 970 4434 habitabit
989 4361 1190 4432 Dominus?
1211 4361 1249 4429 in
1301 4361 1401 4430 nium
1423 4374 1474 4431 est
1496 4364 1540 4431 de
1561 4362 1784 4452 providentia
1806 4377 1842 4434 et
1865 4350 2061 4455 praesentia
2075 4363 2142 4437 Dei
2168 4362 2205 4432 in
2221 4375 2276 4444 ge·

269 4471 405 4562 Spiritu
422 4469 574 4539 contrito
589 4482 622 4539 ct
638 4463 843 4546 humiliato,
866 4479 899 4536 et
917 4477 1057 4534 tenente
1070 4485 1250 4533 sermones
1303 4487 1384 4533 nere
1400 4459 1568 4534 humano.

269 4595 375 4643 meos.
1402 4582 1525 4652 Altera
1548 4583 1669 4672 regula
1692 4596 1759 4654 est:
1786 4580 1942 4656 Ecclesia
1960 4587 2116 4658 subiecta
2133 4595 2183 4654 est
2199 4593 2276 4646 crn-

370 4687 483 4760 Notae
504 4687 575 4757 sint
597 4700 713 4756 autem
738 4686 960 4757 definitiones
974 4681 1196 4754 Humilitatis
1216 4697 1250 4754 et
1301 4684 1350 4765 ci,
1366 4697 1399 4753 et
1417 4684 1560 4778 tyranni
1574 4699 1733 4754 exercent
1748 4687 1992 4758 crudelitatem
2009 4692 2176 4760 adversus
2192 4695 2275 4749 eam.

268 4791 477 4886 Superbiae.
527 4787 723 4864 numitius
734 4810 796 4859 scu
810 4779 1133 4882 ταπεινοφροσύνη
1147 4799 1197 4857 εει
1210 4786 1248 4855 in
1304 4783 1342 4855 ld
1358 4787 1497 4855 videtur
1511 4808 1585 4854 nun
1606 4808 1800 4876 congruere
1817 4791 1936 4859 ordini
1953 4789 2131 4876 iusticias,
2158 4784 2276 4870 dispu-

269 4897 399 4964 timore
413 4892 479 4964 Dei
495 4913 681 4981 agnoscere
697 4904 729 4959 et
744 4885 846 4960 fateri
864 4890 1044 4987 propriam
1063 4887 1249 4956 infirmita-
1301 4901 1351 4958 tat
1368 4888 1476 4975 igitur
1492 4889 1593 4967 ratio,
1618 4911 1663 4956 an
1680 4889 1725 4961 sit
1742 4891 1978 4978 providentia.
2031 4891 2101 4962 Sed
2122 4875 2274 4962 Ecclesia

268 5010 361 5080 tem,
387 5010 421 5064 ct
438 5017 509 5061 nnn
526 5015 710 5083 erumpere
731 5006 827 5061 extra
843 4989 1083 5073 vocationem,
1107 4991 1166 5058 scd
1192 4990 1249 5056 iu-
1301 4991 1504 5080 respondet:
1541 4989 1700 5060 Primum
1723 4989 1884 5080 congruit
1914 4993 2034 5061 ordini
2058 4991 2215 5066 iusticias
2240 4979 2275 5044 ln

268 5113 323 5168 tra
344 5109 453 5166 metas
478 5095 674 5163 vocationis
690 5091 765 5162 Deo
786 5092 937 5176 servire,
966 5113 1027 5180 spe
1047 5091 1170 5158 auxilii
1190 5091 1246 5158 di·
1300 5091 1394 5176 Deo,
1420 5092 1526 5161 etiam
1543 5091 1669 5181 punire
1684 5090 1896 5176 Ecclesiam,
1922 5095 2004 5186 qula
2020 5091 2136 5164 adhuc
2161 5087 2276 5159 hacrt't

267 5199 361 5282 vini,
386 5212 420 5268 ct
442 5219 517 5264 non
539 5196 737 5287 despicere,
770 5217 835 5262 nec
860 5215 1018 5283 premere
1050 5191 1157 5275 alios,
1188 5194 1248 5262 sed
1272 5275 1274 5278 ¹
1301 5194 1340 5261 in
1363 5215 1402 5262 ea
1425 5205 1618 5283 peccatum.
1670 5189 1719 5284 Et
1740 5194 1812 5270 scit¹
1827 5193 1983 5266 Ecclesia
2008 5197 2137 5267 multas
2160 5197 2275 5262 causas

224 5397 231 5408 .
264 5301 420 5374 tribucre
445 5297 594 5388 singulis
616 5299 784 5389 gradum,
811 5296 850 5366 in
875 5317 979 5390 quem
997 5294 1123 5369 ordine
1137 5293 1248 5365 collo-
1301 5318 1409 5388 quare
1425 5295 1580 5365 subiecta
1595 5293 1639 5366 sit
1652 5295 1760 5368 cruci.
1812 5293 1952 5368 Deinde
1967 5301 2012 5368 de
2029 5296 2189 5392 tyrannis
2204 5305 2274 5355 1111·
