4620 5814
850 155 978 256 antu
1003 173 1120 252 uon
1152 159 1370 250 scotera
1395 167 1696 253 sxncnrrca.
2009 220 2015 232 ,
2066 233 2068 238 .
2194 173 2299 254 aso.

645 353 856 418 rxemptun.
1394 341 1468 416 Sed
1487 317 1630 416 tandem
1652 341 1764 414 vincit
1786 335 1964 428 Christus,
1994 354 2029 413 et
2050 343 2191 434 opponit
2209 369 2257 416 re-

358 485 520 564 Primum
543 497 752 574 quaeramus
768 467 1025 558 Evangelinm,
1052 479 1085 538 et
1100 465 1169 537 lide
1185 489 1242 536 sc·
1293 445 1411 536 gulam
1443 459 1566 516 contra
1598 468 1690 537 opus
1718 444 1922 534 irregulare.
1980 437 2029 516 Et
2051 445 2151 514 nobis
2170 447 2257 516 valde

256 595 443 687 ripiamns,
461 601 546 658 tunc
561 578 672 670 magis
687 573 927 648 defensionem
940 565 1126 662 perDeum
1137 591 1243 661 quam
1294 547 1382 618 utile
1407 547 1607 638 exemplum
1628 541 1687 616 hic
1703 545 1908 638 proposuit,
1931 545 2257 636 utdiscamnsregu·
2298 581 2299 600 .

256 722 322 789 per
337 691 526 771 exercitus,
550 679 770 751 habebimus.
923 763 927 770 Ι
1294 648 1346 768 las
1361 671 1566 768 communes
1581 661 1614 717 et
1630 648 1841 718 necessarias
1857 646 2025 717 omnibus
2038 660 2156 717 contra
2168 671 2259 739 opera
2298 675 2299 736 ᾗ

359 807 462 879 Hanc
474 795 750 872 consolationem
763 788 1118 881 semperdeberemus
1127 794 1244 852 mente
1294 749 1513 840 ”legulffl'ffl‘
1565 745 1713 820 G‘dffln
1732 749 1819 818 'fall
1834 770 1923 838 οἱ)118
1938 747 2146 843 iff‘ssulmt
2167 748 2259 818 *πή*
2298 777 2299 796 ’

259 909 496 990 ,immam
547 897 659 970 Mum
681 892 784 963 ,alde
808 903 986 980 mgnum,
1006 891 1050 956 d,
1065 885 1160 955 ,iem
1179 907 1243 952 suo
1294 852 1373 920 licat
1397 863 1432 920 et
1453 851 1608 922 instituit
1629 850 1764 919 cultum
1780 849 1818 917 in
1834 848 1941 919 domo
1954 871 2036 934 sua,
2062 851 2120 918 sed
2136 850 2260 919 debuis-

140 1029 147 1052 ‘
259 1033 294 1090 et
317 1015 533 1090 liberorum,
562 1002 624 1071 sed
644 993 730 1066 binc
752 994 922 1066 deberent
943 1003 1059 1082 petere
1083 985 1244 1056 consola-
1296 964 1348 1021 ⁸⁸²
1375 951 1577 1070 Pemlnlffl
1606 952 1758 1041 '‘dillst·
1823 948 1988 1020 Habebit
2014 949 2106 1020 ‘⁰3¹⁰
2132 950 2261 1042 a⁰t⁰¹¹1⁸

258 1120 404 1191 tionem·
1295 1050 1406 1124 israel
1431 1053 1652 1122 manifestam
1676 1047 1975 1141 prohihitionem,
2005 1075 2051 1121 ne
2070 1051 2152 1121 alibi
2172 1051 2262 1122 sacri·
2298 1123 2299 1136 χ

359 1227 408 1304 Et
423 1218 672 1299 universaliter
685 1214 723 1283 in
736 1210 835 1282 omni
851 1206 1106 1300 gubernatione
1119 1218 1244 1275 tenen·
1295 1153 1462 1244 fiemm’
1490 1154 1561 1223 ”5⁸5
1576 1154 1619 1222 ‘'’d
1636 1151 1914 1225 lib‘ffliffllflmss
2298 1257 2299 1260 Ἴ

259 1342 304 1410 da
327 1348 378 1406 est
393 1327 479 1401 haec
501 1321 632 1412 regula.
681 1313 843 1386 Primum
864 1310 1073 1402 amplectere
1097 1308 1244 1377 verbum
1380 1269 1536 1376 ‚Quill
1564 1286 1633 1341 ‘⁸¹²
1668 1267 1750 1340 Non
1776 1270 1930 1341 tentabis
1951 1267 2145 1342 Dominum
2165 1269 2261 1342 Deum

259 1439 344 1522 Dei,
376 1448 411 1504 et
433 1427 509 1498 Deo
530 1421 694 1502 obedias,
722 1429 841 1506 postea
866 1423 1012 1482 eventus
1037 1409 1244 1478 commenda
1299 1385 1414 1444 mum·
1578 1435 1583 1446 ·
2298 1427 2299 1446 .

259 1541 348 1616 Deo.
379 1528 445 1614 Et
461 1551 536 1598 non
552 1523 679 1612 cogitet
694 1513 822 1600 bomo,
848 1535 971 1584 omnes
985 1524 1131 1580 eventus
1148 1531 1246 1598 posse
1400 1488 1499 1583 Quid
1525 1489 1717 1579 significat,
1742 1487 1897 1560 Tentare
1912 1485 2054 1559 Deum?
2103 1490 2158 1582 3st
2179 1496 2262 1562 emti

259 1637 417 1734 prospici
450 1645 510 1700 aut
540 1625 616 1716 regi
647 1613 997 1714 humano-consilio.
1047 1611 1131 1682 ideo
1161 1609 1246 1679 dicit
1298 1589 1433 1682 bthttssr
1466 1590 1612 1683 libitis&
1635 1588 1762 1678 ttttttbttt
1783 1591 1920 1678 molitu,
1952 1594 2036 1668 beau
2057 1593 2117 1667 tote
2139 1599 2171 1666 ti
2192 1588 2262 1664 dot
2298 1591 2299 1654 Ϊ

258 1743 442 1814 Psalmusa
467 1725 685 1802 Commendo
701 1717 776 1790 Deo
798 1716 892 1785 viam
915 1728 1033 1792 tuam,
1057 1725 1092 1782 et
1107 1712 1181 1803 ipse
1193 1711 1247 1780 la·
1298 1697 1451 1786 immiti
1471 1694 1550 1784 out,
1582 1695 1647 1765 tub
1673 1690 1776 1784 Ῐοίῴὄ
1798 1690 1966 1782 situentur
1974 1743 1986 1778 ,
2018 1695 2097 1766 sine
2118 1696 2262 1774 mandato
2298 1677 2299 1680 ¹

163 145 327 276 ssso

262 1847 340 1917 deq·
393 1835 497 1906 hem:
524 1826 698 1901 Subdiu„
713 1834 785 1890 ,³10
802 1815 899 1901 neo,
920 1826 955 1886 εἰ
969 1839 1030 1883 om
1046 1837 1139 1892 eum,
1267 1847 1269 1852 -
1299 1811 1334 1867 et
1348 1797 1456 1864 verbo
1471 1792 1558 1878 Dei,
1585 1795 1662 1862 sine
1677 1796 1871 1870 vocatione.

363 1954 433 2028 Sed
450 1969 616 2038 magnum
632 1942 764 2010 malum
780 1936 883 2006 estin
901 1930 1125 2016 hominibus,
1141 1929 1245 2022 quod

260 2063 390 2136 volunt
419 2052 540 2124 omnia
568 2041 768 2138 prospicere
802 2049 836 2106 et
857 2057 977 2125 regere
998 2055 1063 2102 suo
1088 2031 1249 2114 consilio,

261 2161 404 2237 interim
420 2151 634 2242 negligentes
648 2142 796 2213 verbum
809 2137 887 2208 Dei.
941 2132 992 2206 lta
1008 2133 1172 2204 diabolug
1186 2133 1248 2202 de.

262 2264 362 2338 ducit
389 2255 555 2329 homines
579 2249 625 2316 ad
648 2240 741 2313 hanc
763 2237 992 2331 sapientiam,
1024 2235 1148 2305 omitte
1169 2257 1248 2302 ver.

131 2357 138 2370 ⁸
261 2371 370 2448 bum,
395 2358 520 2428 omitte
544 2343 801 2423 ministerium,
827 2337 973 2407 consule
996 2337 1082 2419 tibi,
1105 2335 1153 2404 sis
1174 2357 1251 2404 cer-

144 2521 147 2528 *
262 2484 321 2541 tus
342 2467 386 2535 de
408 2459 524 2538 victu,
550 2451 594 2520 de
615 2441 819 2539 praesidiis,
845 2461 919 2509 non
936 2458 1091 2508 accersas
1105 2435 1173 2506 tibi
1186 2458 1250 2527 pe-

263 2567 609 2750 rlculabedChristus
624 2684 690 2734 nos
702 2670 844 2731 revocat
859 2655 902 2724 ad
919 2653 1080 2738 verbum,
1105 2664 1139 2721 et
1155 2649 1250 2721 affic-

262 2796 337 2857 mat
356 2773 589 2870 principalem
603 2766 696 2838 vitae
709 2781 849 2833 causam
865 2778 938 2825 esse
955 2752 1088 2840 Deum,
1115 2752 1250 2824 etiamsi

263 2881 429 2980 physicae
451 2895 575 2945 causae
595 2895 615 2938 a
641 2864 747 2936 nobis
761 2883 835 2931 non
851 2868 1051 2928 cernantur.
1101 2852 1201 2925 Sicut
1217 2867 1250 2923 et

264 2986 399 3060 Moises
413 2973 541 3047 babuit
559 2966 800 3040 defensionem
815 2961 893 3031 sine
906 2952 1062 3051 physicis
1078 2956 1202 3026 causis.

510 3209 570 3280 De
595 3197 762 3274 secundo
786 3197 1012 3300 tentatione.
1070 3175 1072 3178 ⁵

370 3339 531 3417 Secunda
568 3331 716 3405 tentatio
751 3328 866 3416 imago
903 3338 955 3394 est
980 3314 1251 3396 haereticorum.

265 3451 457 3539 Postquam
481 3441 575 3511 enim
600 3431 755 3504 Ecclesia
779 3427 1008 3521 aliquomodo
1031 3423 1180 3494 eluctata
1203 3440 1253 3496 est

267 3578 310 3625 ex
323 3543 564 3640 corporalibus
580 3535 765 3628 periculis,
791 3530 954 3599 diabolus
969 3527 1038 3595 iam
1053 3525 1254 3618 spirituales

267 3647 530 3748 persecutiones
552 3637 690 3728 incipit.
756 3631 902 3719 instigat
925 3629 1084 3720 aliquos,
1114 3642 1155 3698 ut
1176 3651 1252 3698 mo-

198 3833 200 3842 ,
268 3766 374 3826 veant
401 3745 610 3839 opiniones,
650 3749 686 3806 et
714 3731 911 3818 excogitent
940 3727 1056 3798 cultus
1085 3741 1121 3795 et
1151 3729 1254 3818 leges,

268 3858 344 3929 sine
370 3849 480 3922 verbo
504 3841 568 3914 Dei
594 3851 690 3908 extra
713 3833 876 3904 ordinem
896 3828 1015 3900 a'Deo
1038 3827 1254 3914 institutum,

267 3969 405 4031 tantum
429 3951 710 4035 obtemperantes
732 3929 1046 4012 suae-curiositati,
1071 3942 1105 3998 et
1122 3953 1183 4000 sua
1199 3931 1252 3999 iu-

269 4059 361 4132 dicia
383 4061 586 4146 sequentes,
611 4040 827 4112 admirantes
846 4055 946 4104 suam
968 4029 1195 4122 sapientiam,
1221 4049 1255 4103 et

269 4157 437 4247 sibiipsis
454 4139 643 4244 placedtes.
759 4179 764 4188 ·
844 4141 847 4148 ’

370 4273 424 4343 lta
445 4267 553 4339 sumit
573 4261 642 4332 sibi
660 4255 841 4331 Christum
866 4249 1114 4346 exagitandum
1130 4251 1256 4322 diabo-

244 4380 337 4448 'lus.
399 4366 575 4459 Proponit
597 4363 630 4431 ei
651 4357 745 4430 hanc
767 4354 1027 4446 cogitationem.
1087 4349 1255 4422 Pulcrum

268 4489 371 4557 esset,
398 4473 426 4542 si
441 4466 576 4562 aliquid
591 4461 675 4534 novi
689 4462 831 4542 faceres,
856 4456 952 4550 quod
965 4452 1026 4524 alii
1042 4477 1116 4523 non
1129 4455 1258 4538 sciunt,

270 4578 436 4650 videlicet
457 4572 486 4640 si
512 4569 568 4639 bic
592 4566 629 4634 in
648 4560 810 4632 omnium
827 4569 1015 4647 conspectu
1031 4555 1197 4626 volitares
1213 4557 1258 4624 de

270 4679 423 4771 templo,
457 4685 491 4741 et
521 4693 596 4738 non
625 4661 854 4734 descenderes
884 4681 947 4753 per
979 4658 1119 4746 gradus.
1179 4655 1258 4726 Hoc

162 4761 164 4764 Ι
273 4801 398 4856 omnes
418 4770 626 4846 admiraturi
649 4777 763 4836 essent
783 4774 818 4831 et
839 4757 1074 4851 praedicaturi
1091 4773 1257 4852 tanquam

270 4907 425 4966 novum,
447 4871 668 4950 inauditum,
695 4880 730 4936 et
744 4863 907 4934 divinum
924 4856 1037 4950 opus.

373 4999 447 5072 Nec
475 4993 601 5064 timeas
628 4984 845 5077 periculum,
878 4978 960 5072 quia
991 4977 1160 5068 scriptum
1191 4989 1260 5046 est:

275 5101 422 5193 Angelis
439 5095 511 5168 suis
526 5088 708 5162 mandavit
721 5087 766 5156 de
779 5098 832 5169 te,
856 5095 921 5154 etc.

2298 1941 2299 1978 l

1763 2008 1832 2075 ret.
2298 2005 2299 2070 l

1402 2127 1558 2201 Tentare
1572 2127 1687 2204 Deum
1708 2145 1889 2222 peccatum
1906 2107 1957 2202 eit
1972 2155 2048 2201 uon
2063 2131 2169 2203 solius
2184 2132 2265 2199 intir-
2298 2141 2299 2220 ξ

1302 2230 1453 2314 mitatis,
1479 2245 1521 2322 ut
1535 2231 1683 2302 Davidis
1705 2232 1937 2303 adulterium:
1964 2235 2027 2302 sed
2044 2249 2095 2306 est
2108 2247 2264 2328 peccatum
2298 2291 2299 2316 ,

1301 2331 1512 2421 sapientiae,
1543 2334 1694 2412 scilicet,
1727 2335 1872 2424 quando
1902 2347 2085 2423 peccatum
2111 2337 2217 2405 oritur
2234 2353 2265 2399 ex
2298 2337 2299 2388 l

1302 2435 1502 2522 arrogantia
1541 2457 1603 2503 seu
1638 2435 1767 2503 fiducia
1799 2432 2009 2524 sapientiae,
2049 2436 2177 2507 scilicet
2201 2456 2266 2503 cum
2298 2413 2299 2490 l

1303 2555 1402 2602 mens
1429 2534 1633 2604 admiratrix
1662 2558 1745 2603 suae
1771 2535 1981 2626 sapientiae,
2018 2537 2202 2608 contemnit
2222 2557 2266 2601 sa-
2298 2513 2299 2602 ζ

1302 2635 1471 2726 pientiam
1487 2631 1575 2720 Dei,
1599 2651 1633 2706 et
1655 2635 1732 2704 vult
1755 2627 1890 2728 aliquid
1913 2637 2099 2709 facerevel
2114 2639 2266 2709 ordinare.
2298 2675 2299 2686 .

1302 2731 1368 2804 hac
1397 2735 1471 2826 ipsa
1501 2735 1774 2826 imaginatione,
1809 2738 1908 2830 quod
1934 2737 1980 2809 sit
2009 2741 2152 2825 melius,
2181 2755 2266 2831 quam
2298 2753 2299 2814 t

1302 2836 1465 2907 ordinata
1480 2837 1667 2911 divinitus.
2298 2815 2299 2898 l

1405 2955 1457 3028 ds
1480 2953 1517 3044 ta
1540 2955 1624 3045 aido
1645 2960 1709 3028 cut
1730 2953 1909 3048 [qoudeit
1932 2957 2062 3051 assedi
2084 2960 2182 3051 thos,
2210 2954 2265 3044 too
2298 2965 2299 3030 i

1305 3058 1382 3174 beta
1401 3063 1466 3128 cut
1482 3056 1580 3145 biatu
1596 3057 1808 3151 [subestiduu
1824 3060 1974 3153 ibettgm
1991 3063 2184 3136 oetmeiotea
2196 3057 2266 3144 troo
2298 3045 2299 3060 '

1303 3160 1388 3250 tren,
1415 3162 1476 3232 bot
1492 3161 1576 3234 eines
1590 3161 1750 3253 gebcadt.
1776 3159 1840 3250 [ein
1855 3164 2006 3254 otbauug
2026 3168 2100 3238 obes
2113 3161 2267 3256 mantuan,
2298 3139 2299 3224 l

1304 3259 1354 3350 ia>
1375 3259 1500 3353 [dines
1522 3261 1724 3349 sabbatier,
1750 3261 1975 3338 brandones
1997 3266 2110 3358 bereti)
2128 3265 2197 3336 oter
2211 3259 2268 3330 oo
2298 3309 2299 3346 ,

1304 3383 1421 3536 atqup,b
1442 3368 1508 3438 urb
1529 3366 1613 3439 mitt>
1636 3364 1703 3454 otio
1727 3363 1821 3456 bord)
1843 3367 1933 3460 sigas
1948 3366 2092 3462 ttugtrett
2107 3353 2267 3459 morentii)

1304 3485 1339 3558 ge
1356 3485 1401 3536 tu
1424 3485 1473 3536 en.

1692 3633 1907 3700 ttremptum.
2298 3645 2299 3720 q

1408 3755 1489 3828 Non
1506 3754 1620 3844 placet
1634 3754 1767 3844 populo
1784 3752 1912 3836 lsrael,
1938 3777 2018 3823 cum
2035 3779 2110 3827 non
2123 3749 2270 3824 haberent
2298 3747 2299 3836 ξ

1305 3883 1443 3948 regem,
1468 3868 1579 3927 status
1603 3855 1678 3924 sine
1701 3868 1794 3925 certo
1816 3854 1948 3945 capite,
1973 3855 2115 3928 videtur
2136 3877 2202 3925 esse
2222 3851 2269 3916 de·

1307 3961 1431 4029 formis
1452 3957 1594 4048 species.
1645 3954 1702 4025 Ibi
1725 3979 1786 4025 sua
1814 3956 1985 4045 sapientia
2008 3959 2135 4029 volunt
2157 3966 2270 4022 mutare

1306 4062 1456 4130 formam
1472 4055 1716 4146 Reipublicae.
1772 4055 1811 4124 ld
1828 4080 1909 4128 vere
1925 4057 1994 4126 fuit
2010 4070 2144 4128 tentare
2158 4055 2265 4124 Deum.
2298 4107 2299 4118 ,

1420 4174 1505 4245 Filii
1522 4169 1695 4263 Ephraim
1721 4173 1759 4241 in
1775 4175 1937 4268 Aegypto
1961 4176 2119 4247 sciebant
2142 4167 2272 4265 promis

1309 4300 1380 4348 sam
1403 4298 1477 4346 esse
1499 4288 1628 4345 terram
1644 4270 1835 4355 Chamon,
1862 4289 1896 4346 et
1918 4299 2019 4366 aegre
2039 4279 2194 4366 ¹ferebant
2214 4288 2272 4338 ser-

1308 4378 1479 4460 vitutem,
1511 4375 1700 4445 videbatur
1725 4375 1834 4465 igitur
1864 4376 1914 4448 eis
1935 4379 2117 4470 pulcrum,
2148 4378 2273 4462 dignum

1309 4477 1396 4548 viris
1426 4478 1595 4559 lortibus,
1627 4501 1769 4548 movere
1796 4478 1953 4563 bellum,
1984 4493 2018 4550 et
2044 4478 2164 4548 conari
2188 4490 2299 4560 ocsus

1311 4604 1394 4673 pare
1416 4594 1547 4651 terram
1569 4573 1759 4660 Chanaan,
1797 4581 1858 4648 secl
1880 4580 1957 4648 sine
1981 4582 2178 4650 vocatione:
2208 4573 2274 4640 ideo

1311 4681 1623 4752 interficiebantur.
1650 4683 1655 4692 ’

1412 4795 1524 4868 Docet
1547 4817 1630 4885 ergo
1654 4790 1741 4897 haec
1760 4795 1898 4886 regula,
1924 4793 2005 4866 Non
2022 4777 2096 4866 esse
2113 4792 2275 4864 disceden-

1312 4902 1397 4968 dum
1414 4923 1432 4968 a
1448 4897 1616 4967 mandato
1629 4895 1697 4964 Dei
1712 4899 1911 4981 communi,
1936 4920 1997 4968 seu
2011 4900 2056 4968 ab
2071 4892 2275 4968 ordinatione

1311 4997 1380 5072 Dei
1407 4998 1609 5081 communi,
1650 4999 1727 5067 sine
1755 4999 1926 5087 singulari
1959 5000 2122 5070 mandato
2154 5011 2187 5067 et
2213 4991 2275 5060 sine

1270 5133 1274 5142 ·
1313 5101 1509 5173 vocatione.
1582 5099 1681 5169 Sicut
1714 5096 1895 5170 Abrabam
1925 5101 2099 5181 discessit,
2144 5097 2276 5168 offerens

377 5219 421 5288 ln
441 5211 508 5286 bac
524 5205 737 5300 cogitatione
750 5205 815 5274 diu
831 5197 984 5274 detinuit
999 5193 1203 5283 Christum,
1228 5211 1262 5268 et
1314 5205 1449 5288 tilium,
1475 5202 1534 5271 sed
1551 5195 1677 5272 hahuit
1695 5204 1871 5293 peculiare
1887 5205 2103 5277 mandatum.

278 5322 415 5400 duriter
432 5339 511 5384 eum
528 5308 678 5383 vexavit.
