4714 5826
290 198 363 276 ser

395 386 469 435 nors
509 351 636 453 rapias
676 341 985 422 dominationem,
1027 359 1089 409 nee
1128 345 1201 408 stes
1237 334 1278 406 in

396 484 498 562 opere
513 451 631 534 molo,
657 445 701 522 id
713 457 784 536 est,
808 469 882 518 nors
891 441 1024 544 socios
1040 463 1082 512 eo
1099 462 1193 539 quoe
1208 435 1279 510 scis

394 557 585 664 prohiberi
601 553 689 650 lege.

397 709 523 790 Postea
538 719 736 802 sequuntur
750 699 901 771 dictare
917 696 1061 790 poenis,
1085 694 1147 764 ubi
1159 694 1201 762 in
1211 691 1281 760 fine

295 809 395 901 dicit:
423 815 512 892 Non
526 811 592 880 erit
606 801 739 879 evasio.
780 800 896 892 Supra
916 824 1000 869 vero
1016 796 1150 890 inquit:
1177 787 1281 890 Quia

295 948 401 1002 omne
422 911 524 1022 qaod
538 907 711 990 voluerit,
729 901 852 1004 saciet
869 923 953 986 rex,
978 901 1111 970 scilicet
1127 893 1203 968 Deo
1218 896 1282 964 de-

296 1033 461 1106 iende-nte
491 1017 645 1108 legitima
678 1007 837 1098 imperia.
904 1002 1082 1096 Loquitur
1112 998 1208 1068 enim
1237 997 1283 1065 de

298 1131 452 1226 legitima
483 1127 674 1212 potestate,
713 1132 774 1179 seu
806 1105 961 1194 legitimo
994 1102 1139 1183 ordine,
1177 1119 1282 1191 quem

240 1231 242 1238 ⁸
297 1238 395 1306 Deus
419 1238 557 1302 tuetur,
591 1206 888 1285 sicutRom.13.
914 1204 1059 1274 dicitur:
1087 1199 1161 1291 Qui
1183 1212 1284 1291 pote-

169 1373 173 1380 ’
299 1335 379 1409 stati
394 1327 574 1403 resistunt,
601 1333 750 1408 poenam
767 1306 959 1380 habebunt.
1011 1300 1283 1374 Haerdocrrim

169 1443 173 1450 ¹
300 1439 385 1512 alias
401 1450 502 1518 saepe
517 1419 662 1512 repetita
679 1426 740 1483 est.

351 1631 429 1733 Qui
452 1621 605 1704 custodit
621 1620 870 1714 praeceptam,
896 1631 968 1678 nors
986 1614 1063 1676 raet
1081 1603 1121 1674 iss
1135 1627 1285 1702 poenas.

401 1728 561 1824 Tempus
585 1728 616 1790 et
641 1711 817 1788 iudicium
843 1707 1021 1802 intelligit
1046 1703 1287 1801 concipiens,

401 1833 491 1934 quio
516 1817 707 1895 cuiuslibet
731 1811 873 1909 negocii
894 1820 1034 1905 tempus
1060 1817 1092 1878 et
1109 1803 1286 1878 indiciam

400 1932 526 2006 veniel.
581 1917 657 1994 Sed
678 1940 819 2012 magna
837 1923 887 1983 est
904 1910 1105 1982 calamitas
1123 1903 1287 1978 hominis

406 2031 595 2108 nescientis
616 2017 817 2120 praeterita
835 2012 1027 2113 elsatam.
1080 2005 1159 2082 Nec
1177 2001 1287 2080 hebet

403 2135 513 2208 bomo
533 2131 744 2227 potestatem
769 2139 858 2190 suae
886 2113 998 2194 ritae,
1025 2135 1087 2181 nee
1103 2104 1209 2180 hebet
1221 2135 1287 2228 po-

404 2244 567 2309 testatem
592 2248 682 2296 suae
703 2219 850 2298 mortis,
884 2226 915 2285 et
940 2240 1014 2284 non
1037 2222 1088 2283 est
1110 2213 1232 2283 evasio
1247 2235 1287 2281 in

403 2332 517 2416 bello,
544 2338 575 2399 et
592 2351 666 2396 non
685 2317 858 2392 liberabit
874 2315 1044 2415 impietas
1060 2313 1227 2410 impium.

403 2493 501 2565 llaec
523 2481 693 2556 continua
715 2474 826 2544 oratio
846 2473 889 2541 de
907 2467 1031 2561 poenis
1047 2465 1289 2548 concionatur,

305 2619 338 2675 et
352 2599 445 2670 banc
460 2584 660 2682 generalem
673 2576 830 2668 regulam
848 2573 973 2644 tradit:
1001 2565 1144 2637 Atrocia
1161 2566 1288 2636 delicta

306 2701 505 2797 puniuntur
525 2683 702 2759 atrocibus
726 2676 848 2769 poenis
869 2673 974 2743 etiam
999 2669 1037 2736 in
1052 2663 1119 2737 hac
1133 2670 1224 2752 vita,
1249 2680 1289 2736 ut

307 2796 520 2878 homicidia,
558 2783 728 2880 periuria,
761 2775 954 2857 adulteria,
986 2770 1137 2840 incestae
1165 2767 1288 2838 libidi-

307 2930 388 2990 nes,
420 2897 583 2989 rapinae,
616 2897 651 2954 et
674 2880 824 2962 similia,
854 2888 895 2945 ut
920 2871 1180 2962 scriptumest:
1215 2863 1290 2960 Qui

307 3005 464 3100 gladium
487 2987 675 3081 acceperit,
707 2981 825 3070 gladio
846 2975 989 3071 peribit.
1043 2971 1149 3044 ltem:
1184 2971 1290 3044 Scor-

308 3125 439 3182 tatores
454 3112 487 3169 et
502 3091 681 3165 adulteros
695 3077 983 3153 iudicabitDeus.
1037 3070 1192 3144 Econtra
1208 3098 1290 3166 pro-

307 3207 418 3280 mittit
442 3190 725 3288 tranquilliorem
749 3184 858 3254 vitam
873 3175 1057 3248 modestis:
1086 3175 1161 3266 Qui
1176 3189 1292 3244 custo-

309 3310 619 3399 ditpraeceptum,
646 3311 720 3359 nou
735 3298 815 3357 ruet
832 3283 872 3350 in
888 3301 1028 3374 poenas.

410 3401 549 3478 Deinde
573 3391 726 3465 occurrit
748 3387 871 3459 tacitae
893 3378 1087 3453 obiectioni
1110 3373 1293 3449 Salomon.

310 3513 404 3604 Quia
435 3505 529 3576 enim
562 3495 777 3567 differuntur
807 3508 962 3578 poenae,
996 3481 1225 3550 confirmatur
1255 3478 1294 3546 in

308 3611 431 3686 multis
457 3598 616 3676 audacia.
668 3592 763 3663 Huic
786 3588 912 3656 stultae
930 3581 1174 3671 imaginationi
1192 3594 1226 3651 et
1240 3604 1295 3650 se-

310 3711 452 3788 curitati
479 3698 632 3800 opponit
663 3688 845 3786 sequentia
871 3686 975 3756 dicta.
1037 3682 1132 3766 lmo,
1168 3682 1296 3774 iuquit,

310 3813 469 3913 Sapiens
503 3794 680 3891 intelligit
713 3801 852 3886 tempus
881 3795 912 3857 et
943 3779 1139 3863 iudicium,
1172 3783 1297 3872 idest,

311 3920 376 3992 scit
398 3929 531 4008 poenas
551 3927 616 3972 suo
633 3913 790 3986 tempore
807 3904 973 3960 venturas
987 3910 1060 3957 esse
1077 3883 1214 3955 etiamsi
1231 3885 1296 3952 ali-

312 4018 518 4119 quantisper
540 3987 772 4078 differan'tur,
806 4007 839 4064 et
863 3991 928 4064 scit
951 3987 1140 4060 cuiuslibet
1160 3984 1298 4076 negocii

313 4137 502 4196 venturum
525 4129 598 4179 esse
619 4101 809 4182 iudicium,
844 4095 893 4164 id·
907 4105 975 4174 est,
1008 4112 1082 4158 non
1106 4101 1156 4156 est
1173 4087 1295 4182 'cyclo-

313 4226 431 4320 picus,
458 4237 532 4286 non
555 4202 749 4278 coutemnit
772 4194 1052 4290 providentiam,
1081 4193 1141 4260 sed
1159 4189 1223 4258 scit
1237 4212 1297 4256 ve-

314 4325 488 4398 rissimam
519 4333 593 4383 esse
615 4301 926 4376 comminationem
952 4295 1108 4364 divinam
1133 4315 1222 4384 quae
1242 4313 1297 4360 re-

315 4430 442 4502 citatur
464 4414 555 4486 Psab
577 4409 655 4480 ota
691 4397 1055 4489 Reddes'unicuique
1076 4393 1171 4463 iuxta
1192 4415 1298 4484 opera

206 4561 210 4570 ·
314 4553 395 4610 sua,
421 4536 455 4592 et
470 4515 561 4586 Psal.
573 4507 650 4582 57.;
677 4505 809 4597 Utique
826 4514 875 4570 est
889 4497 985 4568 Deus
1000 4497 1160 4565 iudicans
1176 4494 1211 4561 in
1229 4508 1300 4564 ter-

315 4657 376 4714 ra,
402 4621 450 4696 Et
472 4621 526 4688 lex
548 4626 695 4684 naturae
719 4621 754 4676 et
776 4599 986 4694 experientia
1006 4599 1151 4667 eandem
1169 4595 1300 4666 doctri-

316 4753 398 4804 nam
419 4723 524 4795 etiam
541 4709 706 4786 Etbuicis
727 4707 975 4786 ostenderunt,
1001 4703 1096 4770 iuxta
1114 4698 1175 4765 illa
1189 4697 1299 4766 dicta:

317 4835 388 4927 ἔχει
412 4818 501 4902 θεὸς
524 4811 671 4890 ἔκδικον
694 4809 811 4904 ὄμμα.
863 4805 970 4874 Item:
997 4797 1085 4882 θεὸς
1102 4793 1180 4871 aide
1196 4790 1301 4870 desed-

318 4933 405 5024 ζειν.
460 4925 563 4994 ltem:
601 4915 685 4985 Sera
709 4927 828 4982 tamen
850 4905 964 4976 tacitis
987 4927 1099 4996 poena
1120 4901 1215 4971 venit
1240 4924 1300 4992 pe-

318 5037 434 5106 dibus.
489 5024 594 5094 ltem:
631 5013 849 5085 'l'arditatem
872 5003 1197 5101 poenae-gravitate
1217 5026 1301 5094 sup·

213 5215 219 5228 ,
317 5133 414 5229 plicii
433 5132 645 5216 compensat.

418 5227 557 5302 Deinde
574 5218 680 5290 verba
695 5236 785 5308 quae
800 5223 1015 5304 sequuntur,
1042 5208 1226 5278 continent
1241 5209 1302 5276 de-

316 5317 536 5413 testationem
558 5322 656 5391 illius
681 5313 877 5412 cyclopicae
901 5311 1112 5382 securitatis.
1170 5307 1303 5400 Magna
1327 5359 1330 5392 ,

824 288 827 293 Ι
868 165 995 246 ente.
1031 160 1148 242 Mfflssn
1175 161 1385 240 SCRPI'DA
1411 159 1726 238 remersus.-

2224 159 2281 232 iffi

1323 335 1511 408 calamitas
1531 349 1601 420 cst,
1624 334 1762 428 iuquit,
1787 329 1950 404 bomines
1966 333 2036 404 nee
2049 329 2223 422 praeterita
2235 352 2285 400 ou-

1330 462 1427 520 rsre,
1459 461 1525 507 nee
1553 437 1692 517 lutura,
1725 435 1763 505 id
1786 447 1856 518 est,
1897 433 2064 504 omuibus
2091 429 2287 522 temporibus

1330 540 1492 610 videmus
1506 533 1684 609 horrenda
1697 537 1894 629 spectacula
1909 559 2122 626 poenarum,
2145 545 2288 604 ettamen

1329 655 1402 714 tam
1435 639 1567 710 atrocis
1597 640 1757 730 exempla
1793 638 1914 708 rident
1944 636 2063 708 multi:
2108 637 2151 705 de
2176 633 2288 704 talibus

1322 741 1530 836 praeteritis
1544 741 1667 831 poenis
1685 739 1848 810 videlicet
1861 751 1895 810 et
1912 737 2081 829 exemplis
2094 735 2250 830 loquitur.

1434 857 1558 929 Postea
1568 857 1668 928 addit
1678 877 1874 950 expressam
1886 854 2201 926 courminationem.
2233 847 2291 918 Ve-

1332 961 1452 1043 nient,
1478 961 1615 1053 iuquit‚
1641 981 1795 1050 poenae,
1820 979 1909 1050 quas
1931 955 2034 1025 nullo
2058 954 2159 1026 modo
2181 951 2293 1044 poteris

1332 1063 1506 1155 impedire
1527 1075 1589 1134 aut
1611 1083 1737 1130 arcere.
1789 1055 1909 1130 Homo
1931 1081 2006 1128 non
2028 1053 2133 1128 babet
2152 1057 2188 1124 in
2211 1067 2293 1146 pote·

1332 1176 1421 1234 state
1442 1189 1504 1234 sua
1528 1164 1638 1234 vitam
1663 1175 1723 1232 aut
1742 1173 1913 1244 mortem,
1945 1161 2075 1244 idest,
2106 1182 2177 1228 non
2198 1167 2295 1246 potest
2328 1197 2329 1206 κ

1333 1267 1486 1338 retinere
1502 1265 1609 1336 vitam
1625 1276 1687 1334 eut
1700 1286 1819 1334 arcere
1834 1275 2003 1346 mortem,
2029 1285 2107 1330 cum
2123 1257 2215 1330 Deus
2227 1280 2293 1326 eun

1333 1367 1457 1461 poenis
1472 1366 1655 1458 opprimit.
1688 1363 1771 1435 Non
1784 1378 1838 1436 est
1850 1363 1980 1447 evasio,
2007 1360 2133 1454 iuquit,
2157 1361 2193 1428 in
2206 1357 2296 1436 bello,

1334 1465 1382 1540 Et
1404 1491 1627 1562 nequaquem
1651 1467 1718 1536 erit
1735 1466 1910 1558 impunita
1927 1463 2100 1556 impietas.
2149 1459 2238 1530 Haec
2251 1457 2296 1526 di-

1335 1584 1388 1641 cta
1411 1594 1485 1639 non
1510 1569 1671 1659 indigent
1694 1568 1762 1637 alia
1786 1565 2026 1658 enarratione,
2061 1566 2121 1634 sed
2141 1559 2297 1632 adsentia-

1335 1697 1417 1742 mur
1438 1671 1516 1740 voci
1538 1671 1682 1740 divinae
1705 1669 1884 1739 minitanti
1908 1691 2058 1757 poenam
2075 1663 2234 1735 omnibus
2248 1658 2297 1752 qui

1336 1797 1409 1843 non
1438 1786 1549 1863 agunt
1579 1771 1852 1862 poenitentiam,
1893 1769 1983 1840 sicut
2006 1767 2124 1860 inquit
2144 1763 2297 1834 Dominus

1336 1875 1453 1946 Lucae
1474 1873 1547 1950 ta:
1580 1871 1658 1942 Nisi
1689 1871 1945 1964 poenitentiam
1967 1868 2094 1960 agetis,
2126 1887 2241 1937 ornnes
2260 1861 2299 1930 si-

1337 1975 1469 2046 militer
1490 1974 1661 2067 peribitis.
1714 1971 1811 2042 Haec
1821 1972 1976 2042 fulmina
1993 1991 2210 2063 nequaquam
2227 1963 2298 2034 scia·

1338 2100 1416 2148 mus
1429 2099 1505 2146 esse
1520 2077 1663 2144 inanem
1678 2075 1856 2158 sonitum,
1881 2074 1942 2142 sed
1956 2077 2041 2142 vere
2055 2085 2300 2163 expavescamus

1338 2179 1550 2269 cogitatione
1580 2189 1614 2247 et
1647 2189 1743 2246 metu
1771 2175 2009 2267 praesentium
2037 2186 2074 2245 et
2097 2184 2300 2246 werrarum

1338 2303 1556 2372 poenarum,
1586 2292 1621 2348 ct
1643 2280 1688 2348 ad
1710 2277 1826 2350 Deum
1852 2287 2121 2354 convertamur,
2146 2273 2301 2340 frenemus

1338 2382 1490 2452 iniustos
1504 2381 1676 2470 impetus,
1702 2392 1736 2450 et
1751 2401 1894 2448 oremus
1909 2377 1983 2468 regi
1997 2399 2018 2448 a
2034 2375 2112 2446 Deo
2126 2387 2188 2444 etc.

1375 2592 1584 2671 Interdum
1609 2591 1822 2667 dominatur
1841 2589 1952 2665 homo
1967 2591 2112 2664 tsomini
2127 2591 2165 2664 in
2180 2584 2303 2659 molem

1440 2725 1560 2772 suum.

1441 2851 1556 2921 Antea
1567 2846 1754 2941 perspicue
1768 2844 1880 2939 posita
1895 2859 1945 2916 est
1955 2844 2174 2918 adseveratio
2187 2845 2226 2913 de
2238 2863 2306 2932 pro

1341 2954 1509 3036 videntia,
1532 2973 1691 3042 expresse
1704 2949 1839 3020 dictum
1851 2947 2037 3041 estpuniri
2052 2949 2187 3018 delicta.
2220 2943 2306 3015 Nune

1341 3055 1442 3126 addit
1463 3050 1698 3135 obiectiones,
1724 3070 1812 3142 quas
1831 3050 1960 3119 refutat
1982 3050 2149 3120 admistis
2164 3045 2307 3140 querelis.

1341 3155 1475 3229 Contra
1500 3153 1635 3246 inquit:
1669 3149 1841 3222 Videmus
1863 3151 2055 3222 sceleratos
2076 3171 2179 3242 saepe
2199 3150 2308 3218 florere

1343 3260 1471 3350 opibus
1499 3268 1533 3326 et
1567 3253 1742 3344 potentia,
1779 3252 1889 3322 iustos
1918 3252 2079 3344 opprimi
2107 3268 2140 3324 ει
2169 3247 2310 3321 interfici.

1342 3359 1439 3432 llaec
1456 3355 1634 3426 i‘niusticia
1652 3378 1726 3424 non
1743 3355 1964 3437 toleraretur,
1987 3355 2015 3422 si
2033 3369 2126 3424 esset
2139 3351 2310 3444 providen-

1345 3463 1404 3534 tia.
1456 3457 1559 3528 Hanc
1579 3457 1799 3527 notissimam
1819 3454 2057 3526 obiectionem
2075 3470 2109 3528 ει
2124 3452 2181 3526 hic
2197 3453 2310 3528 recitat,

1344 3577 1377 3640 et
1409 3557 1479 3632 buc
1505 3561 1612 3628 modo
1645 3559 1786 3632 refutat.
1826 3556 2044 3649 Quanquam
2074 3581 2177 3650 saepe
2203 3556 2312 3624 florent

1345 3661 1524 3744 scelerati,
1550 3683 1652 3750 saepe
1673 3659 1927 3750 opprimuntur
1947 3658 2055 3745 iusti,
2078 3679 2195 3730 tamen
2210 3653 2313 3726 certis·

1346 3768 1474 3837 simum
1504 3774 1576 3851 est,
1611 3762 1753 3830 tandem
1776 3774 1810 3829 ct
1831 3755 1898 3829 hos
1917 3759 2072 3832 iniustos
2095 3764 2235 3832 daturos
2255 3776 2315 3824 esse

1347 3889 1492 3961 poenas,
1526 3877 1560 3952 et
1582 3863 1709 3932 melius
1731 3862 1806 3931 lore
1827 3861 1938 3935 iustis.
1990 3859 2096 3933 Hanc
2120 3863 2314 3932 solutionem

1347 3969 1467 4040 recitat
1484 3980 1516 4036 et
1534 3962 1651 4036 David
1668 3963 1807 4032 Psalmo
1822 3960 1901 4035 66.:
1929 3963 2014 4034 Vidi
2033 3966 2183 4058 impium
2201 3961 2315 4031 exalta-

1346 4086 1422 4144 tum
1438 4081 1479 4139 ut
1490 4068 1613 4136 cedros
1629 4065 1776 4148 Libani,
1803 4067 1986 4156 praeterii,
2012 4080 2046 4136 et
2064 4091 2143 4138 ecce
2161 4089 2229 4134 nnn
2245 4071 2316 4131 erat.

1347 4171 1451 4244 Salus
1480 4182 1596 4239 autern
1627 4168 1801 4237 iustorum
1831 4191 1849 4235 a
1878 4167 2050 4247 Domino.
2121 4165 2319 4238 Dominatur

1343 4270 1602 4366 aliquantisper
1618 4267 1721 4351 Saul,
1748 4269 1808 4361 qui
1834 4269 1934 4360 pellit
1951 4267 2148 4352 Davidem,
2171 4260 2319 4337 interficit

1348 4375 1565 4454 sacerdotes,
1600 4368 1760 4439 Herodes
1792 4367 2006 4461 Baptistam,
2045 4371 2141 4442 Nero
2172 4369 2319 4448 Paulum,

1348 4479 1408 4547 sed
1435 4474 1617 4567 aliquanto
1644 4486 1725 4563 post
1747 4467 1786 4540 bi
1810 4473 1953 4565 tyranni
1977 4471 2014 4540 in
2039 4467 2107 4542 bae
2129 4474 2199 4543 vita
2220 4463 2320 4540 mani·

1348 4579 1445 4650 festis
1461 4573 1585 4668 poeuis
1599 4572 1861 4664 opprimuntur.

1452 4692 1522 4766 Sed
1552 4691 1646 4764 dicat
1673 4689 1819 4784 aliquis,
1849 4691 1937 4783 quid
1963 4685 2038 4761 'boc
2068 4694 2212 4783 prodest
2232 4683 2324 4758 bonis

1351 4793 1567 4869 interiectis?
1618 4790 1714 4862 Haec
1727 4793 1885 4884 quaestio
1900 4794 2078 4864 excruciat
2093 4789 2268 4868 homines,
2293 4785 2324 4852 id

1350 4921 1492 4996 quoque
1507 4893 1678 4967 Salomon
1702 4891 1759 4964 hic
1775 4893 1949 4985 deplorat:
1977 4895 2060 4986 quia
2077 4891 2230 4966 bumana
2246 4889 2326 4961 ratio

1352 5023 1472 5073 causas
1487 5000 1636 5089 ignorat,
1663 5019 1772 5090 quare
1786 4996 2033 5067 universaliter
2043 5000 2153 5068 tantis
2162 4989 2327 5066 aerumnis

1353 5118 1477 5175 natura
1499 5098 1656 5172 subiecta
1677 5099 1742 5178 sit,
1770 5099 1830 5168 sed
1852 5097 2014 5168 doctrina
2033 5093 2212 5170 Ecclesiae
2233 5115 2329 5164 mon-¹

1351 5218 1439 5278 strat
1462 5225 1620 5285 causam,
1647 5201 1779 5272 seilicet
1794 5214 1974 5289 peccatum
1993 5199 2031 5268 in
2045 5201 2225 5271 omuibus.
2277 5193 2328 5262 ln-

1353 5322 1446 5379 terea
1469 5319 1586 5378 tamen
1610 5326 1693 5373 suus
1718 5302 1816 5370 locus
1841 5314 1894 5372 est
1915 5301 2079 5394 politicae
2102 5302 2276 5381 iusticias,
2300 5305 2329 5364 et
