4616 5818
49 245 104 320 aa
559 235 642 312 xu.
696 173 1094 310 aanorauonns
1121 219 1172 293 ns
1197 213 1500 294 uvaaonnu.
1546 241 1550 246 ·
1970 221 2045 300 242

404 410 452 463 tte
485 407 616 476 notato.
1053 397 1122 466 fide
1139 392 1225 484 erigi
1249 405 1284 464 et
1306 387 1498 479 vivificari,
1524 389 1606 486 quia
1628 387 1714 464 haec
1738 389 1851 468 hostia
1875 409 1926 468 est
1944 423 2044 490 prae·

128 501 888 608 flinipnnnninnlnnestprnprinsEvangelii,
906 501 1003 598 quod
1052 498 1202 568 stantior
1232 508 1303 566 tota
1335 494 1427 564 mole
1455 493 1604 585 peccati,
1638 509 1675 584 et
1692 494 1806 568 Filius
1829 511 1881 568 est
1903 514 2036 573 certum

48 613 167 686 Messias
182 613 371 688 antecellat¹
380 614 540 706 patribus
554 627 587 682 et
603 603 811 699 Prophetis,
836 605 926 675 sicut
943 601 1003 672 lo·
1052 599 1199 692 pignus,
1225 597 1321 690 q¹¹⁰d
1338 592 1435 666 ⁰⁰⁰³
1456 595 1580 684 dilldll
1602 617 1687 679 ¹¹⁰³,
1711 613 1746 670 tl
1769 600 1855 670 velit
1877 624 1943 670 11⁰³
1966 603 2037 674 sal·

48 713 157 788 hannes
176 717 307 812 iuquit:
332 705 1003 808 Explenitudineeiusomnesaccepi·
1051 724 1115 772 vos
1136 701 1260 771 facere.
1312 695 1402 768 Cum
1426 692 1464 766 hi
1486 697 1559 766 veri
1576 711 1710 781 motus,
1739 723 1886 790 pavores
1900 716 1934 774 et
1950 728 2036 774 con·

47 841 115 888 nus.
163 817 246 890 ldeo
263 817 571 888 omnessanetiab
588 813 691 886 initio
708 809 878 903 usquead
895 806 1002 874 linem
1051 801 1196 882 solatio,
1230 799 1338 870 timor
1360 811 1395 868 et
1414 798 1519 882 fides,
1553 820 1675 870 seusus
1698 802 1770 870 irae
1793 799 1862 873 Dei
1884 817 1920 875 et
1944 806 2036 877 vivi·

46 923 289 993 onustandam
312 921 420 990 modo
446 920 647 1002 salvantur,
674 913 803 984 scilicet
822 910 906 994 lide,
932 931 1002 1001 qua
1050 903 1165 975 ficatio
1187 925 1250 993 per
1266 901 1369 970 fldem
1384 897 1422 966 iu
1440 896 1571 969 Filium
1590 897 1656 971 Dei
1671 905 1857 990 accedunt,
1884 898 1970 976 haec
1984 921 2037 979 est

46 1022 168 1092 credunt
179 1021 294 1094 Deum
317 1021 402 1112 ipsis
421 1005 599 1091 remittere
624 1030 762 1110 peccata
785 1035 847 1104 per
864 1009 1002 1088 miseri·
1050 1004 1236 1096 praecipua
1258 1016 1291 1072 et
1316 1001 1480 1072 salutaris
1496 1002 1696 1090 meditatio,
1721 1019 1754 1077 et
1768 1006 1956 1098 applicatio
1974 1011 2036 1080 be·
2094 1025 2098 1038 ·

46 1123 192 1208 cordiam,
224 1137 368 1215 propter
395 1123 620 1192 liberatorem
651 1117 872 1218 promissum.
925 1106 1003 1180 Hac
1050 1107 1168 1178 ueiieii
1185 1104 1253 1175 Dei
1268 1106 1311 1173 ad
1330 1125 1408 1174 nos.

47 1223 98 1291 fide
122 1247 154 1294 se
179 1222 314 1310 Adam,
354 1219 554 1308 Abraham,
595 1219 749 1300 Moisessa
788 1212 926 1296 David,
968 1225 1002 1281 ²¹
1154 1223 1223 1295 Sed
1249 1237 1439 1316 utrumque
1461 1235 1601 1313 oportet
1621 1221 1740 1292 auimo
1762 1221 1914 1312 intueri,
1946 1231 2035 1301 iram

45 1349 143 1394 omnes
175 1328 285 1397 sancti
314 1326 605 1396 consolabantur:
635 1317 702 1390 hac
723 1319 792 1388 fide
815 1315 1002 1407 placebant
1052 1341 1084 1398 et
1106 1326 1395 1397 misericordiam.
1446 1320 1622 1394 Homines
1644 1325 1771 1394 ociosis
1791 1327 1920 1399 animis
1940 1334 2036 1422 cogi-

45 1420 117 1510 Deo,
140 1421 201 1497 hac
215 1429 342 1498 fiducia
358 1425 472 1496 Deum
491 1424 716 1495 invocabant·
1050 1442 1128 1500 tant
1151 1429 1194 1498 de
1210 1425 1308 1510 Deo,
1331 1449 1405 1495 non
1422 1425 1623 1497 existimant
1641 1450 1720 1495 eum
1738 1450 1820 1497 vere
1837 1429 1938 1502 irasci
1954 1459 2036 1526 pec.

125 1525 436 1600 ldcohicdicitur:
459 1523 642 1598 Abraham
658 1522 747 1592 vidfl
764 1520 855 1589 diem
873 1541 1003 1604 meum,
1051 1544 1149 1614 cato,
1180 1529 1262 1623 quia
1285 1523 1432 1598 humani
1455 1528 1564 1596 animi
1590 1527 1714 1598 levitas
1734 1552 1808 1597 non
1835 1536 2036 1623 magnifacit

46 1639 71 1694 ct
93 1627 228 1702 laetatus
259 1644 329 1718 est,
360 1631 396 1701 id
430 1645 499 1715 est,
531 1626 675 1718 agnovit
702 1625 742 1694 in
767 1619 1003 1713 promissione
1050 1644 1253 1704 erratasua.
1298 1626 1473 1701 SedDeus
1487 1625 1579 1699 hanc
1594 1630 1783 1699 amentiam
1799 1634 1873 1703 vult
1889 1639 2034 1730 corrigi:

47 1749 138 1798 meum
160 1734 368 1818 adventum,
394 1755 472 1802 mea
495 1729 679 1801 beneficia:
707 1721 754 1796 Et
774 1723 921 1792 laetatus
940 1733 1002 1805 est,
1050 1733 1131 1804 ideo
1162 1746 1273 1804 totum
1304 1753 1413 1820 genus
1440 1731 1636 1800 humanum
1666 1733 1869 1822 ingentibus
1889 1738 2035 1810 calami-

47 1829 150 1918 idest,
179 1835 312 1926 accepit
337 1833 577 1904 remissionem
602 1841 846 1922 P²⁶⁰³1⁰fflms
873 1847 1001 1894 ¹¹⁰V³ffl
1051 1835 1182 1907 tatibus
1210 1831 1382 1905 oneravit.
1442 1826 1581 1902 Omnes
1611 1833 1772 1903 miseriae
1801 1835 2035 1930 singulorum,

49 1927 152 2020 lucem,
184 1950 217 2006 et
245 1937 483 2007 incoationem
507 1935 599 2004 vitae
623 1943 806 2014 aeternae,
840 1949 930 2021 quae
951 1937 1005 1994 est-
1050 1961 1165 2020 mnrs,
1191 1949 1225 2006 et
1245 1934 1435 2026 supplicia,
1461 1934 1575 2018 bella,
1601 1935 1752 2021 excidia,
1775 1938 1969 2026 vastitates,
1996 1960 2035 2016 ut
2068 2006 2070 2013 s

50 2029 149 2104 laetitia
157 2087 168 2120 ,
194 2061 262 2129 pax
284 2051 347 2107 etc.
398 2037 467 2106 Sed
488 2031 669 2106 Pharisaei
690 2031 796 2120 longe
816 2029 903 2098 alias
925 2026 1001 2116 opl-
1051 2039 1247 2122 diluvium,
1272 2035 1499 2124 conflagratio
1521 2034 1713 2122 Sodomae,
1738 2037 1854 2107 clades
1874 2045 2034 2116 omnium

50 2131 145 2204 ⁰5⁰⁰&
166 2138 207 2208 de
229 2137 363 2220 M⁰⁵⁵3³
387 2133 583 2228 h³b⁰b³1¹1‚
612 2146 710 2203 “³¹¹¹
733 2129 891 2224 ΟΡΡΐθδδῖ
913 2129 1002 2196 ἷῐῐιᾶ·
1051 2163 1262 2230 regnorum,
1305 2139 1465 2208 omnium
1503 2148 1674 2223 aetatum,
1714 2151 1799 2208 sunt
1835 2142 2034 2218 testimonia

50 2232 258 2320 ginationibus
281 2238 438 2309 iusticias
460 2238 565 2326 legis,
599 2231 691 2304 nihil
713 2246 843 2302 norant
865 2231 909 2298 de
933 2229 1002 2298 lide
1051 2240 1250 2333 proposita,
1282 2254 1324 2310 nt
1346 2239 1558 2308 convincant
1582 2260 1667 2318 nna,
1691 2235 1807 2309 Danm
1828 2266 1909 2314 vene
1930 2245 2035 2320 irasci

50 2333 255 2434 iuMessiam,
283 2354 343 2410 aut
365 2341 408 2408 de
431 2339 570 2409 victima
594 2347 838 2430 propeccato,
865 2342 1001 2401 tantum
1051 2353 1207 2436 peccato,
1260 2339 1330 2411 sed
1361 2341 1505 2412 evidens
1534 2339 1775 2410 testinnonium
1805 2344 1873 2416 enit
1906 2347 2035 2437 impiis,

50 2443 246 2526 expectabant
266 2465 415 2532 regnum
441 2442 674 2512 mundanum.
727 2435 812 2507 Ideo
833 2430 898 2504 hat
915 2456 1002 2501 0⁰11·
1052 2445 1113 2539 qni
1143 2445 1181 2512 in
1212 2438 1278 2514 hac
1307 2442 1379 2513 vita
1410 2443 1559 2511 verbum
1583 2454 1616 2510 et
1638 2440 1838 2514 testimonia
1860 2445 1927 2517 Dei
1950 2473 2036 2520 con·

50 2536 139 2610 tiones
154 2539 286 2614 Christi
300 2545 458 2615 furenter
474 2543 702 2614 detestantur.
736 2613 741 2618 .
1051 2558 1236 2634 temnunt,
1263 2543 1437 2614 cruciatus
1453 2557 1616 2613 aeternus
1632 2539 1816 2633 posthanc
1834 2547 1952 2624 vitam.

1075 2689 1078 2696 '
1157 2678 1289 2748 Verum
1304 2677 1340 2746 in
1355 2673 1572 2747 boemundo
1587 2677 1719 2746 visibili
1734 2679 1802 2748 fuit
1816 2683 2039 2759 evidentissi-

1052 2801 1149 2851 mum
1164 2779 1407 2851 testimonium
1425 2778 1496 2847 irae
1513 2775 1598 2862 Dei,
1621 2781 1719 2872 qsrod
1738 2780 1867 2869 placari
1885 2789 2039 2862 nullane

1052 2883 1188 2974 potuit,
1224 2881 1293 2950 nisi
1321 2894 1434 2952 morte
1459 2880 1633 2970 unigeniti
1658 2879 1763 2953 Filii:
1807 2908 1879 2954 nou
1902 2906 2039 2978 poterat

1053 2985 1205 3077 placari,
1237 3005 1303 3052 nec
1332 2995 1534 3052 sanctorum
1567 2985 1764 3067 aerumnis,
1796 2999 1835 3058 ut
1862 2984 1972 3079 Abel,
2004 3009 2040 3065 et

1053 3085 1218 3156 aliorum.
1270 3084 1344 3153 lam
1368 3083 1499 3173 cogita,
1535 3084 1614 3177 quis
1633 3079 1821 3155 homiuum
1847 3091 1930 3161 satis
1953 3119 2040 3164 con-

1054 3187 1183 3257 sideret
1210 3185 1491 3276 magnitudinem
1515 3178 1623 3255 huius
1647 3185 1739 3272 irae,
1773 3202 1806 3259 et
1829 3190 2039 3267 beneficium

1055 3287 1134 3360 Dei·
1152 3289 1241 3358 tanti
1272 3288 1448 3366 aestimet,
1479 3287 1605 3380 quanti
1636 3310 1756 3356 revera
1783 3293 2040 3368 aestimandum

914 3388 938 3428 ⁸
1056 3403 1122 3462 est:
1161 3411 1282 3460 omnes
1312 3389 1421 3478 igitur
1449 3400 1533 3456 sunt
1562 3387 1711 3476 ingrati,
1742 3389 1878 3479 ignari,
1904 3410 1945 3478 ,et
1968 3399 2041 3470 irae

312 3500 396 3584 Die
434 3499 715 3582 parasceves.
775 3547 778 3554 «
1055 3489 1140 3576 Dei,
1170 3503 1204 3563 et
1228 3490 1398 3560 beneficii.
1453 3487 1556 3558 Hanc
1578 3490 1818 3578 securitatem,
1852 3495 2043 3587 ingratitu-

1056 3595 1198 3678 dinem,
1224 3589 1459 3682 ignorantiam
1476 3613 1723 3682 agnpscamus,
1752 3607 1785 3664 et
1800 3595 1919 3692 aliquo
1937 3605 2042 3674 modo

1056 3695 1282 3786 corrigamus.

128 3800 269 3895 Triplex
282 3799 525 3873 estmeditatio
537 3791 890 3889 passionisFiliiDei,
917 3793 1005 3864 Pa'e·
1155 3809 1312 3896 Rursus,
1346 3837 1425 3883 enan
1457 3834 1560 3882 varus
1593 3835 1705 3903 pavor
1731 3817 1902 3889 extitit'in
1924 3824 2041 3910 corde,

56 3896 739 3996 d⁰i⁰ilfflsSillrstfflllfl013¹²¹⁰P¹³153⁶
1056 3915 1196 3984 accedat
1232 3914 1444 4000 consolatio,
1487 3927 1522 3983 et
1557 3936 1787 4002 agnoscamus
1825 3923 2043 4008 magnitudi.

129 4003 377 4096 paedagogica,
404 4017 456 4075 0⁵²
471 4025 572 4091 saepe
589 4003 704 4088 ledere
721 4000 813 4090 ilms
829 3998 1006 4076 ”³¹12l30·
1055 4039 1136 4084 nem
1170 4016 1450 4100 misericordiae,
1483 4016 1579 4108 quod
1610 4015 1723 4086 voluit
1746 4015 1843 4088 Deus
1866 4021 1944 4092 ideo
1970 4027 2043 4115 pati

57 4121 99 4168 nas
121 4105 300 4178 discendae
326 4119 385 4176 aut
415 4105 594 4175 docendae
625 4098 792 4172 historiae
817 4122 938 4184 causa,
971 4110 1005 4168 et
1054 4114 1208 4196 Filium,
1235 4130 1274 4185 nt
1299 4141 1362 4206 per
1384 4111 1479 4184 hune
1502 4116 1675 4206 placatus,
1704 4143 1784 4188 vere
1806 4145 1872 4190 nos
1887 4124 2043 4217 recipiat,

58 4222 189 4288 quaerere
211 4208 411 4280 testimonia
427 4199 706 4296 Prophetarum,
740 4216 774 4273 et
794 4224 932 4284 caetras,
959 4223 1005 4269 an
1056 4231 1091 4288 nt
1112 4218 1239 4288 salvet:
1274 4231 1307 4287 ea
1331 4218 1505 4286 diseamus
1531 4217 1820 4307 applicationem,
1851 4227 1945 4317 quod
1970 4253 2043 4312 non

57 4295 125 4374 Deus
141 4310 289 4381 voluerit
303 4307 435 4380 Filium
459 4307 550 4398 pati,
575 4330 638 4375 cur
655 4305 805 4374 voluerit
823 4328 902 4373 earm
921 4302 1005 4392 pati,
1049 4320 1159 4410 dille!
1189 4339 1447 4410 consequamur
1470 4317 1711 4390 remissionem
1735 4338 1975 4412 pcccatorum,
2010 4346 2045 4403 et

57 4411 200 4489 ll¹⁰modo
223 4425 348 4482 natura
370 4405 526 4480 humana
542 4408 586 4476 sit
599 4407 755 4476 subiecta
771 4419 932 4495 peccato,
958 4426 1003 4472 an
1055 4410 1163 4490 ninam
1194 4432 1393 4504 gensum,
1423 4418 1491 4487 „553
1524 4413 1590 4488 hac
1620 4421 1693 4512 ips,
1723 4423 1810 4510 fide,
1841 4441 2044 4519 mmmm,

57 4505 176 4581 redemta
200 4536 261 4604 per
285 4513 399 4582 solum
416 4507 549 4580 Filium
569 4521 632 4580 etc.
656 4521 690 4577 et
712 4509 921 4576 confirmare
942 4504 1005 4574 tali
1056 4523 1150 4614 qnod
1175 4535 1320 4611 propter
1338 4517 1469 4588 Filium
1488 4519 1552 4590 Dei
1576 4521 1706 4592 iactum
1723 4531 1796 4614 'pro
1819 4529 1923 4600 nohis
1941 4533 2042 4604 victi-

58 4601 172 4681 lectione
190 4615 313 4697 fidem,
346 4637 417 4705 qua
436 4610 656 4681 adsentimur
677 4605 856 4680 historiae.
908 4603 1005 4676 Haec
1055 4645 1168 4706 mam,
1195 4620 1734 4713 paterneternnsrecipiatnos,
1760 4629 1927 4718 gtsnlnng

59 4704 203 4798 diligentia
226 4713 331 4786 etiam
354 4727 408 4784 est
432 4713 551 4796 utilis,
579 4725 613 4779 et
638 4711 714 4780 sine
734 4705 801 4778 hac
822 4721 1005 4801 sequentes

59 4827 117 4878 usus
135 4809 250 4886 haberi
272 4837 345 4886 non
363 4827 522 4906 possunt.
573 4812 657 4884 ldeo
675 4809 760 4882 haec
776 4808 880 4880 lectio
898 4822 931 4878 et
946 4833 1005 4878 co-

61 4907 345 5002 gitatiositcrebta,
363 4929 404 4987 ut
413 4913 517 4985 simul
529 4914 696 4985 accedant
708 4924 889 5007 sequentes
899 4931 994 4980 usus.

413 2744 459 2795 De
488 2744 600 2794 sexto.

11 2821 13 2929 l
125 2842 382 2918 Testimonium
403 2841 462 2916 hic
484 2846 618 2918 clarum
643 2855 753 2928 extat,
780 2839 875 2932 quod
890 2835 1004 2908 Filius

52 2937 97 3010 llei
120 2948 218 3020 leserit
247 2951 355 3020 etiam
385 2962 466 3018 ante
491 2960 678 3016 assumtam
703 2964 856 3013 carnem.
905 2937 1004 3008 Sicut

53 3045 118 3116 clare
138 3049 234 3124 dicit:
265 3052 465 3144 Antequam
483 3043 665 3118 Abraham
686 3061 791 3117 natus
808 3053 914 3125 esset,
940 3062 1004 3128 ego

54 3166 122 3232 sun,
148 3155 202 3222 sed
233 3149 304 3223 hoc
326 3151 576 3222 declarandum
598 3163 649 3220 est
674 3172 714 3218 ex
739 3146 854 3240 primo
876 3141 1004 3231 capite:

54 3243 81 3313 ln
94 3252 252 3349 principio
269 3267 347 3325 erat
360 3255 506 3324 verbum
525 3266 589 3324 etc.
617 3249 621 3256 '

107 3653 158 3724 lle
168 3657 343 3747 passione
356 3653 509 3724 Domini
524 3651 646 3722 nostre·
660 3651 749 3719 lesu
765 3641 921 3717 Christi.

1157 4753 1210 4828 De
1235 4753 1300 4827 hac
1322 4755 1557 4849 applicatione
1582 4763 1820 4832 teneanturin
1838 4781 2043 4856 promtute-
2125 4833 2131 4846 .

1056 4961 1312 5032 redemtionem
1338 4955 1435 5044 lesu,
1470 4983 1574 5054 quem
1604 4959 1685 5032 iecit
1709 4961 1806 5036 Deus
1827 4969 2043 5057 propiciato-

131 5066 327 5160 Spiritualis
350 5067 530 5140 meditatio
553 5061 640 5136 haee
664 5081 733 5150 est,
766 5065 850 5158 quia
873 5061 1005 5134 Filium
1056 5087 1152 5148 rem,
1185 5086 1248 5155 per
1272 5062 1374 5132 iidem
1400 5063 1438 5129 in
1462 5060 1816 5148 sanguineeiusetc.
1868 5067 2041 5151 Roma:

62 5154 107 5232 liei
125 5175 271 5260 oportuit
290 5171 365 5242 fieri
388 5168 560 5254 hostiam,
587 5191 772 5256 agnoscere
790 5163 1006 5257 magnitudi-
1056 5163 1126 5234 Pro
1144 5177 1284 5255 peccato
1301 5162 1482 5233 damnavit
1499 5177 1690 5251 peccatum.
1727 5173 1761 5240 2.
1772 5165 1887 5246 Cor.6
1909 5201 1915 5243 :
1938 5173 2043 5265 Eum,

63 5283 118 5336 nen
144 5273 209 5346 irae
230 5274 298 5346 Dei
322 5275 490 5352 adversus
512 5283 710 5360 pteccatum,
742 5283 776 5338 et
797 5292 878 5338 vere
901 5289 1007 5358 expa·
1058 5266 1213 5360 quinon
1236 5267 1337 5336 novit
1356 5276 1557 5356 peccatum,
1589 5265 1672 5336 iecit
1694 5283 1892 5360 peccatum,
1918 5291 1955 5346 ut
1978 5304 2043 5350 nos

66 5385 184 5460 venen,
213 5399 252 5446 η
280 5395 403 5449 nnana
430 5395 618 5461 agnoscere
645 5371 940 5456 misericordiam,
972 5382 1006 5439 et
1057 5368 1218 5440 heremus
1242 5367 1380 5438 iusticia
1404 5364 1470 5432 Dei
1494 5387 1556 5456 per
1581 5367 1709 5459 ipstun.
1762 5369 1863 5444 Hanc
1889 5380 2043 5470 applica.

99 5471 252 5546 lteram.
281 5481 384 5548 Oeta.
412 5479 495 5542 Vot-
515 5477 611 5543 XIV·
1300 5467 1346 5537 1⁶

1056 4859 1241 4944 stimonia,
1268 4857 1375 4932 Rom.
1391 4858 1444 4930 da
1473 4855 1709 4930 lustificamur
1725 4877 1841 4934 autem
1857 4870 1965 4955 gratis
1982 4895 2043 4962 per
2170 4935 2173 4943 .
