4590 5808
62 169 129 250 ao
294 165 379 248 xu.
431 157 827 244 suuouunonus
849 159 919 240 ur
944 157 1227 250 concinnus
1252 161 1307 238 us
1331 159 1517 242 eveno.
1541 101 1824 260 marmure
1883 238 1887 245 .
1973 179 2086 276 ,osa

55 366 130 418 nam
151 341 318 429 alutem,
342 351 602 436 proponemus
619 336 724 410 nabis
745 335 943 410 consolatio
965 359 1032 408 nec
1084 335 1198 408 robis.
1247 333 1399 410 ldandat
1413 335 1531 425 etiam,
1552 339 1936 428 utbdeset'invccs'tio
1949 359 2071 452 quoti-

55 449 164 530 firma,
187 443 406 530 neeediesx,
428 445 489 516 sed
513 439 631 512 inanis
644 454 912 511 etersnescens.
963 435 1030 511 At-
1076 437 1140 510 die
1165 451 1393 512 cremantur
1413 441 1564 532 petenda
1584 455 1619 516 et
1639 453 1871 542 mpectnods
1894 471 2069 534 emarus...

57 550 109 642 qri
122 549 221 620 Deos
236 545 587 618 rultcommnnieare
602 543 708 614 nebia
729 541 769 612 in
789 541 892 612 omni
915 553 1030 614 aeter·
1081 540 1180 612 tione
1198 563 1240 612 ac
1258 541 1464 614 detorsione
1483 565 1693 636 eorporsnn,
1713 551 1863 650 aliisque
1883 559 1989 634 rebus
2002 585 2069 638 ne-

56 651 154 722 nitrte
173 644 382 746 sapientiam
403 659 438 719 et
457 646 654 718 bonitatem
671 665 794 725 suasu,
819 655 925 738 atque
942 665 1032 714 eon-
1081 643 1257 726 cessariis,
1295 643 1340 714 ab
1369 643 1482 735 ipsius
1509 645 1671 720 bonitate
1697 666 1804 750 atquc
1827 657 2069 739 miserim-dt.

53 750 312 822 summationem
326 749 517 822 tarnem
529 743 1029 818 misericerdieeettadmiran·
1079 757 1227 846 prepter
1241 739 1436 822 Christum.
1998 826 2005 838 ,

54 853 110 923 dae
131 851 353 924 liberationis
369 845 477 924 buius
498 845 567 920 boe
586 849 697 920 modo
719 846 895 935 domuit,
927 859 969 918 ot
988 847 1027 916 in
1181 843 1286 918 Hanc
1312 847 1510 920 doctrinam
1538 850 1584 920 de
1610 849 1840 929 distinctione
1861 865 2068 955 nonduin.

52 966 183 1026 aeterna
207 953 447 1039 beatitudine,
467 950 671 1044 sapientie,
705 947 858 1035 iustitia,
892 947 1028 1021 laetit’n
1079 971 1167 1020 num
1195 947 1383 1022 audivistis
1410 949 1449 1019 io
1477 952 1638 1042 proxima
1667 957 1850 1038 concione.
1905 962 1954 1041 Et
1982 973 2067 1066 quta

53 1053 118 1124 riri
131 1056 295 1128 truamur
308 1054 418 1148 ipsius
431 1053 527 1124 claro
541 1047 748 1146 risibilirpae
760 1063 969 1144 mnspeetu,
992 1063 1029 1120 et
1080 1052 1291 1143 praecedens
1310 1051 1453 1143 petitio:
1477 1050 1612 1126 Panem
1627 1070 1790 1130 nostrum
1806 1065 2068 1164 quotidianum,

49 1157 119 1226 siue
134 1169 295 1249 peccato,
321 1157 545 1235 sinernorte,
571 1153 747 1226 sineullis
768 1151 1028 1224 calamitatibus
1078 1165 1143 1224 etc.
1157 1151 1571 1246 loquiturdebeuebciis
1591 1160 1855 1252 corporalibus,
1879 1169 1960 1242 ideo
1983 1199 2066 1251 mox

52 1253 154 1348 ipmm
168 1272 341 1350 perpetuo
355 1257 583 1330 celebremus.
633 1251 732 1340 Haec
745 1253 934 1346 promissio
948 1275 1028 1345 pra-
1078 1251 1256 1326 Dominus
1277 1255 1439 1346 adiungit
1462 1269 1497 1326 et
1518 1259 1646 1351 repetit
1661 1261 1869 1353 petitionem
1886 1274 2067 1350 remissio.

49 1359 109 1430 tiae
128 1372 162 1431 et
183 1371 412 1430 aeternorum
434 1359 629 1444 bonorum,
654 1356 779 1450 procul
795 1355 949 1426 discerni
965 1356 1029 1426 de-
1078 1355 1137 1426 nis
1158 1369 1400 1448 peccatorum,
1439 1379 1545 1452 qoam
1574 1361 1720 1456 quidem
1748 1369 1997 1449 universaliter
2023 1380 2064 1454 iu

55 1467 103 1538 bet
117 1487 135 1534 ε
149 1460 450 1556 promissionibus
464 1459 642 1530 bonomro
657 1457 911 1551 corporalium.
1079 1458 1179 1528 omni
1200 1457 1422 1551 promtiore,
1462 1481 1695 1558 quaeeunque
1719 1487 1775 1537 res
1795 1473 1947 1569 petitur,
1982 1497 2065 1556 aute

139 1563 329 1650 Secundo,
377 1577 514 1652 sernper
541 1561 693 1631 tenenda
724 1570 776 1632 est
803 1557 942 1651 mla,
986 1555 1026 1626 in
1077 1559 1201 1631 omnia
1222 1553 1409 1646 adhiberi,
1441 1559 1549 1632 simul
1573 1562 1846 1661 comprehendi,
1870 1591 1905 1650 et
1926 1603 2066 1676 rempu-

54 1667 136 1740 onoi
152 1665 326 1760 petitione
339 1673 504 1754 oportere
528 1661 677 1754 primam
697 1674 733 1733 et
751 1682 925 1732 summam
943 1681 1027 1750 pre-
1078 1661 1279 1755 praelucere
1310 1661 1456 1732 caeteris
1486 1663 1722 1755 petitionibus
1750 1689 1905 1765 oportet.
1967 1681 2065 1775 Quia
2120 1678 2124 1685 ’

53 1770 245 1840 missionem
267 1764 398 1857 gratiae
413 1777 448 1835 et
462 1757 681 1834 remissionis
702 1777 924 1854 peccatorum
942 1785 1027 1854 pro-
1077 1783 1159 1834 eurn
1174 1763 1292 1835 statim
1318 1763 1356 1834 in
1376 1763 1603 1837 invocatione
1619 1769 1801 1872 obstrepet
1823 1777 2012 1857 infirmitas
2030 1805 2065 1864 et

52 1885 117 1964 pter
134 1865 317 1943 Christum
341 1864 543 1959 praelucere
568 1864 712 1936 caeteris
732 1863 1027 1958 promissionibus
1076 1863 1272 1956 indignitas
1286 1877 1427 1952 nostra,
1451 1889 1590 1960 semper
1602 1871 1762 1964 trepidae
1773 1893 1910 1956 mentes
1922 1884 2066 1978 lugiunt

53 1973 294 2043 beneficiorum
307 1967 558 2060 corporalium.
606 1963 730 2060 'ltaque
750 1987 888 2038 neeesse
908 1977 960 2036 est
981 1977 1028 2050 te,
1076 1961 1210 2052 Deum,
1243 1987 1286 2038 ac
1304 1966 1353 2038 ita
1374 1966 1549 2058 cogitant:
1589 1966 1709 2060 Quam
1730 1973 1886 2054 libenter
1908 2001 2065 2080 peterem

55 2073 319 2146 sirisareedere
333 2071 378 2140 ¹ad
393 2068 524 2154 Deum,
550 2067 694 2139 etbona
710 2067 850 2160 corpori
865 2085 1026 2136 necessa·
1075 2067 1268 2152 auxilium,
1290 2066 1434 2139 nisime
1453 2069 1673 2146 deterrerent
1691 2095 1769 2148 mea
1790 2101 1950 2174 peecata,
1972 2115 2065 2188 quaa

53 2177 95 2248 n'a
109 2189 240 2270 petere,
256 2172 411 2262 primumn
423 2193 466 2240 ae
481 2183 650 2261 perpetuo
663 2168 788 2239 afferre
803 2163 895 2240 bunc
909 2167 1027 2253 iidem,
1080 2181 1133 2242 tot
1149 2183 1184 2243 ct
1198 2181 1413 2256 aaotasoot,
1436 2181 1478 2242 ut
1499 2193 1577 2242 non
1595 2174 1713 2248 ausim
1733 2184 1924 2276 confuge„
1944 2213 2063 2289 nequ,

54 2281 88 2350 de
100 2276 308 2350 remissione
320 2283 544 2363 peecatorum
561 2284 596 2341 et
610 2268 849 2362 acceptatione
861 2269 1026 2360 gratuita,
1076 2272 1243 2342 accedere
1256 2271 1300 2342 ad
1317 2269 1446 2346 nero.
1498 2267 1604 2344 ltem:
1636 2271 1678 2348 st
1699 2301 1775 2351 non
1794 2277 1966 2364 'haberem
1989 2308 2063 2369 mm

54 2401 108 2476 qua
133 2374 350 2448 nominatim
372 2373 464 2464 petis
486 2383 521 2442 et
544 2368 675 2464 accipis
690 2369 1026 2456 reconciliationem,
1076 2373 1195 2446 tristes
1216 2372 1355 2472 lapsos,
1396 2373 1498 2445 Deus
1527 2368 1624 2446 hand
1643 2377 1756 2452 tante
1773 2379 1866 2458 mihi
1885 2393 2064 2487 mitigares
2136 2447 2141 2458 .

54 2502 173 2576 quaque
187 2465 426 2549 certostutuis
440 2469 511 2542 ts'ds'
523 2473 658 2544 remitti
671 2486 830 2566 peccata,
855 2479 888 2542 te
900 2471 1025 2564 recipi,
1070 2495 1217 2568 poenes.
1273 2474 1349 2546 llas
1368 2474 1608 2548 dubitationes
1627 2491 1664 2550 et
1681 2483 1937 2576 trepidationes
1958 2515 2065 2594 rape.

55 2591 106 2652 tuo
123 2593 204 2654 vota
238 2575 387 2672 respici,
416 2577 663 2665 'tuos'preces
694 2573 854 2645 exaudiri
880 2586 1026 2668 propter
1075 2577 1221 2649 riuotor
1249 2590 1356 2672 atque
1384 2576 1544 2649 sentiunt
1572 2580 1736 2655 omniura
1768 2589 1912 2682 piorum
1943 2604 2064 2692 eorda,

52 2685 147 2756 ilium
168 2679 261 2766 liei,
301 2676 502 2748 nooman
534 2672 651 2746 lesum
675 2670 867 2749 Christum.
940 2671 1023 2745 Non
1075 2677 1213 2751 etiamsi
1236 2672 1401 2749 homines
1421 2677 1540 2769 effert,
1578 2680 1756 2758 barbariei
1763 2737 1776 2782 ,
1814 2707 1850 2768 et
1869 2694 2064 2796 cydopffi,
2194 2755 2197 2762 ,

53 2787 131 2857 euim
145 2794 265 2878 potest
279 2776 415 2862 accedi,
437 2791 569 2849 necess
587 2776 683 2848 ullus
705 2777 823 2850 aditus
845 2777 889 2848 ad
905 2775 1024 2848 Denrn
1075 2796 1137 2854 aut
1146 2775 1357 2875 hypocritae
1373 2779 1488 2852 securi
1501 2779 1670 2872 ignorant
1682 2807 1753 2858 eas.

53 2889 114 2960 siue
124 2886 325 2958 mediatore
341 2895 376 2952 et
391 2879 625 2972 propitiatore
635 2879 712 2949 lilio
727 2875 808 2950 Dei.
1177 2880 1422 2971 Quamobrem
1442 2877 1620 2957 Dominus
1640 2899 1763 2960 noster
1783 2885 1883 2968 lesus
1894 2893 2063 2980 Christos

136 2983 287 3065 Tertio,
312 2981 497 3052 sciendum
515 2993 567 3051 est
585 2977 678 3051 hanc
699 2993 876 3053 aeternam
899 2994 934 3052 et
953 2981 1023 3052 im-
1073 2981 1151 3076 ipse
1166 2982 1272 3054 nobis
1285 2976 1345 3053 hic
1361 2982 1615 3074 amplissimam
1636 2989 1674 3062 et
1693 2991 1912 3070 uberrimam
1934 3025 2063 3080 conso.
2183 3033 2195 3050 .

51 3103 164 3168 motam
187 3101 268 3158 esse
290 3081 510 3154 voluntatem
524 3077 617 3168 no,
641 3096 745 3176 atque
766 3083 1024 3154 severissimum
1074 3083 1244 3156 lationem
1265 3081 1465 3175 proposuit:
1491 3087 1687 3179 adiungens
1707 3115 1792 3164 mox
1814 3087 1908 3172 hanc
1928 3105 2064 3184 dulcis-

52 3207 78 3265 st
97 3184 319 3262 immutabile
338 3185 565 3267 mandatum,
599 3197 641 3256 ut
662 3184 762 3255 omni
784 3195 943 3275 ternpore
963 3185 1024 3256 br·
1075 3186 1199 3258 simam
1218 3185 1446 3279 petitionem:
1478 3183 1636 3261 Remitte
1655 3193 1762 3265 nobis
1782 3197 1905 3274 debita
1925 3225 2063 3300 nostra,

53 3293 191 3364 minime
201 3287 353 3372 eredas,
378 3283 447 3356 tibi
467 3283 591 3379 gratis
613 3307 678 3378 per
702 3297 739 3356 et
757 3297 903 3378 propter
915 3281 1024 3358 Chri·
1074 3302 1140 3360 etc.
1189 3284 1303 3378 Quasi
1319 3289 1466 3359 diceret:
1492 3287 1575 3361 Nun
1597 3314 1675 3362 sum
1696 3297 1856 3388 nescius,
1881 3311 1979 3398 qnod
1996 3335 2063 3384 2„-

52 3409 130 3466 stum
156 3387 289 3463 donari
310 3386 555 3458 remissionem
577 3399 818 3480 pecestorurn,
857 3386 1024 3459 iustifica·
1075 3389 1366 3480 perisetterreris
1378 3389 1602 3480 indignitatis
1614 3405 1697 3466 ture
1707 3397 2084 3509 trinisdrooromqor

52 3497 187 3580 tionem,
213 3487 392 3582 Spiritum
414 3501 573 3558 sanctum
595 3500 631 3559 et
654 3483 904 3560 haereditatem
927 3489 1024 3561 salu-
1075 3493 1456 3584 lapsuumeonspeetu,
1480 3493 1577 3588 quod
1591 3496 1723 3586 cogitas
1733 3509 1770 3571 te
1782 3499 1960 3582 abiectum
1976 3533 2062 3606 esse,

53 3599 88 3669 tis
103 3611 278 3670 aeternae.
329 3587 388 3661 Sic
405 3601 525 3660 manet
547 3590 714 3672 immota,
745 3589 859 3674 cer'ta,
892 3605 926 3662 ct
948 3603 1023 3682 rata
1076 3607 1157 3666 tuos
1169 3593 1343 3664 elamores
1356 3592 1478 3664 irritos
1493 3615 1584 3681 esse,
1607 3593 1724 3671 Denso
1739 3625 1984 3698 respuerem
1997 3641 2061 3690 eu..

54 3696 193 3769 rrcdeuti
212 3689 404 3786 promissio
426 3701 567 3760 aeterna
597 3691 642 3760 de
667 3691 956 3763 reconciliatione
986 3705 1023 3763 et
1071 3716 1153 3766 rare
1165 3705 1268 3766 tuum
1282 3717 1465 3782 murmur,
1498 3710 1559 3769 tua
1581 3713 1721 3791 peccata
1736 3724 1810 3778 esse
1825 3709 1936 3788 nimis
1948 3721 2061 3796 multa

53 3801 250 3882 mediatore,
284 3790 363 3862 sive
384 3793 549 3883 impetres
570 3791 680 3862 vitam
702 3803 736 3862 et
754 3791 922 3864 beneficia
944 3814 1021 3864 cor·
1072 3809 1108 3869 et
1127 3819 1274 3896 magua,
1293 3797 1360 3869 tibi
1374 3819 1508 3890 poenm
1521 3808 1772 3894 exspectandas
1787 3831 1878 3894 esse,
1903 3837 1978 3888 non
1994 3843 2060 3894 au.

53 3902 153 3994 poris,
175 3898 252 3968 sire
265 3915 341 3964 non
354 3893 536 3984 contingat
549 3891 713 3964 liberatio
728 3894 936 3986 corporalis.
1070 3898 1196 3972 silium
1214 3921 1280 3969 nec
1296 3899 1554 3975 liberationem.
1604 3900 1739 3978 Contra
1762 3909 1847 3983 istas
1867 3916 2059 3996 ratiocina-

138 3997 382 4071 Veruutamen
400 3995 483 4089 quia
498 3992 615 4080 Deus,
638 3992 679 4064 iu
694 3989 762 4065 hac
776 3993 904 4068 misera
923 4017 1021 4067 mor·
1072 4001 1188 4074 tiones
1216 3999 1311 4072 iilius
1330 3999 1398 4072 Dei
1421 4001 1471 4072 sic
1493 4014 1528 4072 te
1551 4005 1771 4081 consulatur:
1808 4009 1961 4088 Rectum
1994 4039 2059 4114 est,

52 4101 207 4187 talivita,
230 4097 335 4168 initia
351 4119 433 4168 sune
448 4097 557 4182 lucis,
577 4095 781 4167 iustitiaeet
795 4097 891 4170 vitae
906 4109 1021 4169 aeter·
1072 4102 1218 4196 lieoqne
1245 4115 1403 4193 pratum,
1443 4103 1539 4196 qnod
1561 4107 1721 4193 agnoscis
1740 4123 1775 4181 et
1796 4113 1975 4192 confiteris
1994 4139 2056 4200 toa

51 4227 105 4275 uae
121 4205 161 4274 in
179 4199 288 4273 nobis
306 4197 484 4280 accendit,
510 4211 545 4270 et
562 4197 640 4269 volt
652 4195 846 4269 Ecclesiam
868 4221 932 4292 per
952 4198 1022 4269 mi·
1071 4217 1222 4297 peream.
1278 4201 1349 4275 Sed
1367 4226 1440 4274 non
1459 4217 1599 4296 oportet
1613 4219 1648 4278 te
1662 4209 1809 4283 deficere
1824 4236 1845 4285 a
1859 4211 1956 4310 Deo,
1989 4251 2056 4302 ηις

53 4305 224 4376 nisterium
240 4295 448 4392 Evangelii,
474 4311 511 4370 et
525 4297 795 4371 conversionem
817 4322 879 4372 seu
894 4301 1021 4400 poeni·
1071 4303 1226 4397 opprimi
1246 4305 1511 4397 desperatione,
1542 4303 1616 4377 imo
1637 4310 1727 4382 scias
1740 4307 1855 4388 Deum
1874 4323 1967 4397 velle
1988 4329 2055 4404 tibi

52 4408 183 4479 tentiam
197 4397 361 4476 inchoari
375 4402 414 4472 in
424 4396 493 4472 buc
501 4412 650 4490 angusto
665 4401 926 4496 mortalisritae
938 4425 1021 4474 eur-
1071 4408 1270 4498 ignoscere,
1296 4419 1331 4478 et
1343 4407 1522 4480 remittere
1538 4425 1679 4508 peccata
1699 4430 1848 4508 propter
1859 4418 2054 4522 Christum,

51 4509 167 4592 riculo,
190 4503 341 4596 largitur
354 4517 390 4575 et
403 4501 603 4596 suppeditat
617 4501 723 4574 etiam
738 4503 832 4574 bon'e
854 4527 1021 4597 corpora-
1070 4508 1240 4601 serioqne
1253 4507 1473 4601 praecipere,
1511 4522 1551 4581 ut
1572 4527 1668 4604 petas
1689 4519 1956 4617 remissionem,
1987 4555 2055 4608 nee
2095 4589 2103 4607 .

51 4609 109 4694 lia,
128 4610 257 4694 vitam,
278 4605 560 4679 incolumitatem
574 4603 751 4696 corporis.
775 4605 907 4676 bonam
922 4605 1019 4676 vale·
1069 4610 1185 4681 solum
1200 4622 1313 4700 petas,
1342 4611 1403 4682 sed
1427 4623 1469 4683 ut
1486 4612 1593 4686 etiam
1616 4629 1711 4687 certo
1734 4618 1955 4723 firmiterque
1974 4659 2053 4707 m.
2139 4707 2144 4712 ,

51 4711 218 4796 tudinem,
254 4707 459 4792 domicilia,
496 4705 657 4798 politiae,
696 4727 836 4796 pacem,
873 4709 1019 4791 victum,
1069 4713 1150 4798 das,
1173 4711 1293 4782 omnia
1308 4724 1370 4784 tna
1385 4726 1545 4813 peecata,
1571 4715 1644 4786 sive
1662 4741 1809 4812 magua,
1834 4727 1909 4800 sive
1930 4755 2052 4826 parra,

52 4813 237 4902 coniugem,
259 4810 409 4897 liberos,
433 4806 675 4893 oeconomias,
704 4806 819 4878 bonus
841 4829 1018 4880 successus
1070 4835 1193 4884 omnes
1214 4811 1330 4900 lebes,
1351 4827 1388 4886 et
1410 4815 1650 4905 infirmitates,
1678 4824 1788 4911 gratia
1807 4843 1953 4921 propter
1973 4859 2051 4910 me-

52 4909 85 4980 io
99 4913 293 4996 laboribus,
319 4925 387 4983 etc·
449 4907 572 5002 ltaque
591 4907 810 4982 voluntatem
834 4932 933 4982 suam
955 4933 1017 4981 er-
1068 4915 1241 4986 diatorern
1256 4909 1459 5000 Christum,
1484 4939 1559 4989 non
1579 4935 1725 5014 propter
1744 4926 1818 5002 ulla
1838 4942 1899 5003 tua
1922 4939 2049 5017 merite

53 5013 180 5102 pressit,
204 5013 418 5108 quodetiam
435 5007 1017 5103 baeceorpornliabonavereda-
1064 5017 1134 5088 tibi
1154 5015 1300 5092 remitti.
1672 5065 1677 5072 ·
1766 5049 1769 5058 ·

55 5123 139 5187 tums
151 5115 218 5200 sit,
237 5129 274 5188 et
294 5113 394 5186 addit
408 5107 605 5202 Evangelio
627 5113 840 5186 nominatim
864 5115 1017 5205 promis·
1168 5117 1241 5190 Hie
1261 5118 1372 5219 igitur
1389 5132 1523 5194 attente
1539 5135 1646 5217 atque
1656 5125 1749 5198 serio
1763 5146 1862 5199 meus
1876 5145 1938 5208 tua
1953 5137 2048 5214 inter

55 5213 328 5290 sionesderebua
341 5210 605 5307 corporalibus,
627 5228 681 5302 ut,
706 5216 908 5288 cnm-dicit:
932 5209 1016 5286 Pri-
1064 5223 1300 5313 preeauduro,
1325 5223 1512 5316 praecipua
1526 5225 1640 5316 eapite
1657 5228 1839 5301 doctdnae
1850 5229 2047 5332 Evangelii,
2079 5251 2095 5274 ⁸

52 5335 136 5387 nom
150 5319 302 5413 querite
316 5337 466 5410 mgnum
482 5310 570 5488 lig}i
589 5329 627 5389 et
645 5327 781 5390 caetera
802 5319 1016 5393 adlicientur
1064 5341 1156 5419 quae
1170 5318 1237 5394 Dei
1257 5323 1428 5398 benebdo
1441 5325 1601 5504 quoiigie
1614 5329 1747 5404 auditis
1770 5331 1961 5430 illustrari,
1999 5346 2045 5418 de

89 5419 254 5492 tirum
279 5425 384 5494 Orsa.
406 5421 492 5490 vm.
569 5419 632 5487 V.
2075 5447 2080 5450 “
