4616 5818
127 129 128 134 '
199 143 275 223 ets

204 309 273 382 hoe
291 324 360 396 est,
389 333 461 380 non
477 323 616 381 tantum
636 307 829 390 secundae,
854 327 977 374 rerum
996 303 1101 373 etiam
1117 305 1191 394 pri·

204 437 283 482 mae
300 415 460 495 tabulae,
485 415 580 504 qtrod
596 413 638 478 ad
660 422 839 476 externam
864 407 1087 496 disciplinam
1109 407 1209 504 atti-¹

205 530 266 585 net
318 513 387 586 Sed
406 513 578 583 iudicium
597 515 641 580 de
656 512 815 580 doctrina
834 533 906 577 non
926 521 1063 576 tantum
1082 509 1193 597 perti·

206 631 268 688 net
283 619 325 685 ad
344 617 606 706 magistratum,
633 614 691 680 sed
709 614 751 678 ad
769 622 879 680 totam
897 605 1109 690 Ecclesiam,
1130 633 1192 678 cu-

207 721 264 790 ius
281 741 361 810 pars
379 729 429 786 est
446 716 677 804 magistratus.
717 709 751 781 Is
768 712 877 800 igitur
891 713 1033 795 viderit,
1047 724 1086 780 ut
1096 725 1192 782 certo

208 822 362 910 iudicet,
395 840 468 888 non
494 831 533 886 ut
554 839 649 884 nunc
670 814 727 898 lit,
760 806 800 882 eri
826 815 978 882 duorum
1000 826 1060 882 aut
1085 813 1192 881 trium

208 919 464 993 monachorum
482 917 624 987 saevitia
648 931 680 986 et
704 916 930 1000 crudelitate,
964 917 1023 1000 sed
1048 937 1089 982 ex
1112 937 1193 982 sen-

207 1026 316 1095 tentia
333 1023 548 1114 optimorum
565 1032 597 1087 et
615 1015 900 1088 doctissimorum
917 1017 954 1085 io
970 1013 1141 1087 Ecclesia.

311 1124 371 1197 Sic
385 1125 424 1192 in
450 1118 587 1192 haeresi
602 1119 891 1202 Donatistarum,
924 1119 983 1210 qui
1013 1119 1193 1204 fingebant

208 1225 423 1311 Ecclesiam,
452 1226 489 1292 in
508 1247 575 1317 qua
595 1245 737 1313 prorsus
753 1223 843 1289 nulli
861 1233 975 1288 essent
992 1219 1135 1306 viciosi,
1161 1233 1192 1288 et

91 1383 97 1392 ·
210 1329 484 1408 contendebant,
500 1323 724 1396 Sacramenta
743 1346 806 1414 per
820 1321 932 1392 malos
947 1321 1192 1400 administrata

209 1433 284 1502 fieri
301 1430 418 1516 irrita,
434 1426 692 1496 Constantinus
706 1425 900 1515 imperator
917 1422 1194 1495 iudiciumcom-
1255 1443 1265 1458 ·

202 1534 308 1604 'misit
325 1528 511 1621 Episcopis
524 1525 716 1606 Romanis,
745 1525 904 1618 quicum
930 1524 1108 1612 recognita
1132 1527 1193 1591 da-

119 1675 123 1683 .
210 1648 389 1706 mnassent
413 1631 633 1713 Donatistas,
667 1651 781 1722 neque
804 1627 830 1694 ii
854 1642 946 1697 stare
971 1621 1038 1694 boc
1063 1627 1193 1694 iudicio

210 1736 354 1809 vellent.
404 1733 602 1824 Imperator
624 1729 761 1798 Arelati
791 1743 1005 1797 conventum
1029 1727 1196 1816 instituit,

210 1839 274 1910 ubi
305 1859 469 1930 praesens
499 1834 573 1924 ipse
602 1857 639 1900 re
661 1831 851 1900 diiudicata
878 1825 1089 1898 senteutiam
1113 1831 1196 1898 tulit

213 1952 335 2010 contra
350 1937 575 2013 lton-annas,
598 1946 630 2001 et
645 1947 683 2003 ut
699 1955 811 2024 poena
829 1931 945 2023 aliqua
964 1931 1196 2013 allicerentur,

212 2041 391 2113 transtulit
428 2042 519 2109 bona
547 2037 706 2127 ipsorum
741 2030 971 2124 ecclesiastiea
999 2033 1042 2100 ad
1078 2056 1194 2100 veram

211 2139 416 2214 Ecclesiam.
476 2189 480 2198 .
948 2223 949 2226 Ἴ

313 2231 365 2314 lia
397 2243 435 2312 in
465 2261 601 2310 summa
629 2233 696 2305 boc
715 2229 962 2325 ‚Evangelium
991 2238 1109 2316 docel,
1151 2259 1195 2304 ne

35 2371 37 2378 ’
130 2427 132 2432 ,
213 2341 379 2439 Apostoli
408 2355 588 2435 praetextu
613 2335 800 2426 Evangelii
829 2337 1001 2427 arripiant
1029 2337 1197 2427 gladium,

213 2461 249 2518 et
276 2445 492 2518 constituant
522 2463 671 2530 regnum
701 2439 942 2520 mundanum,
974 2443 1067 2532 quod
1093 2440 1196 2528 longe

127 2539 152 2622 ,⁶
214 2548 311 2618 aliud
329 2562 397 2630 est,
422 2567 527 2639 quam
551 2563 699 2630 reguum
715 2537 861 2610 Christi.
915 2539 984 2610 Sed
1009 2544 1194 2610 decorum

214 2650 330 2720 officio
361 2648 523 2747 loquitur
551 2643 698 2713 Paulus:
740 2635 908 2732 lncre'pa,
949 2665 1077 2732 argue,
1115 2666 1195 2712 cum

214 2752 314 2821 omrai
336 2749 497 2842 imperio.
550 2744 691 2832 Quibus
715 2744 833 2812 verbis
859 2742 1029 2830 significat
1054 2745 1196 2826 Paulus,

213 2866 419 2946 potestatem
449 2847 714 2920 ecclesiasticam
744 2866 845 2936 posse
871 2843 1043 2935 imperare
1074 2847 1110 2915 in
1140 2846 1197 2930 iis,

215 2979 304 3048 quae
318 2969 401 3025 srrnt
414 2953 502 3023 iuris
519 2949 649 3028 divini,
681 2947 783 3038 eique
807 2947 1002 3015 necessario
1025 2949 1194 3019 obedien-

213 3059 299 3126 dum
316 3079 400 3130 esse.
451 3050 493 3138 ld
511 3051 605 3119 enim
619 3049 792 3138 significat
806 3041 971 3146 ἐπιταγή.

392 3270 613 3353 Dominica
641 3261 1012 3378 septuagesimae.

404 3471 408 3476 .
475 3411 708 3504 Evangelium
725 3407 858 3480 Mattb.
876 3411 936 3483 20.

264 3543 398 3618 Simile
417 3554 468 3616 est
486 3521 636 3642 regnum
660 3541 836 3613 coelorum
864 3537 1013 3610 homiui
1030 3538 1199 3641 patrifa-

300 3645 466 3727 'milias,
492 3647 558 3745 qui
572 3644 662 3714 exiit
677 3642 797 3739 primo
816 3638 981 3712 diluculo
1007 3639 1199 3713 conducere

314 3749 503 3848 operarios
530 3745 570 3815 in
604 3745 745 3814 cineam
777 3768 896 3813 suom.
955 3738 1200 3814 Consentionc

678 234 682 250 Ι
790 72 918 212 PillL.
945 133 1062 209 MEL.
1088 133 1298 212 SCRIPTA
1323 71 1626 212 EXEGETICA.

2156 144 2235 216 etc

1800 253 1814 278 δ

1345 299 1454 374 redde
1470 300 1553 375 illis
1573 299 1787 386 mercedem,
1821 302 2000 401 incipiens
2022 331 2047 376 a
2073 307 2235 378 novissi-

1343 404 1416 477 mis
1442 429 1553 503 nsque
1574 402 1629 476 ad
1645 407 1799 499 primos.
1859 404 2017 478 Etcum
2042 410 2236 495 vear'ssent,

1343 505 1411 604 qui
1443 507 1539 578 circa
1572 499 1801 578 undecimam
1834 503 1987 596 lteram,
2021 522 2235 608 acceperunt

1343 606 1492 702 singuli
1504 604 1709 686 denarium.
1748 606 1943 682 Venientes
1963 621 2084 681 autem
2108 614 2237 710 primi,

1343 708 1525 782 arbitrati
1539 722 1644 793 sunt,
1679 706 1876 812 quodplecs
1898 722 2014 782 essent
2037 713 2236 811 accepturi.

1345 816 1566 910 Acceperunt
1582 822 1703 884 autem
1717 822 1749 883 et
1764 812 1840 909 ipsi
1852 810 1999 906 singuli
2026 811 2237 888 denarium.

1346 910 1411 982 Eo
1428 922 1548 984 aretem
1566 923 1727 1012 accepto,
1755 914 2039 985 murmurabant
2056 913 2237 988 adversus

1342 1013 2238 1116 potremscnrilias‚dicentes:Hinovissimiunom

1346 1111 1480 1210 horam
1487 1117 1675 1218 fecerunt,
1701 1127 1732 1187 el
1745 1142 1856 1215 pares
1871 1114 1960 1188 illos
1976 1118 2085 1190 nobis
2092 1121 2239 1221 fecisti,

1326 1217 1413 1316 ‘qui
1422 1219 1652 1317 portavimus
1664 1216 1811 1317 pondus
1828 1216 1903 1289 dici
1916 1229 1948 1289 el
1963 1231 2116 1298 aestum.

1296 1315 1351 1387 Et
1375 1317 1439 1389 ille
1462 1317 1681 1420 respondeus
1704 1321 1772 1410 reni
1790 1345 1912 1392 corum
1939 1317 2060 1394 dixit:
2093 1325 2238 1412 Amice,

1348 1445 1421 1490 non
1430 1421 1540 1520 sacia
1566 1423 1637 1492 tihi
1662 1421 1854 1493 iniuriam.
1893 1419 2030 1496 Nonne
2050 1449 2096 1495 esc
2117 1423 2239 1496 deno-

1347 1523 1404 1592 rio
1419 1525 1619 1595 convenisti
1633 1525 1796 1595 mecum?
1819 1521 1928 1595 Tolle
1947 1527 2046 1623 quod
2060 1536 2240 1616 turemcst,

1348 1632 1380 1694 et
1417 1622 1524 1696 vade:
1564 1623 1646 1696 volo
1667 1634 1787 1697 autem
1811 1621 1897 1696 leuis
1920 1628 2120 1699 novissimo
2143 1626 2240 1702 dare

1345 1725 1440 1796 sicut
1458 1737 1489 1796 et
1505 1727 1582 1798 tibi.
1636 1723 1695 1796 An
1714 1725 1887 1798 nonlicet
1911 1725 2009 1799 milri
2027 1726 2130 1828 quod
2152 1729 2241 1802 volo

1348 1827 1471 1920 facere
1488 1828 1527 1898 in
1555 1827 1661 1900 rebus
1686 1828 1801 1900 meis?
1833 1835 1894 1901 An
1914 1828 2041 1902 ocrelus
2059 1841 2145 1902 tuus
2170 1857 2240 1904 ne-

1350 1953 1463 2028 quam
1481 1941 1551 2013 est,
1576 1926 1679 2032 puori
1691 1955 1756 2026 ego
1772 1928 1888 2004 bonus
1902 1933 2011 2003 sum?
2041 1929 2105 2004 Sic
2127 1945 2238 2006 erunt

1350 2031 1545 2102 novissimi
1557 2034 1688 2130 primi,
1704 2041 1734 2104 cl
1749 2031 1866 2131 primi
1881 2034 2082 2110 novissimi.
2107 2032 2243 2108 Multi

1349 2133 1444 2204 enim
1463 2145 1553 2206 sunt
1567 2133 1702 2222 vocati,
1725 2135 1839 2231 pauci
1854 2159 1933 2206 vero
1948 2135 2070 2209 electio

1401 2266 1430 2343 l.
1465 2269 1600 2356 Locus,
1645 2268 1699 2341 De
1723 2271 1849 2340 ordine
1872 2267 2048 2341 Ecclesiae
2071 2273 2238 2343 omnium

1458 2387 1671 2465 temporum,
1777 2399 1778 2404 ¹

1400 2471 1447 2546 ll.
1475 2476 1531 2544 De
1548 2474 1732 2544 vocatione
1748 2475 1916 2564 gentium.

1401 2572 1467 2647 Ill.
1494 2573 1548 2646 De
1565 2577 1710 2644 denario
1727 2589 1760 2645 et
1777 2577 1923 2646 meritis.

1400 2672 1486 2747 llll.
1512 2673 1751 2746 Comminatio
1776 2679 1943 2746 adversus
1966 2679 2139 2770 ingratos,
2166 2683 2242 2750 mi-

1453 2773 1587 2847 scentes
1634 2773 1808 2846 bumanos
1850 2779 1994 2849 affectus
2033 2781 2239 2854 ministerio

1451 2877 1655 2970 Evangelii,
1673 2894 1709 2948 et
1721 2896 1985 2973 corrumpentes
2002 2883 2131 2952 bonam
2149 2887 2238 2955 c'au-

1452 3006 1537 3054 sam.

1612 3147 1871 3214 Deprimo.

1349 3251 1521 3324 Parabola
1553 3255 1724 3345 significat
1746 3257 1791 3324 ab
1815 3254 1919 3325 initio
1943 3255 2071 3325 mundi
2093 3279 2238 3347 semper

1250 3353 1404 3446 aliquam
1427 3353 1619 3426 Ecclesiam
1652 3369 1810 3426 vocatam
1837 3379 1930 3442 esse,
1962 3371 1996 3426 et
2017 3358 2237 3428 mirabiliter

1250 3457 1478 3544 gubernatam
1502 3471 1533 3528 et
1556 3472 1749 3544 servatam,
1786 3483 1874 3550 quae
1899 3458 2040 3550 quidem
2067 3473 2100 3529 et
2127 3460 2237 3528 nobis

1251 3559 1287 3624 io
1307 3573 1491 3648 conspectu
1509 3561 1721 3636 resedebat,
1755 3572 1793 3628 ut
1816 3583 1881 3628 nos
1904 3562 2085 3629 doctrinae
2106 3584 2236 3651 perpe-

1251 3661 1367 3745 tuitas,
1384 3675 1415 3730 et
1431 3659 1586 3750 exempla
1601 3659 1914 3752 priorisEcclesiae
1929 3661 2077 3730 doceant
2097 3677 2129 3732 et
2146 3687 2238 3731 con-

1252 3763 1402 3833 firment.
1454 3759 1501 3831 Ut
1520 3762 1614 3830 enim
1631 3757 1751 3845 Nolae,
1779 3757 1979 3848 Abraham,
2005 3764 2129 3844 iacob,
2155 3789 2235 3833 non

311 3849 555 3950 antemsoctce
572 3873 650 3918 cum
667 3844 845 3942 operariis
862 3867 910 3914 ex
926 3840 1079 3914 denario
1095 3842 1200 3914 diur-
1252 3859 1417 3931 humanis
1432 3864 1617 3954 praesidiis
1633 3863 1767 3931 defensi
1782 3877 1881 3933 sunt:
1905 3865 1956 3933 sic
1971 3867 2124 3935 sciamus
2138 3889 2238 3935 sern-

313 3979 381 4042 ”02
407 3948 640 4022 Wl⁸l²⁶⁰⁵ln
666 3949 950 4018 ‘'lllmmfflmm·
1002 3943 1057 4012 El
1082 3969 1200 4041 ‘gm-
1252 3989 1313 4053 per
1329 3989 1447 4032 veram
1463 3961 1654 4034 Ecclesiam
1670 3965 1926 4054 divinitusregi
1944 3982 1977 4037 et
1995 3968 2147 4037 delendi.
2185 3963 2238 4039 Et

310 4053 487 4127 suscirca
502 4045 817 4130 lauramtertiom,
851 4044 942 4118 vldll
968 4045 1066 4118 “1505
1091 4057 1199 4118 slan-
1250 4059 1341 4134 banc
1364 4088 1438 4135 esse
1463 4089 1579 4134 veram
1597 4063 1809 4149 Ecclesiam,
1843 4090 1932 4159 quae
1957 4093 2075 4138 veram
2099 4069 2238 4138 doctri-

314 4166 365 4228 tcs
381 4159 419 4227 in
428 4157 522 4256 soro
537 4153 696 4246 ociosos,
722 4161 753 4222 el
773 4145 872 4222 dixit
891 4147 988 4220 llll-t:
1014 4146 1072 4220 Ile
1089 4159 1120 4220 tl
1139 4175 1199 4222 0⁰⁸
1251 4191 1331 4234 nam
1345 4168 1567 4252 circumfert,
1592 4182 1626 4237 et
1643 4169 1679 4236 iu
1697 4164 1762 4238 bac
1785 4167 1853 4239 lide
1871 4167 1987 4240 Deum
2012 4171 2170 4256 invocat,
2199 4185 2238 4242 et

314 4259 353 4328 in
370 4257 531 4338 vineam,
558 4265 589 4326 et
606 4249 707 4354 quod
719 4251 854 4323 iustum
863 4251 1003 4352 suerit,
1024 4247 1123 4322 daho
1139 4277 1198 4320 co-
1251 4269 1404 4359 pericuta
1419 4269 1579 4344 sustinet,

312 4359 381 4432 hlS·
434 4355 654 4428 llll‘llll‘m
678 4353 860 4426 “blemm-
912 4350 1052 4424 lilium
1075 4363 1197 4424 ‘wilm
1345 4366 1435 4440 Cum
1452 4385 1566 4441 autem
1586 4369 1656 4440 sint
1673 4373 1744 4440 diro
1761 4369 2109 4463 corpora,Alterum
2127 4398 2236 4444 verae

313 4461 404 4532 exili
421 4459 723 4531 ⁶¹⁸V⁶⁰⁸⁶xl⁰m⁶l
741 4481 877 4526 ”mmm
903 4450 1056 4541 'mmm’
1088 4457 1198 4554 ‘lst-
1247 4466 1444 4558 Ecclesiae,
1469 4469 1632 4542 Alterum
1650 4473 1779 4563 impiae
1796 4488 1829 4545 et
1847 4475 2109 4564 persecutricis,
2128 4498 2237 4566 saepe

315 4561 362 4635 0¹⁸²
377 4560 561 4633 Slmllll‘l'·
597 4548 707 4629 leffl
723 4553 950 4628 “utillimam
969 4581 1049 4626 W⁰
1064 4553 1196 4628 horam
1248 4572 1394 4657 accidit,
1419 4588 1458 4644 ut
1475 4600 1555 4644 vera
1572 4571 1730 4644 Ecclesia
1753 4575 1797 4646 sit
1820 4600 1965 4667 prorsus
1988 4599 2169 4668 oppressa,
2197 4595 2236 4650 et

271 4749 274 4756 ,
313 4663 422 4746 wll,
464 4671 495 4733 tl
522 4659 658 4733 invenll
679 4654 780 4730 0ιῖθὲ
802 4668 944 4730 Slat’lsst
967 4659 1124 4744 ⁰⁶l⁰S⁰S‚
1165 4670 1197 4729 el
1247 4673 1312 4740 soli
1328 4675 1426 4768 impii
1444 4678 1688 4760 dominantes,
1713 4689 1856 4748 teneant
1872 4679 2052 4766 publicum
2071 4679 2238 4749 ministe-

312 4762 411 4837 dicit
427 4761 528 4834 illis:
553 4757 660 4858 Quid
671 4756 731 4831 ltic
745 4761 856 4832 statis
877 4769 953 4831 tota
979 4759 1037 4833 die
1060 4761 1199 4834 ociosi?
1245 4775 1358 4859 rium,
1384 4776 1691 4868 sicurinpapatu,
1725 4775 2236 4870 Hicdiscanrpiimonpm.

311 4865 475 4939 Dicunt:
509 4859 611 4960 Quia
633 4887 737 4934 nemo
763 4887 831 4932 nos
853 4858 1039 4938 conduxit.
1086 4863 1195 4936 Dicit
1245 4888 1364 4967 pterea
1381 4880 1515 4948 nullam
1533 4903 1606 4950 esse
1622 4876 1838 4960 Ecclesiam,
1861 4896 1895 4951 et
1913 4881 2151 4951 ministerium
2167 4907 2236 4951 va-

312 4966 410 5040 illis:
434 4965 493 5040 Ile
508 4976 539 5035 ct
560 4991 620 5035 vos
638 4966 677 5036 ln
695 4963 858 5051 vineam,
883 4973 914 5035 δί
935 4961 1038 5062 qvod
1058 4964 1193 5039 lucium
1247 4979 1337 5062 lere,
1379 4981 1515 5050 etiamsi
1539 4995 1588 5051 est
1614 5003 1722 5072 penes
1751 4981 1880 5073 impios
1911 4995 1945 5052 et
1975 4998 2233 5080 persecutores,

304 5071 441 5172 suerit,
467 5067 660 5165 accipietis.
1243 5083 1338 5173 quod
1356 5083 1499 5151 deberet
1519 5083 1661 5176 quidem
1684 5083 1774 5171 eripi
1800 5084 1936 5172 impiis,
1972 5088 2031 5152 sed
2056 5086 2140 5153 dum
2166 5111 2237 5176 per

259 5167 355 5246 Cum
372 5181 491 5242 autem
509 5194 589 5241 sero
603 5169 747 5264 sactum
767 5176 875 5256 esset,
895 5163 1193 5242 dixitDominus
1242 5183 1315 5249 vim
1331 5196 1469 5269 tenent,
1495 5207 1567 5252 nou
1594 5196 1778 5276 propterea
1803 5207 1861 5268 ea,
1886 5209 1976 5278 quae
2000 5198 2093 5254 recte
2114 5187 2236 5256 admi-

311 5273 435 5346 vineae
447 5269 681 5371 procuraturi
693 5294 777 5338 suo:
803 5264 850 5345 V
846 5293 910 5339 ora
927 5270 1134 5367 operarios,
1159 5283 1192 5344 ct
1242 5283 1413 5378 nistrant‚
1454 5301 1494 5359 ut
1528 5285 1761 5378 baptismum,
1802 5311 1867 5378 pro
1901 5287 2014 5358 salute
2040 5283 2237 5374 Ecclesiae,
