<?xml version="1.0" encoding="UTF-8"?>
<!DOCTYPE html PUBLIC "-//W3C//DTD XHTML 1.0 Transitional//EN"
    "http://www.w3.org/TR/xhtml1/DTD/xhtml1-transitional.dtd">
<html xmlns="http://www.w3.org/1999/xhtml" xml:lang="en" lang="en">
 <head>
  <title>
</title>
<meta http-equiv="Content-Type" content="text/html;charset=utf-8" />
  <meta name='ocr-system' content='tesseract 3.04.00' />
  <meta name='ocr-capabilities' content='ocr_page ocr_carea ocr_par ocr_line ocrx_word'/>
</head>
<body>
  <div class='ocr_page' id='page_1' title='image "./corpusreformato24melagoog/corpusreformato24melagoog_0573.png"; bbox 0 0 4674 5822; ppageno 0'>
   <div class='ocr_carea' id='block_1_1' title="bbox 228 125 2252 271">
    <p class='ocr_par' dir='ltr' id='par_1_1' title="bbox 228 125 2252 271">
     <span class='ocr_line' id='line_1_1' title="bbox 228 125 2252 271; baseline -0.002 -13"><span class='ocrx_word' id='word_1_1' title='bbox 228 163 324 258; x_wconf 67' lang='lat'><strong>115⁵</strong></span> <span class='ocrx_word' id='word_1_2' title='bbox 367 125 372 133; x_wconf 65' lang='grc'>’</span> <span class='ocrx_word' id='word_1_3' title='bbox 484 175 492 192; x_wconf 72' lang='grc'>’</span> <span class='ocrx_word' id='word_1_4' title='bbox 823 175 946 254; x_wconf 78' lang='lat' dir='ltr'><strong>auru</strong></span> <span class='ocrx_word' id='word_1_5' title='bbox 974 171 1089 254; x_wconf 81' lang='lat' dir='ltr'><strong>nau</strong></span> <span class='ocrx_word' id='word_1_6' title='bbox 1113 173 1322 270; x_wconf 78' lang='lat' dir='ltr'><strong>scuram</strong></span> <span class='ocrx_word' id='word_1_7' title='bbox 1349 173 1649 252; x_wconf 77' lang='lat' dir='ltr'><strong>ernanum.</strong></span> <span class='ocrx_word' id='word_1_8' title='bbox 2102 139 2107 148; x_wconf 83' lang='grc'><strong>’</strong></span> <span class='ocrx_word' id='word_1_9' title='bbox 2153 177 2252 271; x_wconf 70' lang='lat' dir='ltr'><strong>ress</strong></span> 
     </span>
    </p>
   </div>
   <div class='ocr_carea' id='block_1_2' title="bbox 227 349 2267 2576">
    <p class='ocr_par' dir='ltr' id='par_1_2' title="bbox 227 349 2267 2576">
     <span class='ocr_line' id='line_1_2' title="bbox 227 349 1216 444; baseline -0.002 -20"><span class='ocrx_word' id='word_1_10' title='bbox 227 355 523 428; x_wconf 78' lang='lat' dir='ltr'><strong>ministrationem</strong></span> <span class='ocrx_word' id='word_1_11' title='bbox 539 367 573 426; x_wconf 92' lang='lat' dir='ltr'><strong>et</strong></span> <span class='ocrx_word' id='word_1_12' title='bbox 589 350 743 430; x_wconf 84' lang='lat' dir='ltr'><strong>iusticias</strong></span> <span class='ocrx_word' id='word_1_13' title='bbox 757 373 920 444; x_wconf 91' lang='lat' dir='ltr'><strong>operum,</strong></span> <span class='ocrx_word' id='word_1_14' title='bbox 944 349 1007 423; x_wconf 93' lang='lat' dir='ltr'><strong>ubi</strong></span> <span class='ocrx_word' id='word_1_15' title='bbox 1024 351 1105 422; x_wconf 85' lang='lat' dir='ltr'><strong>iusti</strong></span> <span class='ocrx_word' id='word_1_16' title='bbox 1121 363 1216 436; x_wconf 81' lang='lat' dir='ltr'><strong>aunt,</strong></span> 
     </span>
     <span class='ocr_line' id='line_1_3' title="bbox 229 451 2015 553; baseline -0.003 -26"><span class='ocrx_word' id='word_1_17' title='bbox 229 459 291 553; x_wconf 92' lang='lat' dir='ltr'><strong>qui</strong></span> <span class='ocrx_word' id='word_1_18' title='bbox 323 459 413 526; x_wconf 87' lang='lat' dir='ltr'><strong>bene</strong></span> <span class='ocrx_word' id='word_1_19' title='bbox 443 470 645 548; x_wconf 87' lang='lat' dir='ltr'><strong>operantur.</strong></span> <span class='ocrx_word' id='word_1_20' title='bbox 704 451 764 526; x_wconf 89' lang='lat' dir='ltr'><strong>Sic</strong></span> <span class='ocrx_word' id='word_1_21' title='bbox 785 477 859 524; x_wconf 90' lang='lat' dir='ltr'><strong>non</strong></span> <span class='ocrx_word' id='word_1_22' title='bbox 885 457 991 524; x_wconf 86' lang='lat' dir='ltr'><strong>modo</strong></span> <span class='ocrx_word' id='word_1_23' title='bbox 1013 453 1216 526; x_wconf 84' lang='lat' dir='ltr'><strong>sentiebant</strong></span> <span class='ocrx_word' id='word_1_24' title='bbox 2006 537 2015 546; x_wconf 37' lang='lat'><strong>,</strong></span> 
     </span>
     <span class='ocr_line' id='line_1_4' title="bbox 230 552 2263 652; baseline 0 -25"><span class='ocrx_word' id='word_1_25' title='bbox 230 559 316 628; x_wconf 90' lang='lat' dir='ltr'><strong>olim</strong></span> <span class='ocrx_word' id='word_1_26' title='bbox 341 557 482 643; x_wconf 91' lang='lat' dir='ltr'><strong>ludaei,</strong></span> <span class='ocrx_word' id='word_1_27' title='bbox 515 559 576 628; x_wconf 91' lang='lat' dir='ltr'><strong>sed</strong></span> <span class='ocrx_word' id='word_1_28' title='bbox 599 569 633 628; x_wconf 92' lang='lat' dir='ltr'><strong>et</strong></span> <span class='ocrx_word' id='word_1_29' title='bbox 655 580 750 626; x_wconf 93' lang='lat' dir='ltr'><strong>nunc</strong></span> <span class='ocrx_word' id='word_1_30' title='bbox 774 556 933 626; x_wconf 89' lang='lat' dir='ltr'><strong>sentiunt</strong></span> <span class='ocrx_word' id='word_1_31' title='bbox 955 555 1067 626; x_wconf 90' lang='lat' dir='ltr'><strong>nostri</strong></span> <span class='ocrx_word' id='word_1_32' title='bbox 1081 554 1217 646; x_wconf 87' lang='lat' dir='ltr'><strong>Iudaei,</strong></span> <span class='ocrx_word' id='word_1_33' title='bbox 1369 552 1547 631; x_wconf 82' lang='lat' dir='ltr'><strong>Describit</strong></span> <span class='ocrx_word' id='word_1_34' title='bbox 1574 555 1695 630; x_wconf 89' lang='lat' dir='ltr'><strong>Esaias</strong></span> <span class='ocrx_word' id='word_1_35' title='bbox 1721 555 1948 652; x_wconf 85' lang='lat' dir='ltr'><strong>Llll.capitc</strong></span> <span class='ocrx_word' id='word_1_36' title='bbox 1979 573 2014 630; x_wconf 92' lang='lat' dir='ltr'><strong>et</strong></span> <span class='ocrx_word' id='word_1_37' title='bbox 2043 571 2196 628; x_wconf 88' lang='lat' dir='ltr'><strong>mortem</strong></span> <span class='ocrx_word' id='word_1_38' title='bbox 2229 570 2263 628; x_wconf 91' lang='lat' dir='ltr'><strong>et</strong></span> 
     </span>
     <span class='ocr_line' id='line_1_5' title="bbox 234 652 2261 752; baseline 0 -24"><span class='ocrx_word' id='word_1_39' title='bbox 234 655 301 730; x_wconf 94' lang='lat' dir='ltr'><strong>boc</strong></span> <span class='ocrx_word' id='word_1_40' title='bbox 315 673 380 745; x_wconf 89' lang='lat' dir='ltr'><strong>est,</strong></span> <span class='ocrx_word' id='word_1_41' title='bbox 394 661 556 729; x_wconf 90' lang='lat' dir='ltr'><strong>doctores</strong></span> <span class='ocrx_word' id='word_1_42' title='bbox 570 659 728 728; x_wconf 79' lang='lat' dir='ltr'><strong>iustitiae</strong></span> <span class='ocrx_word' id='word_1_43' title='bbox 742 657 867 730; x_wconf 84' lang='lat' dir='ltr'><strong>caruis.</strong></span> <span class='ocrx_word' id='word_1_44' title='bbox 894 655 943 728; x_wconf 91' lang='lat' dir='ltr'><strong>At</strong></span> <span class='ocrx_word' id='word_1_45' title='bbox 954 679 1101 746; x_wconf 89' lang='lat' dir='ltr'><strong>regnum</strong></span> <span class='ocrx_word' id='word_1_46' title='bbox 1112 652 1218 744; x_wconf 83' lang='lat' dir='ltr'><strong>Chri·</strong></span> <span class='ocrx_word' id='word_1_47' title='bbox 1267 655 1416 746; x_wconf 79' lang='lat' dir='ltr'><strong>gloriam</strong></span> <span class='ocrx_word' id='word_1_48' title='bbox 1434 653 1578 730; x_wconf 82' lang='lat' dir='ltr'><strong>Christi.</strong></span> <span class='ocrx_word' id='word_1_49' title='bbox 1623 657 1719 748; x_wconf 89' lang='lat' dir='ltr'><strong>Quia</strong></span> <span class='ocrx_word' id='word_1_50' title='bbox 1734 683 1816 729; x_wconf 86' lang='lat' dir='ltr'><strong>vero</strong></span> <span class='ocrx_word' id='word_1_51' title='bbox 1830 661 1927 732; x_wconf 83' lang='lat' dir='ltr'><strong>videt</strong></span> <span class='ocrx_word' id='word_1_52' title='bbox 1940 655 2118 752; x_wconf 91' lang='lat' dir='ltr'><strong>Propheta</strong></span> <span class='ocrx_word' id='word_1_53' title='bbox 2135 654 2261 728; x_wconf 84' lang='lat' dir='ltr'><strong>Evan-</strong></span> 
     </span>
     <span class='ocr_line' id='line_1_6' title="bbox 231 755 2261 854; baseline 0 -24"><span class='ocrx_word' id='word_1_54' title='bbox 231 763 275 833; x_wconf 91' lang='lat' dir='ltr'><strong>sti</strong></span> <span class='ocrx_word' id='word_1_55' title='bbox 292 775 343 832; x_wconf 88' lang='lat' dir='ltr'><strong>est</strong></span> <span class='ocrx_word' id='word_1_56' title='bbox 359 761 546 831; x_wconf 89' lang='lat' dir='ltr'><strong>iustificare</strong></span> <span class='ocrx_word' id='word_1_57' title='bbox 561 761 688 852; x_wconf 89' lang='lat' dir='ltr'><strong>spiritu</strong></span> <span class='ocrx_word' id='word_1_58' title='bbox 703 773 736 830; x_wconf 93' lang='lat' dir='ltr'><strong>et</strong></span> <span class='ocrx_word' id='word_1_59' title='bbox 753 759 890 829; x_wconf 89' lang='lat' dir='ltr'><strong>salvare</strong></span> <span class='ocrx_word' id='word_1_60' title='bbox 905 762 1095 843; x_wconf 89' lang='lat' dir='ltr'><strong>credentes,</strong></span> <span class='ocrx_word' id='word_1_61' title='bbox 1116 757 1217 830; x_wconf 92' lang='lat' dir='ltr'><strong>nullo</strong></span> <span class='ocrx_word' id='word_1_62' title='bbox 1268 757 1400 848; x_wconf 87' lang='lat' dir='ltr'><strong>gelium</strong></span> <span class='ocrx_word' id='word_1_63' title='bbox 1421 759 1498 828; x_wconf 86' lang='lat' dir='ltr'><strong>fore</strong></span> <span class='ocrx_word' id='word_1_64' title='bbox 1523 760 1668 830; x_wconf 79' lang='lat' dir='ltr'><strong>&#39;verbum</strong></span> <span class='ocrx_word' id='word_1_65' title='bbox 1694 762 1828 847; x_wconf 90' lang='lat' dir='ltr'><strong>crucis,</strong></span> <span class='ocrx_word' id='word_1_66' title='bbox 1866 755 2049 836; x_wconf 87' lang='lat' dir='ltr'><strong>Christum</strong></span> <span class='ocrx_word' id='word_1_67' title='bbox 2074 761 2261 854; x_wconf 87' lang='lat' dir='ltr'><strong>apparitu·</strong></span> 
     </span>
     <span class='ocr_line' id='line_1_7' title="bbox 231 854 2260 958; baseline 0.001 -28"><span class='ocrx_word' id='word_1_68' title='bbox 231 864 479 933; x_wconf 88' lang='lat' dir='ltr'><strong>velbonorum</strong></span> <span class='ocrx_word' id='word_1_69' title='bbox 497 862 906 952; x_wconf 83' lang='lat' dir='ltr'><strong>velmalorumnperum</strong></span> <span class='ocrx_word' id='word_1_70' title='bbox 929 875 1101 954; x_wconf 89' lang='lat' dir='ltr'><strong>respectu.</strong></span> <span class='ocrx_word' id='word_1_71' title='bbox 1152 854 1218 929; x_wconf 86' lang='lat' dir='ltr'><strong>Est</strong></span> <span class='ocrx_word' id='word_1_72' title='bbox 1269 883 1348 931; x_wconf 87' lang='lat' dir='ltr'><strong>rum</strong></span> <span class='ocrx_word' id='word_1_73' title='bbox 1373 859 1453 932; x_wconf 88' lang='lat' dir='ltr'><strong>aliis</strong></span> <span class='ocrx_word' id='word_1_74' title='bbox 1474 861 1615 942; x_wconf 90' lang='lat' dir='ltr'><strong>lormis,</strong></span> <span class='ocrx_word' id='word_1_75' title='bbox 1650 885 1755 956; x_wconf 91' lang='lat' dir='ltr'><strong>quam</strong></span> <span class='ocrx_word' id='word_1_76' title='bbox 1785 884 1872 958; x_wconf 90' lang='lat' dir='ltr'><strong>quas</strong></span> <span class='ocrx_word' id='word_1_77' title='bbox 1893 889 1974 936; x_wconf 91' lang='lat' dir='ltr'><strong>caro</strong></span> <span class='ocrx_word' id='word_1_78' title='bbox 2000 862 2146 958; x_wconf 90' lang='lat' dir='ltr'><strong>probet,</strong></span> <span class='ocrx_word' id='word_1_79' title='bbox 2175 863 2260 932; x_wconf 90' lang='lat' dir='ltr'><strong>ideo</strong></span> 
     </span>
     <span class='ocr_line' id='line_1_8' title="bbox 230 956 2263 1058; baseline -0.001 -24"><span class='ocrx_word' id='word_1_80' title='bbox 230 979 264 1036; x_wconf 93' lang='lat' dir='ltr'><strong>et</strong></span> <span class='ocrx_word' id='word_1_81' title='bbox 282 961 347 1036; x_wconf 95' lang='lat' dir='ltr'><strong>hoc</strong></span> <span class='ocrx_word' id='word_1_82' title='bbox 362 965 642 1049; x_wconf 87' lang='lat' dir='ltr'><strong>observandum,</strong></span> <span class='ocrx_word' id='word_1_83' title='bbox 666 963 774 1056; x_wconf 92' lang='lat' dir='ltr'><strong>quod,</strong></span> <span class='ocrx_word' id='word_1_84' title='bbox 800 956 1079 1047; x_wconf 82' lang='lat' dir='ltr'><strong>sicutChristur,</strong></span> <span class='ocrx_word' id='word_1_85' title='bbox 1104 983 1218 1055; x_wconf 89' lang='lat' dir='ltr'><strong>quan·</strong></span> <span class='ocrx_word' id='word_1_86' title='bbox 1269 959 1454 1032; x_wconf 74' lang='lat' dir='ltr'><strong>exclamatr</strong></span> <span class='ocrx_word' id='word_1_87' title='bbox 1491 960 1582 1050; x_wconf 87' lang='lat' dir='ltr'><strong>Quis</strong></span> <span class='ocrx_word' id='word_1_88' title='bbox 1604 964 1754 1036; x_wconf 88' lang='lat' dir='ltr'><strong>credidit</strong></span> <span class='ocrx_word' id='word_1_89' title='bbox 1768 977 1850 1050; x_wconf 90' lang='lat' dir='ltr'><strong>etc.,</strong></span> <span class='ocrx_word' id='word_1_90' title='bbox 1883 967 1907 1039; x_wconf 89' lang='lat' dir='ltr'><strong>i.</strong></span> <span class='ocrx_word' id='word_1_91' title='bbox 1929 989 1959 1040; x_wconf 92' lang='lat' dir='ltr'><strong>e.</strong></span> <span class='ocrx_word' id='word_1_92' title='bbox 1990 966 2071 1058; x_wconf 90' lang='lat' dir='ltr'><strong>quia</strong></span> <span class='ocrx_word' id='word_1_93' title='bbox 2093 959 2263 1054; x_wconf 87' lang='lat' dir='ltr'><strong>Evange-</strong></span> 
     </span>
     <span class='ocr_line' id='line_1_9' title="bbox 232 1061 2265 1160; baseline -0 -26"><span class='ocrx_word' id='word_1_94' title='bbox 232 1091 336 1160; x_wconf 86' lang='lat' dir='ltr'><strong>quam</strong></span> <span class='ocrx_word' id='word_1_95' title='bbox 362 1063 550 1150; x_wconf 85' lang='lat' dir='ltr'><strong>moriatur,</strong></span> <span class='ocrx_word' id='word_1_96' title='bbox 584 1079 702 1135; x_wconf 89' lang='lat' dir='ltr'><strong>tamen</strong></span> <span class='ocrx_word' id='word_1_97' title='bbox 730 1077 852 1152; x_wconf 90' lang='lat' dir='ltr'><strong>regnat</strong></span> <span class='ocrx_word' id='word_1_98' title='bbox 876 1064 914 1132; x_wconf 92' lang='lat' dir='ltr'><strong>in</strong></span> <span class='ocrx_word' id='word_1_99' title='bbox 937 1077 1137 1134; x_wconf 91' lang='lat' dir='ltr'><strong>aeternum:</strong></span> <span class='ocrx_word' id='word_1_100' title='bbox 1169 1063 1217 1132; x_wconf 91' lang='lat' dir='ltr'><strong>ita</strong></span> <span class='ocrx_word' id='word_1_101' title='bbox 1270 1061 1358 1156; x_wconf 84' lang='lat' dir='ltr'><strong>lium</strong></span> <span class='ocrx_word' id='word_1_102' title='bbox 1375 1062 1551 1154; x_wconf 88' lang='lat' dir='ltr'><strong>praedicat</strong></span> <span class='ocrx_word' id='word_1_103' title='bbox 1565 1063 1738 1135; x_wconf 90' lang='lat' dir='ltr'><strong>iusticiam</strong></span> <span class='ocrx_word' id='word_1_104' title='bbox 1756 1066 1857 1151; x_wconf 85' lang='lat' dir='ltr'><strong>fidei,</strong></span> <span class='ocrx_word' id='word_1_105' title='bbox 1882 1090 1957 1136; x_wconf 92' lang='lat' dir='ltr'><strong>nnn</strong></span> <span class='ocrx_word' id='word_1_106' title='bbox 1978 1089 2146 1158; x_wconf 88' lang='lat' dir='ltr'><strong>operum,</strong></span> <span class='ocrx_word' id='word_1_107' title='bbox 2173 1088 2265 1134; x_wconf 89' lang='lat' dir='ltr'><strong>con-</strong></span> 
     </span>
     <span class='ocr_line' id='line_1_10' title="bbox 232 1160 2265 1262; baseline -0.001 -24"><span class='ocrx_word' id='word_1_108' title='bbox 232 1162 618 1262; x_wconf 87' lang='lat' dir='ltr'><strong>quiinChristnsunt,</strong></span> <span class='ocrx_word' id='word_1_109' title='bbox 647 1189 849 1260; x_wconf 79' lang='lat' dir='ltr'><strong>quanquam</strong></span> <span class='ocrx_word' id='word_1_110' title='bbox 865 1164 1075 1245; x_wconf 90' lang='lat' dir='ltr'><strong>moriantur,</strong></span> <span class='ocrx_word' id='word_1_111' title='bbox 1101 1179 1218 1237; x_wconf 89' lang='lat' dir='ltr'><strong>tamen</strong></span> <span class='ocrx_word' id='word_1_112' title='bbox 1271 1163 1549 1235; x_wconf 88' lang='lat' dir='ltr'><strong>demnatnmnia</strong></span> <span class='ocrx_word' id='word_1_113' title='bbox 1574 1188 1681 1255; x_wconf 91' lang='lat' dir='ltr'><strong>opera</strong></span> <span class='ocrx_word' id='word_1_114' title='bbox 1703 1160 1878 1252; x_wconf 90' lang='lat' dir='ltr'><strong>humana,</strong></span> <span class='ocrx_word' id='word_1_115' title='bbox 1912 1165 2084 1258; x_wconf 85' lang='lat' dir='ltr'><strong>crucifigit</strong></span> <span class='ocrx_word' id='word_1_116' title='bbox 2106 1189 2265 1250; x_wconf 88' lang='lat' dir='ltr'><strong>carnem,</strong></span> 
     </span>
     <span class='ocr_line' id='line_1_11' title="bbox 232 1261 2265 1362; baseline -0 -26"><span class='ocrx_word' id='word_1_117' title='bbox 232 1271 369 1344; x_wconf 85' lang='lat' dir='ltr'><strong>vivunt.</strong></span> <span class='ocrx_word' id='word_1_118' title='bbox 398 1265 495 1338; x_wconf 59' lang='lat' dir='ltr'><strong>‘Hoc</strong></span> <span class='ocrx_word' id='word_1_119' title='bbox 518 1282 569 1340; x_wconf 90' lang='lat' dir='ltr'><strong>est</strong></span> <span class='ocrx_word' id='word_1_120' title='bbox 591 1270 685 1362; x_wconf 92' lang='lat' dir='ltr'><strong>quod</strong></span> <span class='ocrx_word' id='word_1_121' title='bbox 703 1261 900 1357; x_wconf 78' lang='lat' dir='ltr'><strong>Prophetae</strong></span> <span class='ocrx_word' id='word_1_122' title='bbox 922 1267 1066 1356; x_wconf 88' lang='lat' dir='ltr'><strong>dicunt,</strong></span> <span class='ocrx_word' id='word_1_123' title='bbox 1098 1288 1219 1336; x_wconf 88' lang='lat' dir='ltr'><strong>secure</strong></span> <span class='ocrx_word' id='word_1_124' title='bbox 1270 1263 1350 1358; x_wconf 88' lang='lat' dir='ltr'><strong>quis</strong></span> <span class='ocrx_word' id='word_1_125' title='bbox 1366 1276 1484 1334; x_wconf 88' lang='lat' dir='ltr'><strong>tamen</strong></span> <span class='ocrx_word' id='word_1_126' title='bbox 1499 1263 1695 1339; x_wconf 87' lang='lat' dir='ltr'><strong>crediturus</strong></span> <span class='ocrx_word' id='word_1_127' title='bbox 1710 1267 1786 1338; x_wconf 75' lang='lat' dir='ltr'><strong>est-l</strong></span> <span class='ocrx_word' id='word_1_128' title='bbox 1807 1269 2009 1359; x_wconf 87' lang='lat' dir='ltr'><strong>pancissimi</strong></span> <span class='ocrx_word' id='word_1_129' title='bbox 2025 1279 2128 1340; x_wconf 90' lang='lat' dir='ltr'><strong>certe.</strong></span> <span class='ocrx_word' id='word_1_130' title='bbox 2168 1265 2265 1336; x_wconf 88' lang='lat' dir='ltr'><strong>Nam</strong></span> 
     </span>
     <span class='ocr_line' id='line_1_12' title="bbox 232 1362 2265 1463; baseline -0 -24"><span class='ocrx_word' id='word_1_131' title='bbox 232 1366 473 1453; x_wconf 88' lang='lat' dir='ltr'><strong>habitaturos,</strong></span> <span class='ocrx_word' id='word_1_132' title='bbox 498 1370 522 1440; x_wconf 92' lang='lat' dir='ltr'><strong>i.</strong></span> <span class='ocrx_word' id='word_1_133' title='bbox 533 1393 562 1439; x_wconf 90' lang='lat' dir='ltr'><strong>e.</strong></span> <span class='ocrx_word' id='word_1_134' title='bbox 581 1391 782 1463; x_wconf 86' lang='lat' dir='ltr'><strong>quanquam</strong></span> <span class='ocrx_word' id='word_1_135' title='bbox 797 1365 1000 1458; x_wconf 81' lang='lat' dir='ltr'><strong>affligantur</strong></span> <span class='ocrx_word' id='word_1_136' title='bbox 1014 1369 1077 1460; x_wconf 92' lang='lat' dir='ltr'><strong>qui</strong></span> <span class='ocrx_word' id='word_1_137' title='bbox 1085 1364 1220 1439; x_wconf 91' lang='lat' dir='ltr'><strong>Christi</strong></span> <span class='ocrx_word' id='word_1_138' title='bbox 1270 1366 1376 1437; x_wconf 88' lang='lat' dir='ltr'><strong>stulta</strong></span> <span class='ocrx_word' id='word_1_139' title='bbox 1393 1379 1427 1436; x_wconf 89' lang='lat' dir='ltr'><strong>et</strong></span> <span class='ocrx_word' id='word_1_140' title='bbox 1442 1362 1581 1436; x_wconf 87' lang='lat' dir='ltr'><strong>infirma</strong></span> <span class='ocrx_word' id='word_1_141' title='bbox 1598 1370 1725 1439; x_wconf 91' lang='lat' dir='ltr'><strong>mundi</strong></span> <span class='ocrx_word' id='word_1_142' title='bbox 1739 1369 1843 1458; x_wconf 86' lang='lat' dir='ltr'><strong>elegit</strong></span> <span class='ocrx_word' id='word_1_143' title='bbox 1858 1367 1967 1440; x_wconf 88' lang='lat' dir='ltr'><strong>Deus.</strong></span> <span class='ocrx_word' id='word_1_144' title='bbox 2000 1367 2046 1439; x_wconf 80' lang='lat' dir='ltr'><strong>m</strong></span> <span class='ocrx_word' id='word_1_145' title='bbox 2061 1363 2265 1452; x_wconf 81' lang='lat' dir='ltr'><strong>brachium,</strong></span> 
     </span>
     <span class='ocr_line' id='line_1_13' title="bbox 233 1464 2267 1565; baseline -0.003 -23"><span class='ocrx_word' id='word_1_146' title='bbox 233 1487 337 1558; x_wconf 90' lang='lat' dir='ltr'><strong>sunt,</strong></span> <span class='ocrx_word' id='word_1_147' title='bbox 367 1487 484 1544; x_wconf 90' lang='lat' dir='ltr'><strong>tamen</strong></span> <span class='ocrx_word' id='word_1_148' title='bbox 507 1472 620 1542; x_wconf 91' lang='lat' dir='ltr'><strong>securi</strong></span> <span class='ocrx_word' id='word_1_149' title='bbox 642 1482 744 1556; x_wconf 91' lang='lat' dir='ltr'><strong>sunt,</strong></span> <span class='ocrx_word' id='word_1_150' title='bbox 769 1492 806 1538; x_wconf 92' lang='lat' dir='ltr'><strong>se</strong></span> <span class='ocrx_word' id='word_1_151' title='bbox 822 1468 1086 1565; x_wconf 89' lang='lat' dir='ltr'><strong>nonperituros</strong></span> <span class='ocrx_word' id='word_1_152' title='bbox 1102 1491 1186 1544; x_wconf 85' lang='lat' dir='ltr'><strong>esse.</strong></span> <span class='ocrx_word' id='word_1_153' title='bbox 1272 1464 1297 1541; x_wconf 84' lang='lat' dir='ltr'><strong>i.</strong></span> <span class='ocrx_word' id='word_1_154' title='bbox 1321 1489 1351 1541; x_wconf 87' lang='lat' dir='ltr'><strong>e.</strong></span> <span class='ocrx_word' id='word_1_155' title='bbox 1380 1466 1538 1560; x_wconf 91' lang='lat' dir='ltr'><strong>potentia</strong></span> <span class='ocrx_word' id='word_1_156' title='bbox 1566 1470 1722 1556; x_wconf 86' lang='lat' dir='ltr'><strong>domini,</strong></span> <span class='ocrx_word' id='word_1_157' title='bbox 1763 1468 1820 1541; x_wconf 89' lang='lat' dir='ltr'><strong>eui</strong></span> <span class='ocrx_word' id='word_1_158' title='bbox 1847 1471 1997 1544; x_wconf 86' lang='lat' dir='ltr'><strong>revelata</strong></span> <span class='ocrx_word' id='word_1_159' title='bbox 2022 1470 2099 1540; x_wconf 86' lang='lat' dir='ltr'><strong>est?</strong></span> <span class='ocrx_word' id='word_1_160' title='bbox 2138 1467 2267 1562; x_wconf 85' lang='lat' dir='ltr'><strong>Neque</strong></span> 
     </span>
     <span class='ocr_line' id='line_1_14' title="bbox 426 1572 2267 1766; baseline 0 -28"><span class='ocrx_word' id='word_1_161' title='bbox 426 1635 524 1738; x_wconf 60' lang='lat' dir='ltr'><strong>or</strong></span> <span class='ocrx_word' id='word_1_162' title='bbox 544 1647 596 1710; x_wconf 65' lang='lat' dir='ltr'><strong>a</strong></span> <span class='ocrx_word' id='word_1_163' title='bbox 705 1631 815 1732; x_wconf 72' lang='lat' dir='ltr'><strong>m</strong></span> <span class='ocrx_word' id='word_1_164' title='bbox 837 1629 1029 1708; x_wconf 61' lang='lat' dir='ltr'><strong>ruo</strong></span> <span class='ocrx_word' id='word_1_165' title='bbox 1271 1573 1856 1749; x_wconf 65' lang='lat' dir='ltr'><strong>suasa:‚atara</strong></span> <span class='ocrx_word' id='word_1_166' title='bbox 1871 1572 2267 1766; x_wconf 63' lang='lat' dir='ltr'><strong>alelmum</strong></span> 
     </span>
     <span class='ocr_line' id='line_1_15' title="bbox 336 1767 2265 1867; baseline -0.001 -22"><span class='ocrx_word' id='word_1_167' title='bbox 336 1775 429 1848; x_wconf 88' lang='lat' dir='ltr'><strong>Cum</strong></span> <span class='ocrx_word' id='word_1_168' title='bbox 446 1776 713 1867; x_wconf 87' lang='lat' dir='ltr'><strong>seripturaenm</strong></span> <span class='ocrx_word' id='word_1_169' title='bbox 730 1769 1044 1858; x_wconf 84' lang='lat' dir='ltr'><strong>vocetfiliumDei,</strong></span> <span class='ocrx_word' id='word_1_170' title='bbox 1071 1768 1220 1846; x_wconf 87' lang='lat' dir='ltr'><strong>Psal.l.:</strong></span> <span class='ocrx_word' id='word_1_171' title='bbox 1271 1770 1464 1841; x_wconf 88' lang='lat' dir='ltr'><strong>sententia:</strong></span> <span class='ocrx_word' id='word_1_172' title='bbox 1503 1767 1595 1859; x_wconf 87' lang='lat' dir='ltr'><strong>Quis</strong></span> <span class='ocrx_word' id='word_1_173' title='bbox 1617 1773 1866 1856; x_wconf 88' lang='lat' dir='ltr'><strong>crediditetc.,</strong></span> <span class='ocrx_word' id='word_1_174' title='bbox 1894 1775 2097 1844; x_wconf 88' lang='lat' dir='ltr'><strong>consolatur</strong></span> <span class='ocrx_word' id='word_1_175' title='bbox 2121 1786 2265 1842; x_wconf 89' lang='lat' dir='ltr'><strong>sanctos</strong></span> 
     </span>
     <span class='ocr_line' id='line_1_16' title="bbox 237 1871 2266 1964; baseline -0.002 -18"><span class='ocrx_word' id='word_1_176' title='bbox 237 1873 349 1947; x_wconf 80' lang='lat' dir='ltr'><strong>Filius</strong></span> <span class='ocrx_word' id='word_1_177' title='bbox 378 1901 477 1948; x_wconf 91' lang='lat' dir='ltr'><strong>meus</strong></span> <span class='ocrx_word' id='word_1_178' title='bbox 507 1900 543 1948; x_wconf 90' lang='lat' dir='ltr'><strong>es</strong></span> <span class='ocrx_word' id='word_1_179' title='bbox 576 1889 635 1962; x_wconf 90' lang='lat' dir='ltr'><strong>tu,</strong></span> <span class='ocrx_word' id='word_1_180' title='bbox 673 1896 737 1964; x_wconf 94' lang='lat' dir='ltr'><strong>ego</strong></span> <span class='ocrx_word' id='word_1_181' title='bbox 761 1871 869 1942; x_wconf 89' lang='lat' dir='ltr'><strong>bodie</strong></span> <span class='ocrx_word' id='word_1_182' title='bbox 891 1871 997 1962; x_wconf 88' lang='lat' dir='ltr'><strong>genui</strong></span> <span class='ocrx_word' id='word_1_183' title='bbox 1020 1886 1070 1959; x_wconf 91' lang='lat' dir='ltr'><strong>te;</strong></span> <span class='ocrx_word' id='word_1_184' title='bbox 1113 1873 1221 1943; x_wconf 89' lang='lat' dir='ltr'><strong>altera</strong></span> <span class='ocrx_word' id='word_1_185' title='bbox 1273 1871 1440 1942; x_wconf 85' lang='lat' dir='ltr'><strong>adversus</strong></span> <span class='ocrx_word' id='word_1_186' title='bbox 1461 1873 1644 1957; x_wconf 88' lang='lat' dir='ltr'><strong>scandala,</strong></span> <span class='ocrx_word' id='word_1_187' title='bbox 1677 1873 1707 1942; x_wconf 92' lang='lat' dir='ltr'><strong>si</strong></span> <span class='ocrx_word' id='word_1_188' title='bbox 1730 1875 1960 1947; x_wconf 73' lang='lat' dir='ltr'><strong>adversentur</strong></span> <span class='ocrx_word' id='word_1_189' title='bbox 1983 1873 2124 1948; x_wconf 88' lang='lat' dir='ltr'><strong>Christo</strong></span> <span class='ocrx_word' id='word_1_190' title='bbox 2157 1872 2266 1942; x_wconf 89' lang='lat' dir='ltr'><strong>multi</strong></span> 
     </span>
     <span class='ocr_line' id='line_1_17' title="bbox 235 1970 2264 2072; baseline -0.003 -24"><span class='ocrx_word' id='word_1_191' title='bbox 235 1978 394 2070; x_wconf 85' lang='lat' dir='ltr'><strong>quaestio</strong></span> <span class='ocrx_word' id='word_1_192' title='bbox 413 1992 485 2063; x_wconf 90' lang='lat' dir='ltr'><strong>est,</strong></span> <span class='ocrx_word' id='word_1_193' title='bbox 510 1974 633 2072; x_wconf 91' lang='lat' dir='ltr'><strong>inqua</strong></span> <span class='ocrx_word' id='word_1_194' title='bbox 649 1973 856 2046; x_wconf 88' lang='lat' dir='ltr'><strong>nnuminus</strong></span> <span class='ocrx_word' id='word_1_195' title='bbox 872 1972 1104 2046; x_wconf 86' lang='lat' dir='ltr'><strong>offenduntur</strong></span> <span class='ocrx_word' id='word_1_196' title='bbox 1120 1975 1222 2066; x_wconf 91' lang='lat' dir='ltr'><strong>impii</strong></span> <span class='ocrx_word' id='word_1_197' title='bbox 1273 1973 1465 2064; x_wconf 87' lang='lat' dir='ltr'><strong>sapientes,</strong></span> <span class='ocrx_word' id='word_1_198' title='bbox 1488 1975 1676 2048; x_wconf 89' lang='lat' dir='ltr'><strong>sanctietc.</strong></span> <span class='ocrx_word' id='word_1_199' title='bbox 1728 1970 1842 2046; x_wconf 90' lang='lat' dir='ltr'><strong>Docet</strong></span> <span class='ocrx_word' id='word_1_200' title='bbox 1864 1974 1965 2062; x_wconf 90' lang='lat' dir='ltr'><strong>item,</strong></span> <span class='ocrx_word' id='word_1_201' title='bbox 1991 2001 2065 2046; x_wconf 90' lang='lat' dir='ltr'><strong>non</strong></span> <span class='ocrx_word' id='word_1_202' title='bbox 2083 1975 2182 2045; x_wconf 88' lang='lat' dir='ltr'><strong>credi</strong></span> <span class='ocrx_word' id='word_1_203' title='bbox 2197 1997 2264 2044; x_wconf 88' lang='lat' dir='ltr'><strong>nee</strong></span> 
     </span>
     <span class='ocr_line' id='line_1_18' title="bbox 236 2071 2265 2174; baseline -0.003 -25"><span class='ocrx_word' id='word_1_204' title='bbox 236 2103 342 2172; x_wconf 92' lang='lat' dir='ltr'><strong>quam</strong></span> <span class='ocrx_word' id='word_1_205' title='bbox 370 2077 410 2147; x_wconf 93' lang='lat' dir='ltr'><strong>in</strong></span> <span class='ocrx_word' id='word_1_206' title='bbox 440 2075 634 2174; x_wconf 85' lang='lat' dir='ltr'><strong>superiori,</strong></span> <span class='ocrx_word' id='word_1_207' title='bbox 672 2071 855 2148; x_wconf 88' lang='lat' dir='ltr'><strong>Christum</strong></span> <span class='ocrx_word' id='word_1_208' title='bbox 879 2075 1078 2148; x_wconf 84' lang='lat' dir='ltr'><strong>sentiebant</strong></span> <span class='ocrx_word' id='word_1_209' title='bbox 1100 2073 1223 2146; x_wconf 92' lang='lat' dir='ltr'><strong>ludaei</strong></span> <span class='ocrx_word' id='word_1_210' title='bbox 1272 2075 1434 2162; x_wconf 79' lang='lat' dir='ltr'><strong>cognosci</strong></span> <span class='ocrx_word' id='word_1_211' title='bbox 1450 2075 1643 2166; x_wconf 89' lang='lat' dir='ltr'><strong>potentiam</strong></span> <span class='ocrx_word' id='word_1_212' title='bbox 1659 2099 1720 2146; x_wconf 90' lang='lat' dir='ltr'><strong>seu</strong></span> <span class='ocrx_word' id='word_1_213' title='bbox 1736 2071 1921 2148; x_wconf 84' lang='lat' dir='ltr'><strong>brachium</strong></span> <span class='ocrx_word' id='word_1_214' title='bbox 1939 2073 2025 2166; x_wconf 90' lang='lat' dir='ltr'><strong>Dei,</strong></span> <span class='ocrx_word' id='word_1_215' title='bbox 2049 2075 2119 2148; x_wconf 91' lang='lat' dir='ltr'><strong>nisi</strong></span> <span class='ocrx_word' id='word_1_216' title='bbox 2138 2077 2185 2145; x_wconf 89' lang='lat' dir='ltr'><strong>ab</strong></span> <span class='ocrx_word' id='word_1_217' title='bbox 2208 2075 2265 2154; x_wconf 90' lang='lat' dir='ltr'><strong>iis,</strong></span> 
     </span>
     <span class='ocr_line' id='line_1_19' title="bbox 234 2165 1684 2273; baseline -0.001 -23"><span class='ocrx_word' id='word_1_218' title='bbox 234 2165 504 2272; x_wconf 61' lang='lat' dir='ltr'><strong>lore&#39;potentem</strong></span> <span class='ocrx_word' id='word_1_219' title='bbox 520 2178 715 2273; x_wconf 85' lang='lat' dir='ltr'><strong>principem</strong></span> <span class='ocrx_word' id='word_1_220' title='bbox 731 2200 850 2248; x_wconf 89' lang='lat' dir='ltr'><strong>coram</strong></span> <span class='ocrx_word' id='word_1_221' title='bbox 874 2178 1026 2248; x_wconf 87' lang='lat' dir='ltr'><strong>mundo:</strong></span> <span class='ocrx_word' id='word_1_222' title='bbox 1060 2190 1097 2248; x_wconf 90' lang='lat' dir='ltr'><strong>at</strong></span> <span class='ocrx_word' id='word_1_223' title='bbox 1115 2173 1223 2248; x_wconf 92' lang='lat' dir='ltr'><strong>Chri·</strong></span> <span class='ocrx_word' id='word_1_224' title='bbox 1273 2176 1335 2269; x_wconf 93' lang='lat' dir='ltr'><strong>qui</strong></span> <span class='ocrx_word' id='word_1_225' title='bbox 1360 2170 1574 2246; x_wconf 88' lang='lat' dir='ltr'><strong>theodidaeti</strong></span> <span class='ocrx_word' id='word_1_226' title='bbox 1591 2191 1684 2248; x_wconf 90' lang='lat' dir='ltr'><strong>sunt.</strong></span> 
     </span>
     <span class='ocr_line' id='line_1_20' title="bbox 236 2273 1886 2378; baseline -0.005 -26"><span class='ocrx_word' id='word_1_227' title='bbox 236 2294 309 2352; x_wconf 90' lang='lat' dir='ltr'><strong>stus</strong></span> <span class='ocrx_word' id='word_1_228' title='bbox 325 2283 579 2372; x_wconf 68' lang='lat' dir='ltr'><strong>extenuauitse</strong></span> <span class='ocrx_word' id='word_1_229' title='bbox 595 2277 1019 2352; x_wconf 83' lang='lat' dir='ltr'><strong>infranbiectissimorurn</strong></span> <span class='ocrx_word' id='word_1_230' title='bbox 1036 2273 1222 2350; x_wconf 90' lang='lat' dir='ltr'><strong>hominum</strong></span> <span class='ocrx_word' id='word_1_231' title='bbox 1697 2359 1705 2376; x_wconf 33' lang='grc' dir='ltr'>ι</span> <span class='ocrx_word' id='word_1_232' title='bbox 1738 2359 1745 2377; x_wconf 44' lang='grc'><strong>.</strong></span> <span class='ocrx_word' id='word_1_233' title='bbox 1879 2357 1886 2378; x_wconf 44' lang='grc' dir='ltr'>Ι</span> 
     </span>
     <span class='ocr_line' id='line_1_21' title="bbox 236 2355 2059 2472; baseline -0.002 -19"><span class='ocrx_word' id='word_1_234' title='bbox 236 2396 388 2468; x_wconf 90' lang='lat' dir='ltr'><strong>sortem,</strong></span> <span class='ocrx_word' id='word_1_235' title='bbox 428 2397 581 2454; x_wconf 87' lang='lat' dir='ltr'><strong>tentatus</strong></span> <span class='ocrx_word' id='word_1_236' title='bbox 614 2405 678 2472; x_wconf 89' lang='lat' dir='ltr'><strong>per</strong></span> <span class='ocrx_word' id='word_1_237' title='bbox 707 2381 845 2465; x_wconf 90' lang='lat' dir='ltr'><strong>omnia,</strong></span> <span class='ocrx_word' id='word_1_238' title='bbox 877 2393 918 2450; x_wconf 93' lang='lat' dir='ltr'><strong>ut</strong></span> <span class='ocrx_word' id='word_1_239' title='bbox 948 2392 1153 2466; x_wconf 88' lang='lat' dir='ltr'><strong>testaretur,</strong></span> <span class='ocrx_word' id='word_1_240' title='bbox 1187 2403 1223 2450; x_wconf 91' lang='lat' dir='ltr'><strong>se</strong></span> <span class='ocrx_word' id='word_1_241' title='bbox 1476 2355 1640 2458; x_wconf 57' lang='lat' dir='ltr'><strong>Quam</strong></span> <span class='ocrx_word' id='word_1_242' title='bbox 1668 2365 1758 2434; x_wconf 68' lang='lat' dir='ltr'><strong>‘’ldll</strong></span> <span class='ocrx_word' id='word_1_243' title='bbox 1780 2357 1947 2456; x_wconf 65' lang='lat' dir='ltr'><strong><em>81⁰f¹⁰m</em></strong></span> <span class='ocrx_word' id='word_1_244' title='bbox 1971 2360 2059 2434; x_wconf 60' lang='lat'><em>⁶5⁰⁸·</em></span> 
     </span>
     <span class='ocr_line' id='line_1_22' title="bbox 236 2483 754 2576; baseline -0.002 -21"><span class='ocrx_word' id='word_1_245' title='bbox 236 2484 388 2575; x_wconf 91' lang='lat' dir='ltr'><strong>compati</strong></span> <span class='ocrx_word' id='word_1_246' title='bbox 403 2485 509 2555; x_wconf 92' lang='lat' dir='ltr'><strong>nobis</strong></span> <span class='ocrx_word' id='word_1_247' title='bbox 526 2483 754 2576; x_wconf 86' lang='lat' dir='ltr'><strong>patientibus.</strong></span> 
     </span>
    </p>
   </div>
   <div class='ocr_carea' id='block_1_3' title="bbox 1353 397 2168 500">
    <p class='ocr_par' dir='ltr' id='par_1_3' title="bbox 1353 397 2168 500">
     <span class='ocr_line' id='line_1_23' title="bbox 1353 397 2168 500; baseline 0.002 -30"><span class='ocrx_word' id='word_1_248' title='bbox 1353 398 1535 483; x_wconf 79' lang='lat' dir='ltr'><strong>Domine,</strong></span> <span class='ocrx_word' id='word_1_249' title='bbox 1560 401 1644 500; x_wconf 85' lang='lat' dir='ltr'><strong>quis</strong></span> <span class='ocrx_word' id='word_1_250' title='bbox 1666 397 1819 474; x_wconf 82' lang='lat' dir='ltr'><strong>credidit</strong></span> <span class='ocrx_word' id='word_1_251' title='bbox 1842 399 1995 476; x_wconf 79' lang='lat' dir='ltr'><strong>auditui</strong></span> <span class='ocrx_word' id='word_1_252' title='bbox 2015 401 2168 475; x_wconf 77' lang='lat' dir='ltr'><strong>nostro?</strong></span> 
     </span>
    </p>
   </div>
   <div class='ocr_carea' id='block_1_4' title="bbox 1274 2509 2267 2709">
    <p class='ocr_par' dir='ltr' id='par_1_4' title="bbox 1274 2509 2267 2709">
     <span class='ocr_line' id='line_1_24' title="bbox 1375 2509 2265 2610; baseline 0.002 -26"><span class='ocrx_word' id='word_1_253' title='bbox 1375 2509 1500 2584; x_wconf 89' lang='lat' dir='ltr'><strong>Gloria</strong></span> <span class='ocrx_word' id='word_1_254' title='bbox 1515 2513 1599 2598; x_wconf 89' lang='lat' dir='ltr'><strong>Dei,</strong></span> <span class='ocrx_word' id='word_1_255' title='bbox 1622 2539 1691 2610; x_wconf 93' lang='lat' dir='ltr'><strong>qua</strong></span> <span class='ocrx_word' id='word_1_256' title='bbox 1716 2515 1857 2589; x_wconf 86' lang='lat' dir='ltr'><strong>fidimus</strong></span> <span class='ocrx_word' id='word_1_257' title='bbox 1873 2539 1946 2586; x_wconf 92' lang='lat' dir='ltr'><strong>nnn</strong></span> <span class='ocrx_word' id='word_1_258' title='bbox 1969 2513 2074 2586; x_wconf 89' lang='lat' dir='ltr'><strong>nobis</strong></span> <span class='ocrx_word' id='word_1_259' title='bbox 2096 2517 2157 2584; x_wconf 90' lang='lat' dir='ltr'><strong>sed</strong></span> <span class='ocrx_word' id='word_1_260' title='bbox 2173 2513 2265 2596; x_wconf 88' lang='lat' dir='ltr'><strong>Deo,</strong></span> 
     </span>
     <span class='ocr_line' id='line_1_25' title="bbox 1274 2613 2267 2709; baseline 0.004 -25"><span class='ocrx_word' id='word_1_261' title='bbox 1274 2617 1418 2709; x_wconf 90' lang='lat' dir='ltr'><strong>quando</strong></span> <span class='ocrx_word' id='word_1_262' title='bbox 1439 2617 1584 2706; x_wconf 88' lang='lat' dir='ltr'><strong>agnovit</strong></span> <span class='ocrx_word' id='word_1_263' title='bbox 1602 2640 1663 2686; x_wconf 92' lang='lat' dir='ltr'><strong>cor</strong></span> <span class='ocrx_word' id='word_1_264' title='bbox 1676 2617 1866 2687; x_wconf 86' lang='lat' dir='ltr'><strong>discrimen</strong></span> <span class='ocrx_word' id='word_1_265' title='bbox 1890 2615 2022 2706; x_wconf 85' lang='lat' dir='ltr'><strong>gloriae</strong></span> <span class='ocrx_word' id='word_1_266' title='bbox 2035 2613 2103 2686; x_wconf 92' lang='lat' dir='ltr'><strong>Dei</strong></span> <span class='ocrx_word' id='word_1_267' title='bbox 2126 2631 2161 2690; x_wconf 89' lang='lat' dir='ltr'><strong>et</strong></span> <span class='ocrx_word' id='word_1_268' title='bbox 2185 2619 2267 2708; x_wconf 89' lang='lat' dir='ltr'><strong>glo·</strong></span> 
     </span>
    </p>
   </div>
   <div class='ocr_carea' id='block_1_5' title="bbox 351 2646 1555 2788">
    <p class='ocr_par' dir='ltr' id='par_1_5' title="bbox 351 2646 1555 2788">
     <span class='ocr_line' id='line_1_26' title="bbox 351 2646 1555 2788; baseline 0.028 -67"><span class='ocrx_word' id='word_1_269' title='bbox 351 2646 483 2724; x_wconf 81' lang='lat' dir='ltr'><strong>Adhuc</strong></span> <span class='ocrx_word' id='word_1_270' title='bbox 502 2646 685 2724; x_wconf 80' lang='lat' dir='ltr'><strong>modicum</strong></span> <span class='ocrx_word' id='word_1_271' title='bbox 707 2648 829 2726; x_wconf 78' lang='lat' dir='ltr'><strong>tumeo</strong></span> <span class='ocrx_word' id='word_1_272' title='bbox 849 2649 891 2722; x_wconf 83' lang='lat' dir='ltr'><strong>ia</strong></span> <span class='ocrx_word' id='word_1_273' title='bbox 917 2647 1018 2722; x_wconf 76' lang='lat' dir='ltr'><strong>vohis</strong></span> <span class='ocrx_word' id='word_1_274' title='bbox 1043 2657 1107 2732; x_wconf 67' lang='lat' dir='ltr'><strong>tal,</strong></span> <span class='ocrx_word' id='word_1_275' title='bbox 1274 2717 1347 2786; x_wconf 54' lang='lat' dir='ltr'>riae</span> <span class='ocrx_word' id='word_1_276' title='bbox 1371 2709 1555 2788; x_wconf 65' lang='lat' dir='ltr'>hominum</span> 
     </span>
    </p>
   </div>
   <div class='ocr_carea' id='block_1_6' title="bbox 237 2781 2117 3994">
    <p class='ocr_par' dir='ltr' id='par_1_6' title="bbox 237 2781 2117 3994">
     <span class='ocr_line' id='line_1_27' title="bbox 238 2781 1776 2880; baseline -0.007 -20"><span class='ocrx_word' id='word_1_277' title='bbox 238 2790 364 2875; x_wconf 91' lang='lat' dir='ltr'><strong>idest,</strong></span> <span class='ocrx_word' id='word_1_278' title='bbox 391 2784 509 2860; x_wconf 87' lang='lat' dir='ltr'><strong>adhue</strong></span> <span class='ocrx_word' id='word_1_279' title='bbox 529 2788 630 2876; x_wconf 84' lang='lat' dir='ltr'><strong>brevi</strong></span> <span class='ocrx_word' id='word_1_280' title='bbox 655 2801 814 2880; x_wconf 89' lang='lat' dir='ltr'><strong>ternpore</strong></span> <span class='ocrx_word' id='word_1_281' title='bbox 840 2786 1101 2878; x_wconf 85' lang='lat' dir='ltr'><strong>praedicabitur</strong></span> <span class='ocrx_word' id='word_1_282' title='bbox 1122 2781 1225 2855; x_wconf 87' lang='lat' dir='ltr'><strong>vobis</strong></span> <span class='ocrx_word' id='word_1_283' title='bbox 1751 2849 1776 2880; x_wconf 33' lang='grc' dir='ltr'><strong>Ν</strong></span> 
     </span>
     <span class='ocr_line' id='line_1_28' title="bbox 237 2885 2117 2992; baseline -0.005 -33"><span class='ocrx_word' id='word_1_284' title='bbox 237 2893 396 2964; x_wconf 85' lang='lat' dir='ltr'><strong>verbum.</strong></span> <span class='ocrx_word' id='word_1_285' title='bbox 447 2889 607 2981; x_wconf 85' lang='lat' dir='ltr'><strong>Lumen,</strong></span> <span class='ocrx_word' id='word_1_286' title='bbox 633 2889 764 2975; x_wconf 77' lang='lat' dir='ltr'><strong>idest,</strong></span> <span class='ocrx_word' id='word_1_287' title='bbox 798 2891 946 2961; x_wconf 86' lang='lat' dir='ltr'><strong>verbum</strong></span> <span class='ocrx_word' id='word_1_288' title='bbox 968 2888 1064 2981; x_wconf 88' lang='lat' dir='ltr'><strong>qnod</strong></span> <span class='ocrx_word' id='word_1_289' title='bbox 1088 2885 1224 2957; x_wconf 87' lang='lat' dir='ltr'><strong>illumi·</strong></span> <span class='ocrx_word' id='word_1_290' title='bbox 1422 2887 1503 2992; x_wconf 69' lang='lat' dir='ltr'><strong>Qui</strong></span> <span class='ocrx_word' id='word_1_291' title='bbox 1522 2891 1633 2966; x_wconf 58' lang='lat' dir='ltr'><strong>credit</strong></span> <span class='ocrx_word' id='word_1_292' title='bbox 1658 2895 1698 2966; x_wconf 68' lang='grc' dir='ltr'><strong>ὴ,</strong></span> <span class='ocrx_word' id='word_1_293' title='bbox 1721 2917 1795 2984; x_wconf 60' lang='lat' dir='ltr'><strong>me,</strong></span> <span class='ocrx_word' id='word_1_294' title='bbox 1821 2920 1895 2969; x_wconf 62' lang='lat' dir='ltr'><strong>no„</strong></span> <span class='ocrx_word' id='word_1_295' title='bbox 1920 2890 2032 2969; x_wconf 64' lang='lat' dir='ltr'><strong>maie</strong></span> <span class='ocrx_word' id='word_1_296' title='bbox 2054 2905 2117 2973; x_wconf 61' lang='lat' dir='ltr'><strong>m,</strong></span> 
     </span>
     <span class='ocr_line' id='line_1_29' title="bbox 237 2985 1225 3080; baseline -0.002 -18"><span class='ocrx_word' id='word_1_297' title='bbox 237 3007 311 3066; x_wconf 89' lang='lat' dir='ltr'><strong>nat.</strong></span> <span class='ocrx_word' id='word_1_298' title='bbox 385 2986 556 3062; x_wconf 86' lang='lat' dir='ltr'><strong>Officium</strong></span> <span class='ocrx_word' id='word_1_299' title='bbox 582 2991 702 3080; x_wconf 41' lang='lat' dir='ltr'><strong>‚verbi</strong></span> <span class='ocrx_word' id='word_1_300' title='bbox 737 3005 788 3062; x_wconf 90' lang='lat' dir='ltr'><strong>est</strong></span> <span class='ocrx_word' id='word_1_301' title='bbox 823 2991 1045 3074; x_wconf 91' lang='lat' dir='ltr'><strong>illuminare,</strong></span> <span class='ocrx_word' id='word_1_302' title='bbox 1094 2985 1225 3060; x_wconf 87' lang='lat' dir='ltr'><strong>Psalm.</strong></span> 
     </span>
     <span class='ocr_line' id='line_1_30' title="bbox 238 3090 1226 3188; baseline -0.007 -22"><span class='ocrx_word' id='word_1_303' title='bbox 238 3090 418 3166; x_wconf 81' lang='lat' dir='ltr'><strong>CXVlll.:</strong></span> <span class='ocrx_word' id='word_1_304' title='bbox 447 3090 608 3188; x_wconf 82' lang='lat' dir='ltr'><strong>Lucerna</strong></span> <span class='ocrx_word' id='word_1_305' title='bbox 628 3092 780 3183; x_wconf 89' lang='lat' dir='ltr'><strong>pedibus</strong></span> <span class='ocrx_word' id='word_1_306' title='bbox 801 3092 888 3161; x_wconf 90' lang='lat' dir='ltr'><strong>meis</strong></span> <span class='ocrx_word' id='word_1_307' title='bbox 903 3091 1051 3161; x_wconf 85' lang='lat' dir='ltr'><strong>verbum</strong></span> <span class='ocrx_word' id='word_1_308' title='bbox 1074 3101 1175 3160; x_wconf 91' lang='lat' dir='ltr'><strong>tuum</strong></span> <span class='ocrx_word' id='word_1_309' title='bbox 1190 3101 1226 3159; x_wconf 88' lang='lat' dir='ltr'><strong>et</strong></span> 
     </span>
     <span class='ocr_line' id='line_1_31' title="bbox 238 3189 1226 3281; baseline -0.005 -18"><span class='ocrx_word' id='word_1_310' title='bbox 238 3195 362 3266; x_wconf 83' lang='lat' dir='ltr'><strong>lumen</strong></span> <span class='ocrx_word' id='word_1_311' title='bbox 376 3193 510 3265; x_wconf 88' lang='lat' dir='ltr'><strong>semitis</strong></span> <span class='ocrx_word' id='word_1_312' title='bbox 526 3191 631 3278; x_wconf 88' lang='lat' dir='ltr'><strong>meis,</strong></span> <span class='ocrx_word' id='word_1_313' title='bbox 655 3193 679 3266; x_wconf 89' lang='lat' dir='ltr'><strong>i.</strong></span> <span class='ocrx_word' id='word_1_314' title='bbox 692 3216 722 3264; x_wconf 90' lang='lat' dir='ltr'><strong>e.</strong></span> <span class='ocrx_word' id='word_1_315' title='bbox 738 3215 819 3279; x_wconf 90' lang='lat' dir='ltr'><strong>cor,</strong></span> <span class='ocrx_word' id='word_1_316' title='bbox 843 3194 954 3262; x_wconf 85' lang='lat' dir='ltr'><strong>verbo</strong></span> <span class='ocrx_word' id='word_1_317' title='bbox 962 3189 1029 3261; x_wconf 91' lang='lat' dir='ltr'><strong>Dei</strong></span> <span class='ocrx_word' id='word_1_318' title='bbox 1044 3203 1226 3281; x_wconf 91' lang='lat' dir='ltr'><strong>concepto,</strong></span> 
     </span>
     <span class='ocr_line' id='line_1_32' title="bbox 240 3290 1226 3385; baseline -0.01 -17"><span class='ocrx_word' id='word_1_319' title='bbox 240 3295 418 3384; x_wconf 79' lang='lat' dir='ltr'><strong>cognoscit</strong></span> <span class='ocrx_word' id='word_1_320' title='bbox 439 3296 657 3368; x_wconf 87' lang='lat' dir='ltr'><strong>voluntatem</strong></span> <span class='ocrx_word' id='word_1_321' title='bbox 673 3290 759 3379; x_wconf 90' lang='lat' dir='ltr'><strong>Dei,</strong></span> <span class='ocrx_word' id='word_1_322' title='bbox 792 3294 882 3385; x_wconf 86' lang='lat' dir='ltr'><strong>sapit</strong></span> <span class='ocrx_word' id='word_1_323' title='bbox 904 3294 1042 3373; x_wconf 89' lang='lat' dir='ltr'><strong>eadem,</strong></span> <span class='ocrx_word' id='word_1_324' title='bbox 1068 3291 1145 3361; x_wconf 85' lang='lat' dir='ltr'><strong>vult</strong></span> <span class='ocrx_word' id='word_1_325' title='bbox 1167 3313 1226 3360; x_wconf 89' lang='lat' dir='ltr'><strong>ea-</strong></span> 
     </span>
     <span class='ocr_line' id='line_1_33' title="bbox 241 3391 1227 3489; baseline -0.004 -23"><span class='ocrx_word' id='word_1_326' title='bbox 241 3397 320 3466; x_wconf 90' lang='lat' dir='ltr'><strong>dem</strong></span> <span class='ocrx_word' id='word_1_327' title='bbox 344 3395 565 3489; x_wconf 87' lang='lat' dir='ltr'><strong>quaeDeus,</strong></span> <span class='ocrx_word' id='word_1_328' title='bbox 598 3396 714 3468; x_wconf 90' lang='lat' dir='ltr'><strong>tendit</strong></span> <span class='ocrx_word' id='word_1_329' title='bbox 737 3397 883 3482; x_wconf 87' lang='lat' dir='ltr'><strong>eodem,</strong></span> <span class='ocrx_word' id='word_1_330' title='bbox 913 3415 1081 3489; x_wconf 79' lang='lat' dir='ltr'><strong>quorsum</strong></span> <span class='ocrx_word' id='word_1_331' title='bbox 1104 3391 1227 3480; x_wconf 92' lang='lat' dir='ltr'><strong>dirigit</strong></span> 
     </span>
     <span class='ocr_line' id='line_1_34' title="bbox 240 3488 1226 3580; baseline -0.003 -15"><span class='ocrx_word' id='word_1_332' title='bbox 240 3496 412 3580; x_wconf 87' lang='lat' dir='ltr'><strong>verbum,</strong></span> <span class='ocrx_word' id='word_1_333' title='bbox 444 3520 519 3565; x_wconf 87' lang='lat' dir='ltr'><strong>non</strong></span> <span class='ocrx_word' id='word_1_334' title='bbox 543 3499 688 3571; x_wconf 87' lang='lat' dir='ltr'><strong>conlidit</strong></span> <span class='ocrx_word' id='word_1_335' title='bbox 710 3496 777 3566; x_wconf 91' lang='lat' dir='ltr'><strong>ulli</strong></span> <span class='ocrx_word' id='word_1_336' title='bbox 801 3511 1002 3580; x_wconf 90' lang='lat' dir='ltr'><strong>creaturae,</strong></span> <span class='ocrx_word' id='word_1_337' title='bbox 1034 3488 1127 3564; x_wconf 89' lang='lat' dir='ltr'><strong>nibil</strong></span> <span class='ocrx_word' id='word_1_338' title='bbox 1150 3516 1226 3562; x_wconf 90' lang='lat' dir='ltr'><strong>me·</strong></span> 
     </span>
     <span class='ocr_line' id='line_1_35' title="bbox 241 3595 1229 3690; baseline -0.001 -22"><span class='ocrx_word' id='word_1_339' title='bbox 241 3596 308 3668; x_wconf 88' lang='lat' dir='ltr'><strong>tuit</strong></span> <span class='ocrx_word' id='word_1_340' title='bbox 323 3597 433 3668; x_wconf 90' lang='lat' dir='ltr'><strong>ullius</strong></span> <span class='ocrx_word' id='word_1_341' title='bbox 448 3610 628 3669; x_wconf 85' lang='lat' dir='ltr'><strong>creaturae</strong></span> <span class='ocrx_word' id='word_1_342' title='bbox 643 3599 827 3690; x_wconf 88' lang='lat' dir='ltr'><strong>impeturn.</strong></span> <span class='ocrx_word' id='word_1_343' title='bbox 877 3595 1016 3668; x_wconf 84' lang='lat' dir='ltr'><strong>Deinde</strong></span> <span class='ocrx_word' id='word_1_344' title='bbox 1033 3609 1164 3681; x_wconf 83' lang='lat' dir='ltr'><strong>monet,</strong></span> <span class='ocrx_word' id='word_1_345' title='bbox 1187 3608 1229 3667; x_wconf 91' lang='lat' dir='ltr'><strong>ut</strong></span> 
     </span>
     <span class='ocr_line' id='line_1_36' title="bbox 241 3691 1228 3789; baseline -0.004 -21"><span class='ocrx_word' id='word_1_346' title='bbox 241 3699 281 3768; x_wconf 92' lang='lat' dir='ltr'><strong>in</strong></span> <span class='ocrx_word' id='word_1_347' title='bbox 293 3699 372 3770; x_wconf 88' lang='lat' dir='ltr'><strong>luce</strong></span> <span class='ocrx_word' id='word_1_348' title='bbox 396 3700 597 3784; x_wconf 88' lang='lat' dir='ltr'><strong>ambulent,</strong></span> <span class='ocrx_word' id='word_1_349' title='bbox 622 3721 667 3768; x_wconf 91' lang='lat' dir='ltr'><strong>ne</strong></span> <span class='ocrx_word' id='word_1_350' title='bbox 683 3699 848 3770; x_wconf 90' lang='lat' dir='ltr'><strong>tenebrae</strong></span> <span class='ocrx_word' id='word_1_351' title='bbox 865 3691 1037 3789; x_wconf 83' lang='lat' dir='ltr'><strong>occupent</strong></span> <span class='ocrx_word' id='word_1_352' title='bbox 1051 3719 1129 3782; x_wconf 89' lang='lat' dir='ltr'><strong>cnr,</strong></span> <span class='ocrx_word' id='word_1_353' title='bbox 1153 3696 1228 3772; x_wconf 86' lang='lat' dir='ltr'><strong>scil.</strong></span> 
     </span>
     <span class='ocr_line' id='line_1_37' title="bbox 241 3793 1228 3892; baseline -0.006 -20"><span class='ocrx_word' id='word_1_354' title='bbox 241 3813 442 3892; x_wconf 89' lang='lat' dir='ltr'><strong>contempto</strong></span> <span class='ocrx_word' id='word_1_355' title='bbox 459 3797 662 3886; x_wconf 85' lang='lat' dir='ltr'><strong>verboDci,</strong></span> <span class='ocrx_word' id='word_1_356' title='bbox 687 3813 723 3880; x_wconf 88' lang='lat' dir='ltr'><strong>et</strong></span> <span class='ocrx_word' id='word_1_357' title='bbox 736 3799 941 3876; x_wconf 85' lang='lat' dir='ltr'><strong>conculcato</strong></span> <span class='ocrx_word' id='word_1_358' title='bbox 958 3799 1031 3870; x_wconf 88' lang='lat' dir='ltr'><strong>lilio</strong></span> <span class='ocrx_word' id='word_1_359' title='bbox 1041 3793 1127 3884; x_wconf 90' lang='lat' dir='ltr'><strong>Dei,</strong></span> <span class='ocrx_word' id='word_1_360' title='bbox 1150 3810 1228 3868; x_wconf 93' lang='lat' dir='ltr'><strong>tum</strong></span> 
     </span>
     <span class='ocr_line' id='line_1_38' title="bbox 242 3900 1002 3994; baseline 0.003 -24"><span class='ocrx_word' id='word_1_361' title='bbox 242 3902 299 3988; x_wconf 84' lang='lat' dir='ltr'><strong>fit,</strong></span> <span class='ocrx_word' id='word_1_362' title='bbox 323 3916 363 3974; x_wconf 93' lang='grc' dir='ltr'><strong>ιιι</strong></span> <span class='ocrx_word' id='word_1_363' title='bbox 379 3904 574 3976; x_wconf 86' lang='lat' dir='ltr'><strong>insensum</strong></span> <span class='ocrx_word' id='word_1_364' title='bbox 592 3903 783 3994; x_wconf 88' lang='lat' dir='ltr'><strong>reprobum</strong></span> <span class='ocrx_word' id='word_1_365' title='bbox 797 3900 1002 3973; x_wconf 84' lang='lat' dir='ltr'><strong>trademini.</strong></span> 
     </span>
    </p>
   </div>
   <div class='ocr_carea' id='block_1_7' title="bbox 1274 3042 2270 4053">
    <p class='ocr_par' dir='ltr' id='par_1_7' title="bbox 1274 3042 2270 4053">
     <span class='ocr_line' id='line_1_39' title="bbox 1376 3042 2265 3144; baseline 0.002 -26"><span class='ocrx_word' id='word_1_366' title='bbox 1376 3042 1531 3120; x_wconf 90' lang='lat' dir='ltr'><strong>Orditur</strong></span> <span class='ocrx_word' id='word_1_367' title='bbox 1542 3071 1672 3118; x_wconf 89' lang='lat' dir='ltr'><strong>novam</strong></span> <span class='ocrx_word' id='word_1_368' title='bbox 1689 3049 1908 3136; x_wconf 89' lang='lat' dir='ltr'><strong>concionem,</strong></span> <span class='ocrx_word' id='word_1_369' title='bbox 1927 3051 2140 3144; x_wconf 85' lang='lat' dir='ltr'><strong>proprieque</strong></span> <span class='ocrx_word' id='word_1_370' title='bbox 2155 3075 2265 3121; x_wconf 84' lang='lat' dir='ltr'><strong>evan·</strong></span> 
     </span>
     <span class='ocr_line' id='line_1_40' title="bbox 1274 3145 2266 3244; baseline 0.003 -24"><span class='ocrx_word' id='word_1_371' title='bbox 1274 3149 1432 3242; x_wconf 87' lang='lat' dir='ltr'><strong>gelicarn.</strong></span> <span class='ocrx_word' id='word_1_372' title='bbox 1482 3145 1665 3239; x_wconf 90' lang='lat' dir='ltr'><strong>Primum,</strong></span> <span class='ocrx_word' id='word_1_373' title='bbox 1691 3153 1787 3219; x_wconf 92' lang='lat' dir='ltr'><strong>unde</strong></span> <span class='ocrx_word' id='word_1_374' title='bbox 1809 3151 1856 3221; x_wconf 89' lang='lat' dir='ltr'><strong>sit</strong></span> <span class='ocrx_word' id='word_1_375' title='bbox 1879 3151 2074 3242; x_wconf 84' lang='lat' dir='ltr'><strong>profectum</strong></span> <span class='ocrx_word' id='word_1_376' title='bbox 2100 3147 2266 3244; x_wconf 78' lang='lat' dir='ltr'><strong>Evange-</strong></span> 
     </span>
     <span class='ocr_line' id='line_1_41' title="bbox 1275 3249 2267 3345; baseline -0.001 -21"><span class='ocrx_word' id='word_1_377' title='bbox 1275 3253 1385 3336; x_wconf 94' lang='lat' dir='ltr'><strong>lium,</strong></span> <span class='ocrx_word' id='word_1_378' title='bbox 1417 3273 1500 3320; x_wconf 90' lang='lat' dir='ltr'><strong>nam</strong></span> <span class='ocrx_word' id='word_1_379' title='bbox 1520 3249 1570 3321; x_wconf 80' lang='lat' dir='ltr'><strong>‘de</strong></span> <span class='ocrx_word' id='word_1_380' title='bbox 1597 3273 1638 3320; x_wconf 90' lang='lat' dir='ltr'><strong>eo</strong></span> <span class='ocrx_word' id='word_1_381' title='bbox 1660 3251 1738 3321; x_wconf 89' lang='lat' dir='ltr'><strong>loco</strong></span> <span class='ocrx_word' id='word_1_382' title='bbox 1762 3249 1965 3345; x_wconf 81' lang='lat' dir='ltr'><strong>frequenter</strong></span> <span class='ocrx_word' id='word_1_383' title='bbox 1994 3253 2197 3344; x_wconf 88' lang='lat' dir='ltr'><strong>disputatur</strong></span> <span class='ocrx_word' id='word_1_384' title='bbox 2228 3255 2267 3323; x_wconf 91' lang='lat' dir='ltr'><strong>in</strong></span> 
     </span>
     <span class='ocr_line' id='line_1_42' title="bbox 1274 3346 2266 3444; baseline 0.001 -21"><span class='ocrx_word' id='word_1_385' title='bbox 1274 3349 1342 3423; x_wconf 90' lang='lat' dir='ltr'><strong>hac</strong></span> <span class='ocrx_word' id='word_1_386' title='bbox 1357 3365 1431 3423; x_wconf 91' lang='lat' dir='ltr'><strong>tota</strong></span> <span class='ocrx_word' id='word_1_387' title='bbox 1446 3346 1616 3438; x_wconf 89' lang='lat' dir='ltr'><strong>historia,</strong></span> <span class='ocrx_word' id='word_1_388' title='bbox 1639 3364 1674 3422; x_wconf 90' lang='lat' dir='ltr'><strong>et</strong></span> <span class='ocrx_word' id='word_1_389' title='bbox 1692 3352 1932 3444; x_wconf 78' lang='lat' dir='ltr'><strong>disputabitur</strong></span> <span class='ocrx_word' id='word_1_390' title='bbox 1950 3354 2119 3424; x_wconf 92' lang='lat' dir='ltr'><strong>omnibus</strong></span> <span class='ocrx_word' id='word_1_391' title='bbox 2138 3356 2266 3426; x_wconf 89' lang='lat' dir='ltr'><strong>seculis</strong></span> 
     </span>
     <span class='ocr_line' id='line_1_43' title="bbox 1275 3449 2267 3548; baseline 0.001 -23"><span class='ocrx_word' id='word_1_392' title='bbox 1275 3456 1320 3525; x_wconf 82' lang='lat' dir='ltr'><strong>de</strong></span> <span class='ocrx_word' id='word_1_393' title='bbox 1343 3452 1530 3537; x_wconf 84' lang='lat' dir='ltr'><strong>autoritate</strong></span> <span class='ocrx_word' id='word_1_394' title='bbox 1556 3449 1741 3542; x_wconf 79' lang='lat' dir='ltr'><strong>Evangelii</strong></span> <span class='ocrx_word' id='word_1_395' title='bbox 1764 3477 1827 3540; x_wconf 91' lang='lat' dir='ltr'><strong>eo,</strong></span> <span class='ocrx_word' id='word_1_396' title='bbox 1852 3456 1949 3548; x_wconf 91' lang='lat' dir='ltr'><strong>quod</strong></span> <span class='ocrx_word' id='word_1_397' title='bbox 1966 3456 2022 3524; x_wconf 81' lang='lat' dir='ltr'><strong>lex</strong></span> <span class='ocrx_word' id='word_1_398' title='bbox 2048 3479 2127 3525; x_wconf 91' lang='lat' dir='ltr'><strong>curn</strong></span> <span class='ocrx_word' id='word_1_399' title='bbox 2144 3455 2267 3526; x_wconf 87' lang='lat' dir='ltr'><strong>Evan-</strong></span> 
     </span>
     <span class='ocr_line' id='line_1_44' title="bbox 1278 3555 2268 3648; baseline 0.004 -24"><span class='ocrx_word' id='word_1_400' title='bbox 1278 3555 1369 3647; x_wconf 88' lang='lat' dir='ltr'><strong>gelio</strong></span> <span class='ocrx_word' id='word_1_401' title='bbox 1410 3575 1566 3648; x_wconf 87' lang='lat' dir='ltr'><strong>pugnare</strong></span> <span class='ocrx_word' id='word_1_402' title='bbox 1599 3555 1781 3645; x_wconf 80' lang='lat' dir='ltr'><strong>videatur,</strong></span> <span class='ocrx_word' id='word_1_403' title='bbox 1826 3569 1867 3626; x_wconf 91' lang='lat' dir='ltr'><strong>nt</strong></span> <span class='ocrx_word' id='word_1_404' title='bbox 1902 3556 2016 3626; x_wconf 83' lang='lat' dir='ltr'><strong>videri</strong></span> <span class='ocrx_word' id='word_1_405' title='bbox 2044 3579 2118 3626; x_wconf 90' lang='lat' dir='ltr'><strong>uon</strong></span> <span class='ocrx_word' id='word_1_406' title='bbox 2145 3559 2268 3648; x_wconf 87' lang='lat' dir='ltr'><strong>possit,</strong></span> 
     </span>
     <span class='ocr_line' id='line_1_45' title="bbox 1278 3651 2268 3751; baseline 0 -21"><span class='ocrx_word' id='word_1_407' title='bbox 1278 3671 1457 3750; x_wconf 91' lang='lat' dir='ltr'><strong>utrunque</strong></span> <span class='ocrx_word' id='word_1_408' title='bbox 1471 3677 1543 3725; x_wconf 90' lang='lat' dir='ltr'><strong>esse</strong></span> <span class='ocrx_word' id='word_1_409' title='bbox 1560 3657 1708 3726; x_wconf 87' lang='lat' dir='ltr'><strong>verbum</strong></span> <span class='ocrx_word' id='word_1_410' title='bbox 1723 3653 1808 3727; x_wconf 86' lang='lat' dir='ltr'><strong>Dei:</strong></span> <span class='ocrx_word' id='word_1_411' title='bbox 1834 3651 1903 3726; x_wconf 92' lang='lat' dir='ltr'><strong>hoc</strong></span> <span class='ocrx_word' id='word_1_412' title='bbox 1924 3671 1976 3730; x_wconf 83' lang='lat' dir='ltr'><strong>est</strong></span> <span class='ocrx_word' id='word_1_413' title='bbox 1994 3659 2090 3751; x_wconf 90' lang='lat' dir='ltr'><strong>quud</strong></span> <span class='ocrx_word' id='word_1_414' title='bbox 2105 3659 2193 3730; x_wconf 88' lang='lat' dir='ltr'><strong>alias</strong></span> <span class='ocrx_word' id='word_1_415' title='bbox 2211 3661 2268 3730; x_wconf 93' lang='lat' dir='ltr'><strong>di-</strong></span> 
     </span>
     <span class='ocr_line' id='line_1_46' title="bbox 1279 3753 2270 3851; baseline 0.001 -22"><span class='ocrx_word' id='word_1_416' title='bbox 1279 3771 1381 3830; x_wconf 89' lang='lat' dir='ltr'><strong>cunt:</strong></span> <span class='ocrx_word' id='word_1_417' title='bbox 1423 3756 1497 3827; x_wconf 88' lang='lat' dir='ltr'><strong>Nos</strong></span> <span class='ocrx_word' id='word_1_418' title='bbox 1525 3753 1646 3851; x_wconf 86' lang='lat' dir='ltr'><strong>Moysi</strong></span> <span class='ocrx_word' id='word_1_419' title='bbox 1668 3757 1835 3848; x_wconf 87' lang='lat' dir='ltr'><strong>discipuli</strong></span> <span class='ocrx_word' id='word_1_420' title='bbox 1859 3780 1998 3845; x_wconf 87' lang='lat' dir='ltr'><strong>snmus;</strong></span> <span class='ocrx_word' id='word_1_421' title='bbox 2031 3759 2133 3830; x_wconf 90' lang='lat' dir='ltr'><strong>item:</strong></span> <span class='ocrx_word' id='word_1_422' title='bbox 2161 3757 2270 3833; x_wconf 92' lang='lat' dir='ltr'><strong>Unde</strong></span> 
     </span>
     <span class='ocr_line' id='line_1_47' title="bbox 1278 3857 2269 3953; baseline 0.003 -23"><span class='ocrx_word' id='word_1_423' title='bbox 1278 3859 1387 3931; x_wconf 86' lang='lat' dir='ltr'><strong>suerit</strong></span> <span class='ocrx_word' id='word_1_424' title='bbox 1401 3857 1545 3953; x_wconf 89' lang='lat' dir='ltr'><strong>Moyses</strong></span> <span class='ocrx_word' id='word_1_425' title='bbox 1566 3859 1713 3945; x_wconf 83' lang='lat' dir='ltr'><strong>scimns3</strong></span> <span class='ocrx_word' id='word_1_426' title='bbox 1739 3883 1832 3930; x_wconf 85' lang='lat' dir='ltr'><strong>nova</strong></span> <span class='ocrx_word' id='word_1_427' title='bbox 1847 3859 2010 3931; x_wconf 88' lang='lat' dir='ltr'><strong>doctrina</strong></span> <span class='ocrx_word' id='word_1_428' title='bbox 2025 3873 2094 3946; x_wconf 89' lang='lat' dir='ltr'><strong>est,</strong></span> <span class='ocrx_word' id='word_1_429' title='bbox 2120 3861 2191 3931; x_wconf 84' lang='lat' dir='ltr'><strong>fide</strong></span> <span class='ocrx_word' id='word_1_430' title='bbox 2214 3865 2269 3933; x_wconf 91' lang='lat' dir='ltr'><strong>iu-</strong></span> 
     </span>
     <span class='ocr_line' id='line_1_48' title="bbox 1279 3960 2270 4053; baseline 0.003 -22"><span class='ocrx_word' id='word_1_431' title='bbox 1279 3960 1439 4047; x_wconf 81' lang='lat' dir='ltr'><strong>stificari,</strong></span> <span class='ocrx_word' id='word_1_432' title='bbox 1463 3960 1565 4030; x_wconf 90' lang='lat' dir='ltr'><strong>nullo</strong></span> <span class='ocrx_word' id='word_1_433' title='bbox 1587 3961 1765 4030; x_wconf 76' lang='lat' dir='ltr'><strong>bonmmn</strong></span> <span class='ocrx_word' id='word_1_434' title='bbox 1778 3973 1840 4032; x_wconf 90' lang='lat' dir='ltr'><strong>ant</strong></span> <span class='ocrx_word' id='word_1_435' title='bbox 1854 3961 2028 4032; x_wconf 89' lang='lat' dir='ltr'><strong>malornm</strong></span> <span class='ocrx_word' id='word_1_436' title='bbox 2045 3983 2195 4053; x_wconf 90' lang='lat' dir='ltr'><strong>opernm</strong></span> <span class='ocrx_word' id='word_1_437' title='bbox 2211 3989 2270 4034; x_wconf 89' lang='lat' dir='ltr'><strong>re·</strong></span> 
     </span>
    </p>
   </div>
   <div class='ocr_carea' id='block_1_8' title="bbox 496 4059 2268 4359">
    <p class='ocr_par' dir='ltr' id='par_1_8' title="bbox 496 4059 2268 4359">
     <span class='ocr_line' id='line_1_49' title="bbox 496 4059 2268 4154; baseline -0.003 -12"><span class='ocrx_word' id='word_1_438' title='bbox 496 4065 757 4142; x_wconf 82' lang='lat' dir='ltr'><strong>Haeclocutus</strong></span> <span class='ocrx_word' id='word_1_439' title='bbox 777 4077 829 4141; x_wconf 84' lang='lat' dir='ltr'><strong>est</strong></span> <span class='ocrx_word' id='word_1_440' title='bbox 848 4063 967 4145; x_wconf 83' lang='lat' dir='ltr'><strong>Iesus.</strong></span> <span class='ocrx_word' id='word_1_441' title='bbox 1280 4076 1410 4154; x_wconf 80' lang='lat' dir='ltr'><strong>spectu.</strong></span> <span class='ocrx_word' id='word_1_442' title='bbox 1461 4059 1615 4133; x_wconf 85' lang='lat' dir='ltr'><strong>Proinde</strong></span> <span class='ocrx_word' id='word_1_443' title='bbox 1628 4063 1890 4132; x_wconf 83' lang='lat' dir='ltr'><strong>confirmandae</strong></span> <span class='ocrx_word' id='word_1_444' title='bbox 1914 4065 2003 4133; x_wconf 75' lang='lat' dir='ltr'><strong>sunt&#39;</strong></span> <span class='ocrx_word' id='word_1_445' title='bbox 2018 4064 2268 4152; x_wconf 88' lang='lat' dir='ltr'><strong>conscientiae,</strong></span> 
     </span>
     <span class='ocr_line' id='line_1_50' title="bbox 1211 4159 2268 4256; baseline 0.003 -22"><span class='ocrx_word' id='word_1_446' title='bbox 1211 4159 1216 4168; x_wconf 80' lang='grc'><strong>’</strong></span> <span class='ocrx_word' id='word_1_447' title='bbox 1279 4187 1326 4234; x_wconf 92' lang='lat' dir='ltr'><strong>ne</strong></span> <span class='ocrx_word' id='word_1_448' title='bbox 1340 4163 1528 4248; x_wconf 86' lang='lat' dir='ltr'><strong>vacillent,</strong></span> <span class='ocrx_word' id='word_1_449' title='bbox 1550 4185 1596 4233; x_wconf 92' lang='lat' dir='ltr'><strong>ne</strong></span> <span class='ocrx_word' id='word_1_450' title='bbox 1618 4165 1822 4256; x_wconf 89' lang='lat' dir='ltr'><strong>desperent,</strong></span> <span class='ocrx_word' id='word_1_451' title='bbox 1847 4187 1927 4234; x_wconf 92' lang='lat' dir='ltr'><strong>cum</strong></span> <span class='ocrx_word' id='word_1_452' title='bbox 1946 4165 2036 4235; x_wconf 88' lang='lat' dir='ltr'><strong>adeo</strong></span> <span class='ocrx_word' id='word_1_453' title='bbox 2059 4165 2268 4239; x_wconf 91' lang='lat' dir='ltr'><strong>iudicantur</strong></span> 
     </span>
     <span class='ocr_line' id='line_1_51' title="bbox 1279 4264 2050 4359; baseline 0.003 -22"><span class='ocrx_word' id='word_1_454' title='bbox 1279 4288 1385 4359; x_wconf 87' lang='lat' dir='ltr'><strong>opera</strong></span> <span class='ocrx_word' id='word_1_455' title='bbox 1392 4317 1405 4352; x_wconf 90' lang='lat'><strong>,</strong></span> <span class='ocrx_word' id='word_1_456' title='bbox 1432 4279 1467 4337; x_wconf 90' lang='lat' dir='ltr'><strong>et</strong></span> <span class='ocrx_word' id='word_1_457' title='bbox 1481 4264 1714 4336; x_wconf 89' lang='lat' dir='ltr'><strong>immundicia</strong></span> <span class='ocrx_word' id='word_1_458' title='bbox 1729 4265 1846 4336; x_wconf 89' lang='lat' dir='ltr'><strong>cordis</strong></span> <span class='ocrx_word' id='word_1_459' title='bbox 1861 4265 2050 4339; x_wconf 82' lang='lat' dir='ltr'><strong>revelatur.</strong></span> 
     </span>
    </p>
   </div>
   <div class='ocr_carea' id='block_1_9' title="bbox 239 4207 2270 5419">
    <p class='ocr_par' dir='ltr' id='par_1_9' title="bbox 344 4207 1228 4302">
     <span class='ocr_line' id='line_1_52' title="bbox 344 4207 1228 4302; baseline -0.002 -22"><span class='ocrx_word' id='word_1_460' title='bbox 344 4209 569 4282; x_wconf 87' lang='lat' dir='ltr'><strong>Praedictum</strong></span> <span class='ocrx_word' id='word_1_461' title='bbox 591 4225 659 4302; x_wconf 90' lang='lat' dir='ltr'><strong>est,</strong></span> <span class='ocrx_word' id='word_1_462' title='bbox 685 4210 762 4279; x_wconf 84' lang='lat' dir='ltr'><strong>fore</strong></span> <span class='ocrx_word' id='word_1_463' title='bbox 784 4221 824 4279; x_wconf 93' lang='lat' dir='ltr'><strong>ut</strong></span> <span class='ocrx_word' id='word_1_464' title='bbox 839 4207 943 4299; x_wconf 89' lang='lat' dir='ltr'><strong>pauci</strong></span> <span class='ocrx_word' id='word_1_465' title='bbox 965 4207 1128 4293; x_wconf 88' lang='lat' dir='ltr'><strong>credant,</strong></span> <span class='ocrx_word' id='word_1_466' title='bbox 1152 4208 1228 4278; x_wconf 88' lang='lat' dir='ltr'><strong>lore</strong></span> 
     </span>
    </p>

    <p class='ocr_par' dir='ltr' id='par_1_10' title="bbox 239 4307 2270 5419">
     <span class='ocr_line' id='line_1_53' title="bbox 243 4307 1230 4406; baseline 0.002 -26"><span class='ocrx_word' id='word_1_467' title='bbox 243 4313 326 4382; x_wconf 90' lang='lat' dir='ltr'><strong>item</strong></span> <span class='ocrx_word' id='word_1_468' title='bbox 352 4313 414 4404; x_wconf 93' lang='lat' dir='ltr'><strong>qui</strong></span> <span class='ocrx_word' id='word_1_469' title='bbox 438 4326 692 4406; x_wconf 83' lang='lat' dir='ltr'><strong>persequantur</strong></span> <span class='ocrx_word' id='word_1_470' title='bbox 711 4307 965 4401; x_wconf 85' lang='lat' dir='ltr'><strong>Evangelinm,</strong></span> <span class='ocrx_word' id='word_1_471' title='bbox 991 4333 1037 4380; x_wconf 88' lang='lat' dir='ltr'><strong>ne</strong></span> <span class='ocrx_word' id='word_1_472' title='bbox 1052 4308 1230 4382; x_wconf 87' lang='lat' dir='ltr'><strong>scandali-</strong></span> 
     </span>
     <span class='ocr_line' id='line_1_54' title="bbox 243 4410 1972 4525; baseline -0.006 -42"><span class='ocrx_word' id='word_1_473' title='bbox 243 4415 444 4506; x_wconf 84' lang='lat' dir='ltr'><strong>aenturqui</strong></span> <span class='ocrx_word' id='word_1_474' title='bbox 458 4417 607 4485; x_wconf 86' lang='lat' dir='ltr'><strong>eredunt</strong></span> <span class='ocrx_word' id='word_1_475' title='bbox 629 4413 825 4505; x_wconf 86' lang='lat' dir='ltr'><strong>paucitate,</strong></span> <span class='ocrx_word' id='word_1_476' title='bbox 850 4411 985 4482; x_wconf 87' lang='lat' dir='ltr'><strong>vilitate</strong></span> <span class='ocrx_word' id='word_1_477' title='bbox 1009 4410 1136 4483; x_wconf 85' lang='lat' dir='ltr'><strong>etaliis</strong></span> <span class='ocrx_word' id='word_1_478' title='bbox 1152 4411 1228 4480; x_wconf 84' lang='lat' dir='ltr'><strong>lor·</strong></span> <span class='ocrx_word' id='word_1_479' title='bbox 1560 4449 1614 4523; x_wconf 56' lang='lat' dir='ltr'><strong>Et</strong></span> <span class='ocrx_word' id='word_1_480' title='bbox 1665 4454 1707 4525; x_wconf 70' lang='lat' dir='ltr'><strong>m.</strong></span> <span class='ocrx_word' id='word_1_481' title='bbox 1732 4450 1823 4525; x_wconf 46' lang='lat' dir='ltr'><em>vids!</em></span> <span class='ocrx_word' id='word_1_482' title='bbox 1848 4476 1905 4524; x_wconf 52' lang='lat' dir='ltr'><strong>me</strong></span> <span class='ocrx_word' id='word_1_483' title='bbox 1921 4461 1972 4525; x_wconf 60' lang='lat' dir='ltr'><em>m</em></span> 
     </span>
     <span class='ocr_line' id='line_1_55' title="bbox 242 4477 1983 4612; baseline -0.002 -28"><span class='ocrx_word' id='word_1_484' title='bbox 242 4517 310 4604; x_wconf 85' lang='lat' dir='ltr'><strong>mis</strong></span> <span class='ocrx_word' id='word_1_485' title='bbox 325 4515 448 4612; x_wconf 79' lang='lat' dir='ltr'><strong>crucis.</strong></span> <span class='ocrx_word' id='word_1_486' title='bbox 497 4515 590 4586; x_wconf 90' lang='lat' dir='ltr'><strong>Nam</strong></span> <span class='ocrx_word' id='word_1_487' title='bbox 613 4514 786 4610; x_wconf 86' lang='lat' dir='ltr'><strong>reliquiae</strong></span> <span class='ocrx_word' id='word_1_488' title='bbox 806 4527 943 4586; x_wconf 89' lang='lat' dir='ltr'><strong>tautum</strong></span> <span class='ocrx_word' id='word_1_489' title='bbox 961 4523 1228 4601; x_wconf 80' lang='lat' dir='ltr'><strong>convertuntur.</strong></span> <span class='ocrx_word' id='word_1_490' title='bbox 1639 4477 1664 4553; x_wconf 66' lang='lat' dir='ltr'><em>q</em></span> <span class='ocrx_word' id='word_1_491' title='bbox 1973 4505 1983 4529; x_wconf 89' lang='lat'>&#39;</span> 
     </span>
     <span class='ocr_line' id='line_1_56' title="bbox 241 4601 2269 4707; baseline -0.003 -19"><span class='ocrx_word' id='word_1_492' title='bbox 241 4613 368 4688; x_wconf 81' lang='lat' dir='ltr'><strong>Esaiae</strong></span> <span class='ocrx_word' id='word_1_493' title='bbox 388 4615 452 4701; x_wconf 88' lang='lat' dir='ltr'><strong>X.,</strong></span> <span class='ocrx_word' id='word_1_494' title='bbox 483 4618 507 4688; x_wconf 92' lang='lat' dir='ltr'><strong>i.</strong></span> <span class='ocrx_word' id='word_1_495' title='bbox 526 4643 553 4693; x_wconf 89' lang='lat' dir='ltr'><strong>e.</strong></span> <span class='ocrx_word' id='word_1_496' title='bbox 579 4617 749 4689; x_wconf 86' lang='lat' dir='ltr'><strong>vilissima</strong></span> <span class='ocrx_word' id='word_1_497' title='bbox 770 4613 893 4707; x_wconf 90' lang='lat' dir='ltr'><strong>populi</strong></span> <span class='ocrx_word' id='word_1_498' title='bbox 917 4637 1007 4706; x_wconf 88' lang='lat' dir='ltr'><strong>pars.</strong></span> <span class='ocrx_word' id='word_1_499' title='bbox 1059 4612 1229 4684; x_wconf 85' lang='lat' dir='ltr'><strong>Maximis</strong></span> <span class='ocrx_word' id='word_1_500' title='bbox 1278 4609 1316 4679; x_wconf 93' lang='lat' dir='ltr'><strong>id</strong></span> <span class='ocrx_word' id='word_1_501' title='bbox 1347 4621 1415 4694; x_wconf 88' lang='lat' dir='ltr'><strong>est,</strong></span> <span class='ocrx_word' id='word_1_502' title='bbox 1461 4605 1523 4701; x_wconf 89' lang='lat' dir='ltr'><strong>qui</strong></span> <span class='ocrx_word' id='word_1_503' title='bbox 1555 4606 1744 4681; x_wconf 84' lang='lat' dir='ltr'><strong>carnaliter</strong></span> <span class='ocrx_word' id='word_1_504' title='bbox 1763 4605 1944 4706; x_wconf 90' lang='lat' dir='ltr'><strong>accipiunt</strong></span> <span class='ocrx_word' id='word_1_505' title='bbox 1965 4601 2168 4692; x_wconf 82' lang='lat' dir='ltr'><strong>Christum,</strong></span> <span class='ocrx_word' id='word_1_506' title='bbox 2201 4607 2269 4682; x_wconf 91' lang='lat' dir='ltr'><strong>boe</strong></span> 
     </span>
     <span class='ocr_line' id='line_1_57' title="bbox 243 4708 2268 4814; baseline -0.004 -24"><span class='ocrx_word' id='word_1_507' title='bbox 243 4732 277 4790; x_wconf 92' lang='lat' dir='ltr'><strong>et</strong></span> <span class='ocrx_word' id='word_1_508' title='bbox 294 4718 562 4812; x_wconf 88' lang='lat' dir='ltr'><strong>sapientissimis</strong></span> <span class='ocrx_word' id='word_1_509' title='bbox 586 4713 785 4814; x_wconf 89' lang='lat' dir='ltr'><strong>quibusque</strong></span> <span class='ocrx_word' id='word_1_510' title='bbox 807 4714 1041 4805; x_wconf 88' lang='lat' dir='ltr'><strong>Evangelium</strong></span> <span class='ocrx_word' id='word_1_511' title='bbox 1064 4729 1117 4786; x_wconf 89' lang='lat' dir='ltr'><strong>est</strong></span> <span class='ocrx_word' id='word_1_512' title='bbox 1139 4715 1227 4786; x_wconf 90' lang='lat' dir='ltr'><strong>stul·</strong></span> <span class='ocrx_word' id='word_1_513' title='bbox 1280 4727 1349 4796; x_wconf 91' lang='lat' dir='ltr'><strong>est,</strong></span> <span class='ocrx_word' id='word_1_514' title='bbox 1370 4709 1432 4804; x_wconf 85' lang='lat' dir='ltr'><strong>qui</strong></span> <span class='ocrx_word' id='word_1_515' title='bbox 1448 4709 1602 4780; x_wconf 90' lang='lat' dir='ltr'><strong>audiunt</strong></span> <span class='ocrx_word' id='word_1_516' title='bbox 1621 4724 1790 4804; x_wconf 90' lang='lat' dir='ltr'><strong>tanquam</strong></span> <span class='ocrx_word' id='word_1_517' title='bbox 1811 4708 2012 4796; x_wconf 87' lang='lat' dir='ltr'><strong>doctorem,</strong></span> <span class='ocrx_word' id='word_1_518' title='bbox 2037 4733 2144 4802; x_wconf 91' lang='lat' dir='ltr'><strong>opera</strong></span> <span class='ocrx_word' id='word_1_519' title='bbox 2159 4708 2268 4783; x_wconf 90' lang='lat' dir='ltr'><strong>Chri-</strong></span> 
     </span>
     <span class='ocr_line' id='line_1_58' title="bbox 243 4806 2268 4914; baseline -0.004 -22"><span class='ocrx_word' id='word_1_520' title='bbox 243 4821 339 4907; x_wconf 82' lang='lat' dir='ltr'><strong>titia,</strong></span> <span class='ocrx_word' id='word_1_521' title='bbox 365 4817 496 4892; x_wconf 80' lang='lat' dir='ltr'><strong>horest</strong></span> <span class='ocrx_word' id='word_1_522' title='bbox 518 4823 614 4914; x_wconf 89' lang='lat' dir='ltr'><strong>quod</strong></span> <span class='ocrx_word' id='word_1_523' title='bbox 631 4817 794 4894; x_wconf 86' lang='lat' dir='ltr'><strong>Christus</strong></span> <span class='ocrx_word' id='word_1_524' title='bbox 812 4818 899 4888; x_wconf 89' lang='lat' dir='ltr'><strong>alias</strong></span> <span class='ocrx_word' id='word_1_525' title='bbox 919 4818 1052 4912; x_wconf 83' lang='lat' dir='ltr'><strong>inquit:</strong></span> <span class='ocrx_word' id='word_1_526' title='bbox 1086 4814 1229 4902; x_wconf 90' lang='lat' dir='ltr'><strong>Beatus,</strong></span> <span class='ocrx_word' id='word_1_527' title='bbox 1279 4813 1325 4886; x_wconf 87' lang='lat' dir='ltr'><strong>sti</strong></span> <span class='ocrx_word' id='word_1_528' title='bbox 1338 4811 1536 4896; x_wconf 88' lang='lat' dir='ltr'><strong>imitantes,</strong></span> <span class='ocrx_word' id='word_1_529' title='bbox 1559 4806 1598 4879; x_wconf 89' lang='lat' dir='ltr'><strong>hi</strong></span> <span class='ocrx_word' id='word_1_530' title='bbox 1615 4834 1688 4880; x_wconf 93' lang='lat' dir='ltr'><strong>non</strong></span> <span class='ocrx_word' id='word_1_531' title='bbox 1705 4810 1879 4896; x_wconf 89' lang='lat' dir='ltr'><strong>sentiunt,</strong></span> <span class='ocrx_word' id='word_1_532' title='bbox 1904 4833 1978 4882; x_wconf 88' lang='lat' dir='ltr'><strong>esse</strong></span> <span class='ocrx_word' id='word_1_533' title='bbox 1991 4813 2189 4903; x_wconf 89' lang='lat' dir='ltr'><strong>potentiam</strong></span> <span class='ocrx_word' id='word_1_534' title='bbox 2200 4813 2268 4886; x_wconf 86' lang='lat' dir='ltr'><strong>Dei</strong></span> 
     </span>
     <span class='ocr_line' id='line_1_59' title="bbox 242 4908 2268 5018; baseline -0.004 -24"><span class='ocrx_word' id='word_1_535' title='bbox 242 4924 304 5018; x_wconf 90' lang='lat' dir='ltr'><strong>qui</strong></span> <span class='ocrx_word' id='word_1_536' title='bbox 337 4948 412 4998; x_wconf 92' lang='lat' dir='ltr'><strong>non</strong></span> <span class='ocrx_word' id='word_1_537' title='bbox 441 4923 612 4996; x_wconf 83' lang='lat' dir='ltr'><strong>fueritin</strong></span> <span class='ocrx_word' id='word_1_538' title='bbox 642 4947 698 4994; x_wconf 89' lang='lat' dir='ltr'><strong>me</strong></span> <span class='ocrx_word' id='word_1_539' title='bbox 731 4921 1000 5007; x_wconf 60' lang='lat' dir='ltr'><strong>scandalizatum</strong></span> <span class='ocrx_word' id='word_1_540' title='bbox 1043 4931 1077 4990; x_wconf 84' lang='lat' dir='ltr'><strong>et</strong></span> <span class='ocrx_word' id='word_1_541' title='bbox 1099 4916 1228 4989; x_wconf 88' lang='lat' dir='ltr'><strong>Psalm.</strong></span> <span class='ocrx_word' id='word_1_542' title='bbox 1279 4917 1429 4984; x_wconf 91' lang='lat' dir='ltr'><strong>verbum</strong></span> <span class='ocrx_word' id='word_1_543' title='bbox 1462 4908 1612 4998; x_wconf 86' lang='lat' dir='ltr'><strong>Christi,</strong></span> <span class='ocrx_word' id='word_1_544' title='bbox 1665 4914 1725 5006; x_wconf 78' lang='lat' dir='ltr'><strong>sed</strong></span> <span class='ocrx_word' id='word_1_545' title='bbox 1763 4908 1956 4982; x_wconf 89' lang='lat' dir='ltr'><strong>humanam</strong></span> <span class='ocrx_word' id='word_1_546' title='bbox 1993 4915 2268 4992; x_wconf 87' lang='lat' dir='ltr'><strong>ordinationem.</strong></span> 
     </span>
     <span class='ocr_line' id='line_1_60' title="bbox 242 5011 2269 5115; baseline -0.002 -21"><span class='ocrx_word' id='word_1_547' title='bbox 242 5023 393 5099; x_wconf 84' lang='lat' dir='ltr'><strong>XXVl.:</strong></span> <span class='ocrx_word' id='word_1_548' title='bbox 423 5023 507 5096; x_wconf 85' lang='lat' dir='ltr'><strong>Noli</strong></span> <span class='ocrx_word' id='word_1_549' title='bbox 522 5025 692 5096; x_wconf 87' lang='lat' dir='ltr'><strong>aemulari</strong></span> <span class='ocrx_word' id='word_1_550' title='bbox 714 5024 751 5094; x_wconf 90' lang='lat' dir='ltr'><strong>in</strong></span> <span class='ocrx_word' id='word_1_551' title='bbox 772 5021 1064 5113; x_wconf 84' lang='lat' dir='ltr'><strong>malignantibus3</strong></span> <span class='ocrx_word' id='word_1_552' title='bbox 1092 5020 1227 5095; x_wconf 90' lang='lat' dir='ltr'><strong>etLuc.</strong></span> <span class='ocrx_word' id='word_1_553' title='bbox 1280 5015 1373 5087; x_wconf 87' lang='lat' dir='ltr'><strong>Vere</strong></span> <span class='ocrx_word' id='word_1_554' title='bbox 1389 5014 1566 5106; x_wconf 91' lang='lat' dir='ltr'><strong>accipiunt</strong></span> <span class='ocrx_word' id='word_1_555' title='bbox 1580 5011 1783 5100; x_wconf 90' lang='lat' dir='ltr'><strong>Christum,</strong></span> <span class='ocrx_word' id='word_1_556' title='bbox 1814 5035 1874 5084; x_wconf 92' lang='lat' dir='ltr'><strong>seu</strong></span> <span class='ocrx_word' id='word_1_557' title='bbox 1898 5013 2002 5084; x_wconf 87' lang='lat' dir='ltr'><strong>fidem</strong></span> <span class='ocrx_word' id='word_1_558' title='bbox 2020 5012 2173 5100; x_wconf 88' lang='lat' dir='ltr'><strong>Christi,</strong></span> <span class='ocrx_word' id='word_1_559' title='bbox 2208 5021 2269 5115; x_wconf 91' lang='lat' dir='ltr'><strong>qui</strong></span> 
     </span>
     <span class='ocr_line' id='line_1_61' title="bbox 242 5114 2270 5219; baseline -0.005 -23"><span class='ocrx_word' id='word_1_560' title='bbox 242 5123 341 5200; x_wconf 80' lang='lat' dir='ltr'><strong>xlt:</strong></span> <span class='ocrx_word' id='word_1_561' title='bbox 367 5126 487 5198; x_wconf 87' lang='lat' dir='ltr'><strong>Nolite</strong></span> <span class='ocrx_word' id='word_1_562' title='bbox 501 5129 626 5201; x_wconf 87' lang='lat' dir='ltr'><strong>timere</strong></span> <span class='ocrx_word' id='word_1_563' title='bbox 650 5127 802 5219; x_wconf 89' lang='lat' dir='ltr'><strong>pusillus</strong></span> <span class='ocrx_word' id='word_1_564' title='bbox 816 5149 910 5217; x_wconf 85' lang='lat' dir='ltr'><strong>grex.</strong></span> <span class='ocrx_word' id='word_1_565' title='bbox 959 5121 1049 5194; x_wconf 87' lang='lat' dir='ltr'><strong>Nam</strong></span> <span class='ocrx_word' id='word_1_566' title='bbox 1066 5117 1134 5193; x_wconf 91' lang='lat' dir='ltr'><strong>hoe</strong></span> <span class='ocrx_word' id='word_1_567' title='bbox 1157 5123 1228 5213; x_wconf 91' lang='lat' dir='ltr'><strong>agit</strong></span> <span class='ocrx_word' id='word_1_568' title='bbox 1279 5119 1456 5203; x_wconf 90' lang='lat' dir='ltr'><strong>sentiunt,</strong></span> <span class='ocrx_word' id='word_1_569' title='bbox 1483 5118 1630 5188; x_wconf 90' lang='lat' dir='ltr'><strong>verbum</strong></span> <span class='ocrx_word' id='word_1_570' title='bbox 1657 5139 1730 5188; x_wconf 86' lang='lat' dir='ltr'><strong>esse</strong></span> <span class='ocrx_word' id='word_1_571' title='bbox 1751 5117 1943 5209; x_wconf 90' lang='lat' dir='ltr'><strong>potentiam</strong></span> <span class='ocrx_word' id='word_1_572' title='bbox 1957 5114 2041 5204; x_wconf 89' lang='lat' dir='ltr'><strong>Dei,</strong></span> <span class='ocrx_word' id='word_1_573' title='bbox 2075 5119 2270 5215; x_wconf 80' lang='lat' dir='ltr'><strong>inquibus</strong></span> 
     </span>
     <span class='ocr_line' id='line_1_62' title="bbox 239 5217 2268 5314; baseline -0.004 -14"><span class='ocrx_word' id='word_1_574' title='bbox 239 5227 369 5314; x_wconf 89' lang='lat' dir='ltr'><strong>Satan,</strong></span> <span class='ocrx_word' id='word_1_575' title='bbox 406 5243 448 5301; x_wconf 94' lang='lat' dir='ltr'><strong>nt</strong></span> <span class='ocrx_word' id='word_1_576' title='bbox 484 5232 592 5302; x_wconf 85' lang='lat' dir='ltr'><strong>variis</strong></span> <span class='ocrx_word' id='word_1_577' title='bbox 628 5228 803 5300; x_wconf 70' lang='lat' dir='ltr'><strong>mandalis</strong></span> <span class='ocrx_word' id='word_1_578' title='bbox 836 5229 1010 5298; x_wconf 89' lang='lat' dir='ltr'><strong>deterreat</strong></span> <span class='ocrx_word' id='word_1_579' title='bbox 1036 5226 1082 5296; x_wconf 90' lang='lat' dir='ltr'><strong>ab</strong></span> <span class='ocrx_word' id='word_1_580' title='bbox 1107 5222 1228 5294; x_wconf 85' lang='lat' dir='ltr'><strong>Evan-</strong></span> <span class='ocrx_word' id='word_1_581' title='bbox 1280 5223 1495 5293; x_wconf 83' lang='lat' dir='ltr'><strong>verbumest</strong></span> <span class='ocrx_word' id='word_1_582' title='bbox 1516 5219 1657 5304; x_wconf 82' lang='lat' dir='ltr'><strong>efficax,</strong></span> <span class='ocrx_word' id='word_1_583' title='bbox 1682 5217 1816 5292; x_wconf 90' lang='lat' dir='ltr'><strong>iudicat</strong></span> <span class='ocrx_word' id='word_1_584' title='bbox 1836 5231 1871 5290; x_wconf 91' lang='lat' dir='ltr'><strong>et</strong></span> <span class='ocrx_word' id='word_1_585' title='bbox 1894 5217 2047 5290; x_wconf 85' lang='lat' dir='ltr'><strong>vivificat</strong></span> <span class='ocrx_word' id='word_1_586' title='bbox 2073 5245 2143 5295; x_wconf 90' lang='lat' dir='ltr'><strong>eos.</strong></span> <span class='ocrx_word' id='word_1_587' title='bbox 2196 5221 2268 5314; x_wconf 86' lang='lat' dir='ltr'><strong>Qui</strong></span> 
     </span>
     <span class='ocr_line' id='line_1_63' title="bbox 240 5316 2131 5419; baseline -0.002 -21"><span class='ocrx_word' id='word_1_588' title='bbox 240 5329 344 5419; x_wconf 87' lang='lat' dir='ltr'><strong>gelio.</strong></span> <span class='ocrx_word' id='word_1_589' title='bbox 1281 5323 1330 5394; x_wconf 88' lang='lat' dir='ltr'><strong>sie</strong></span> <span class='ocrx_word' id='word_1_590' title='bbox 1345 5321 1469 5394; x_wconf 85' lang='lat' dir='ltr'><strong>vident</strong></span> <span class='ocrx_word' id='word_1_591' title='bbox 1483 5316 1684 5408; x_wconf 88' lang='lat' dir='ltr'><strong>Christum,</strong></span> <span class='ocrx_word' id='word_1_592' title='bbox 1710 5320 1766 5390; x_wconf 93' lang='lat' dir='ltr'><strong>illi</strong></span> <span class='ocrx_word' id='word_1_593' title='bbox 1781 5332 1916 5393; x_wconf 90' lang='lat' dir='ltr'><strong>norunt</strong></span> <span class='ocrx_word' id='word_1_594' title='bbox 1933 5336 1965 5393; x_wconf 91' lang='lat' dir='ltr'><strong>et</strong></span> <span class='ocrx_word' id='word_1_595' title='bbox 1985 5334 2131 5414; x_wconf 87' lang='lat' dir='ltr'><strong>patrem.</strong></span> 
     </span>
    </p>
   </div>
   <div class='ocr_carea' id='block_1_10' title="bbox 0 0 2355 5812">
    <p class='ocr_par' dir='ltr' id='par_1_11' title="bbox 0 0 2355 5812">
     <span class='ocr_line' id='line_1_64' title="bbox 0 0 2355 5812; baseline 0 0"><span class='ocrx_word' id='word_1_596' title='bbox 0 0 2355 5812; x_wconf 95' lang='lat' dir='ltr'><strong> </strong></span> 
     </span>
    </p>
   </div>
  </div>
 </body>
</html>
