4714 5826
64 103 131 208 'es

127 299 213 400 Qui
223 301 356 398 premit
372 298 444 386 loc,
460 297 635 396 exprimit
647 296 834 394 butyrum,
851 293 905 368 Et
916 293 1072 368 nimium

183 427 381 500 emungens
399 407 524 472 aorem
541 398 639 473 elicit
654 398 889 496 sanguinem.

127 504 186 578 Et
200 503 272 606 qui
285 500 447 608 effundit
463 502 572 586 iram,
595 501 727 574 emittit
745 497 966 576 discordias.

178 638 344 712 Primum
375 623 584 730 siguificat,
606 637 755 728 imperia
785 638 966 706 moderata
998 659 1071 706 esse

77 743 230 830 debere,
255 741 345 813 sicut
359 739 461 812 Plato
476 739 611 833 inquit:
639 738 798 832 Utraque
815 739 969 828 optima,
992 761 1072 807 mo-

74 849 201 916 derata
229 844 374 915 libertas
407 857 443 913 et
474 843 658 912 moderata
679 841 847 912 servitus:
884 855 920 913 ct
945 861 1070 910 rursus

72 961 230 1041 utraque
254 947 424 1040 pessima,
448 943 612 1017 Libertas
628 942 839 1023 immodica,
867 956 902 1014 et
917 941 1070 1012 servitus

73 1047 283 1119 immodica.
336 1043 384 1118 Et
398 1047 438 1116 in
454 1045 615 1116 versibus
633 1044 778 1116 Solonis
795 1045 930 1116 dictum
948 1057 1018 1113 est:

247 1163 349 1244 δῆμος
369 1159 436 1244 ἅμα
457 1153 667 1243 ἡγεμόνεσσιν
690 1157 818 1236 istorio,

184 1263 261 1346 price
283 1268 358 1328 λίαν
380 1257 523 1340 ἀνεθεὶς,
542 1260 621 1344 μήτε
643 1259 839 1344 πιεζόμενος.

132 1423 140 1434 =
182 1381 232 1456 Et
255 1387 385 1456 modus
407 1383 620 1456 constitutus
643 1396 694 1454 est
718 1383 758 1451 in
781 1379 970 1470 Decalogo.
1022 1376 1072 1450 Et

75 1485 241 1580 Baptista
256 1486 390 1581 inquit:
417 1481 540 1556 Estote
557 1485 716 1557 contenti
729 1483 916 1577 stipendiis
931 1481 1069 1558 vestris.

75 1587 184 1658 Item:
210 1586 398 1661 Neminem
415 1587 626 1658 concutiatis
648 1611 764 1682 neque
790 1585 1070 1655 calumniemini.

76 1689 188 1760 ltem:
213 1690 327 1760 Asino
346 1712 457 1773 onus,
482 1688 654 1781 pabulum
669 1703 706 1761 et
719 1690 874 1779 virgam,
900 1687 950 1756 sic
966 1709 1067 1757 servo

77 1793 259 1876 laborem,
290 1792 412 1864 cibum
440 1807 474 1864 et
500 1791 785 1882 castigationem,
817 1787 987 1881 scriptum
1018 1802 1070 1860 est

78 1895 116 1963 in
133 1892 307 1965 Siracide.

78 2201 149 2270 late
175 2220 322 2288 magnas
346 2197 470 2266 ruinas
493 2194 643 2269 trabunt
666 2213 701 2270 ct
723 2185 826 2288 saepe
842 2197 1010 2268 oriuntur
1026 2220 1068 2264 ex

76 2303 219 2371 levibus
244 2299 376 2381 causis,
415 2322 505 2392 quae
529 2299 647 2390 potius
673 2299 918 2372 moderatione
947 2298 1068 2392 aliqua

77 2405 268 2473 leniendae
283 2402 511 2502 reserandae
526 2414 638 2472 erant.

344 2689 349 2696 ·
397 2633 538 2742 Caput
569 2633 734 2718 xxxt.

183 2816 361 2888 Postremi
376 2817 500 2908 capitis
516 2816 652 2888 additio
662 2817 822 2888 continet
840 2830 911 2887 tres
926 2827 1068 2888 senten-

81 2924 161 3005 tias,
177 2914 461 3010 prohihitionem
474 2917 679 3003 Ebrietatis,
694 2922 900 2990 mandatum
919 2915 1068 2990 deCon-

79 3024 252 3101 sessione,
279 3022 448 3091 adversus
468 3044 546 3114 cos,
573 3021 635 3112 qui
658 3022 870 3112 opprimunt
894 3021 1067 3090 innocen-

79 3141 153 3208 tes,
179 3136 219 3194 ut
236 3147 334 3193 nunc
349 3123 388 3191 in
401 3145 524 3212 regum
539 3122 629 3192 aulis
647 3122 752 3194 multi
762 3147 851 3204 ,cum
867 3123 1069 3212 intelligant

80 3249 203 3296 veram
218 3225 435 3309 doctrinam,
450 3237 568 3295 tamen
585 3248 658 3293 non
672 3227 867 3295 ostendunt
880 3224 967 3316 quid
982 3248 1068 3316 pro-

79 3331 189 3409 bent,
239 3349 320 3395 cum
350 3327 396 3396 ad
427 3325 598 3418 supplicia
626 3321 819 3416 rapiuntu'r
847 3327 1066 3398 innocentes.

80 3429 153 3500 Hir
169 3428 266 3498 iubet
280 3426 516 3518 intelligentes
531 3427 742 3512 doctrinam,
768 3451 829 3498 sua
846 3429 1066 3498 confessione

81 3548 199 3622 tegere
220 3529 428 3600 innocentes
451 3553 495 3598 ne
518 3527 648 3610 iniusta
670 3529 813 3600 saevitia
837 3530 1068 3600 confirmetur

80 3630 225 3705 silentio
246 3631 302 3700 vel
326 3631 522 3702 collusione
544 3631 716 3722 ipsorum.
776 3629 879 3702 Unus
901 3627 1067 3702 Ionathas

80 3737 178 3828 apud
202 3731 344 3804 Saulem
376 3747 495 3822 aperte
517 3733 703 3804 excusabat
725 3728 909 3804 Davidem.
968 3731 1068 3824 Do'e'g

81 3837 192 3910 etalii
208 3835 363 3906 furorem
380 3834 473 3924 regis
489 3835 738 3905 incendebant.
786 3835 894 3925 Apud
911 3830 1066 3905 Alexan-

81 3943 188 4010 drum
204 3931 426 4007 Calistbenes
442 3949 475 4006 et
488 3933 605 4008 Clitus
621 3950 740 4028 aperte
756 3932 1067 4028 reprehendebant

82 4045 158 4112 eius
179 4035 426 4118 insolentiam,
462 4037 590 4109 caeteri
619 4040 854 4109 assentatione
878 4040 1066 4108 confirma-

81 4147 188 4230 bant,
203 4139 287 4234 quia
303 4138 423 4230 plures
439 4155 523 4210 stunt
538 4139 640 4224 mali,
657 4154 692 4210 et
708 4165 830 4210 verum
846 4154 897 4211 est
914 4143 1065 4212 dictum:

148 4247 152 4254 ’
208 4249 227 4318 ὅ
248 4257 321 4334 βίος
339 4253 480 4336 μάλιστα
502 4257 571 4330 τοῖς
595 4263 750 4338 πονηροῖς
767 4254 875 4334 ἥδεται

205 4352 337 4439 πράττει
360 4349 391 4418 δ’
414 4349 432 4418 ὃ
454 4351 554 4430 κόλαξ
574 4351 692 4441 o’c'pcoro
713 4353 855 4433 πόντων,

205 4453 352 4540 δεύτερος
372 4451 390 4520 ό
414 4455 612 4541 συκοφάντης
632 4470 688 4520 etc.

183 4575 306 4649 Tertia
332 4597 412 4668 pars
436 4598 576 4645 carmen
600 4591 652 4645 est
673 4578 716 4645 de
740 4577 932 4646 virtutibus
953 4569 1066 4644 hone-

81 4677 461 4754 staeMatrisiamilias.
496 4675 544 4749 Ut
561 4691 677 4746 autem
694 4677 843 4768 singulis
859 4673 1067 4746 hominibus

83 4787 177 4853 vitae
191 4781 312 4871 regula
327 4801 402 4848 csse
417 4779 523 4851 debet
537 4776 754 4870 Decalogus,
785 4780 834 4850 ita
849 4781 887 4847 in
905 4767 972 4847 bac
987 4780 1065 4847 lau-

82 4886 227 4958 datione
250 4879 515 4953 distribuantur
537 4882 685 4952 virtutes
710 4882 748 4951 in
771 4877 1005 4970 Decalogum‚
1032 4893 1067 4950 et

82 4991 126 5058 ad
149 4987 305 5077 primam
336 4982 493 5054 tabulam
525 4983 679 5074 pertinet
711 4985 847 5054 dictum
877 4978 945 5052 hoc
974 4983 1065 5055 loco.

82 5086 219 5160 Mulier
231 5087 363 5157 timens
377 5082 512 5168 Deum,
537 5085 752 5157 laudabitur.

183 5184 319 5260 Timor
333 5201 451 5258 autem
468 5187 691 5278 intelligatur
706 5201 801 5258 totus
817 5209 921 5256 verus
937 5187 1064 5265 cultus,

84 5316 163 5362 vera
176 5289 246 5363 Dei
264 5291 417 5380 agnitio,
445 5287 585 5375 Timor,
612 5287 728 5376 Fides,
754 5286 948 5374 luvocatio,
975 5288 1066 5360 dile-

518 131 563 202 Χ.
616 55 922 202 Elll’LleTlO
948 115 1363 200 PROVERBlORUM
1388 115 1690 200 SALOMONlS.

1121 293 1193 366 ctio
1209 289 1296 382 Dei,
1323 308 1359 367 et
1382 295 1473 366 aliae
1490 296 1702 370 coniunctae
1718 301 1886 388 virtutes,
1913 305 2004 377 sicut
2021 303 2114 377 Pro·
2238 353 2244 362 ι

1958 128 1960 132 ’
2067 137 2148 210 86·

1122 391 1249 488 phetae
1265 397 1631 490 saepissimentuntur
1645 403 1793 474 nominc
1808 405 1948 478 timoris
1962 407 2027 479 Dei
2044 411 2112 510 pro'

1120 509 1196 572 toto
1225 499 1343 590 cultu,
1378 499 1441 593 qui
1464 495 1542 570 Deo
1574 502 1699 593 placet.
1759 501 1808 576 Et
1830 530 1934 600 supra
1960 511 2107 582 dicitur:

1120 596 1268 670 lnitium
1287 601 1481 692 sapientiae
1505 602 1613 674 timor
1630 603 1792 677 Domini.
1812 693 1814 696 Ι
1845 608 1951 681 ltem:
1977 611 2108 685 Beatus

1120 703 1177 770 vir
1192 701 1254 796 qui
1268 704 1370 775 timet
1384 702 1594 778 Dominum.

1221 800 1359 875 Deinde
1382 804 1576 876 recitantur
1600 824 1753 885 caeterae
1771 813 1931 885 virtutes.
1985 815 2106 886 Casti-

1121 919 1172 976 tas
1188 906 1402 997 coniugalis,
1426 931 1527 978 amor
1552 932 1633 1002 erga
1656 915 1825 1006 maritum
1852 916 1929 986 sine
1953 919 2106 988 morosi·
2172 920 2189 942 '

1120 1020 1202 1088 tate,
1228 1009 1400 1080 sedulitas
1419 1009 1457 1079 in
1474 1011 1642 1086 omnibus
1658 1012 1840 1086 laboribus
1855 1020 2104 1100 oeconomicis,

1120 1107 1361 1200 Parsimonia,
1394 1110 1595 1202 Frugalitas
1618 1127 1651 1186 et
1664 1114 1907 1192 Mansuetudo
1920 1121 1958 1188 in
1973 1125 2105 1212 guber-

994 1245 999 1250 ·
1031 1239 1036 1248 ·
1120 1212 1264 1283 natione
1285 1213 1460 1300 familiae,
1486 1215 1672 1306 diligentia
1698 1219 1735 1289 in
1761 1222 1942 1294 educanda
1969 1225 2103 1309 sobole,

1120 1315 1311 1386 domestica
1335 1316 1538 1401 assiduitas,
1562 1319 1791 1392 beneficentia
1815 1347 1894 1414 erga
1918 1319 2100 1418 pauperes.

1120 1413 1256 1485 Harum
1279 1417 1452 1489 virtutum
1468 1420 1631 1490 omnium
1656 1423 1881 1496 definitiones
1896 1441 2001 1498 notae
2021 1430 2104 1513 sint,

1009 1583 1017 1602 ,
1048 1583 1058 1602 ‚
1120 1531 1154 1588 et
1170 1520 1425 1610 consideretur,
1449 1522 1494 1591 ad
1513 1545 1620 1616 quam
1636 1519 1806 1618 Decalogi
1824 1543 1960 1619 partem
1978 1532 2101 1621 singu·

1118 1619 1173 1690 lae
1190 1623 1395 1692 referendae
1413 1623 1494 1697 sint.

1222 1722 1315 1793 Tota
1337 1738 1453 1795 autem
1483 1719 1569 1796 baec
1600 1729 1758 1803 narratio
1791 1730 1999 1823 simpliciter
2025 1738 2101 1806 sine

1119 1825 1285 1916 allegoria
1315 1826 1552 1918 intelligatur,
1583 1843 1750 1925 tanquam
1775 1837 1955 1927 speculum
1988 1834 2102 1910 hone-

1120 1940 1192 1996 stae
1212 1941 1410 2014 matronae,
1435 1930 1526 2031 sicut
1549 1929 1752 2005 Simonides
1777 1938 1912 2030 inquit:
1947 1940 2101 2012 Felicem
2150 1939 2161 1950 ’

1120 2051 1193 2098 εεεε
1214 2055 1315 2109 eum,
1348 2033 1411 2124 qui
1435 2033 1534 2102 ducit
1559 2058 1704 2105 uxorem
1730 2038 1881 2108 similem
1908 2043 1977 2132 api.
2031 2043 2104 2116 Sed

1120 2126 1205 2200 baec
1222 2144 1294 2201 tota
1312 2133 1473 2203 doctrina
1491 2132 1694 2206 dulcissime
1707 2137 1961 2230 comprehensa
1988 2159 2039 2216 est
2064 2149 2101 2220 in

1120 2233 1215 2301 dicto
1241 2231 1344 2303 Pauli
1376 2235 1419 2332 ad
1443 2230 1693 2308 Timotheum:
1737 2239 1945 2316 Salvabitur
1973 2248 2103 2318 mulier

1120 2358 1183 2424 per
1191 2333 1345 2405 liliorum
1356 2337 1631 2436 generationem,
1647 2341 1676 2410 si
1686 2346 1880 2418 manserint
1893 2350 1932 2416 in
1947 2349 2028 2436 lide,
2044 2352 2100 2420 di-

1120 2437 1282 2523 lectione,
1296 2439 1618 2512 sanctificationeet
1631 2448 1874 2536 temperantia.
1908 2447 1978 2520 Ubi
1995 2454 2100 2524 etiam

1119 2539 1327 2632 praecipuae
1342 2541 1490 2612 virtutes
1506 2555 1542 2612 et
1555 2544 1669 2614 officia
1687 2549 1883 2622 vocationis
1896 2553 2101 2634 recitantur.

1118 2639 1258 2710 Diserte
1281 2643 1443 2713 nominat
1460 2641 1592 2713 Paulus
1615 2645 1760 2735 Fidem,
1792 2652 1957 2725 videlicet
1981 2681 2099 2728 veram

1119 2743 1334 2831 agnitionem
1348 2742 1435 2830 Dei,
1451 2758 1484 2816 et
1500 2745 1665 2818 fiduciam
1681 2747 1767 2820 Filii
1783 2750 1869 2841 Dei,
1891 2779 1981 2850 quae
1999 2784 2102 2851 prae-

1120 2846 1237 2914 lucere
1266 2845 1648 2920 omnibus'virtutibus
1675 2854 1790 2928 debet.
1849 2854 2004 2930 Etcum
2036 2857 2101 2930 hac

1119 2947 1188 3015 lide
1201 2961 1340 3039 accepta
1358 2962 1410 3019 est
1427 2949 1587 3020 remissio
1612 2969 1855 3046 peccatorum,

1118 3048 1236 3133 liatio,
1263 3044 1509 3122 ethaereditas
1526 3053 1618 3123 vitae
1632 3070 1813 3145 aeternae,
1839 3061 1945 3133 simul
1967 3066 2006 3135 in
2024 3090 2102 3136 cor-

1118 3150 1224 3220 dibus
1241 3174 1333 3222 nova
1347 3151 1426 3237 lux,
1444 3153 1533 3239 vita,
1549 3167 1582 3225 et
1599 3155 1737 3230 iusticia
1756 3185 1900 3234 accensa
1913 3179 1983 3253 est,
2005 3167 2100 3238 iuxta
2115 3183 2120 3190 “

1118 3253 1270 3325 dictum:
1298 3251 1614 3326 Transsormamnr
1629 3261 1673 3328 ad
1689 3261 1882 3354 imaginem
1899 3268 1995 3354 eius,
2022 3285 2101 3340 tan-

1118 3377 1224 3446 quam
1247 3378 1266 3424 a
1287 3353 1436 3426 Domini
1452 3355 1604 3446 Spiritu.
1653 3358 1744 3432 Cum
1767 3365 1877 3455 igitur
1901 3369 1969 3440 fide
1989 3395 2101 3462 agno-

1118 3455 1227 3525 scitur
1239 3455 1352 3541 Deus,
1367 3470 1402 3527 et
1416 3470 1555 3528 ostensa
1571 3472 1623 3530 est
1639 3462 1900 3539 miscericordia
1910 3466 1996 3558 Dei,
2017 3497 2101 3566 pro-

1118 3569 1195 3655 pter
1210 3555 1445 3628 Mediatorem
1469 3561 1658 3650 promissa,
1684 3566 1801 3638 simul
1816 3573 2022 3646 accenditur
2044 3577 2102 3644 di-

1117 3657 1223 3728 lectio
1240 3657 1307 3729 Dei
1323 3659 1363 3730 in
1379 3661 1564 3748 cordibus,
1589 3676 1625 3735 et
1641 3690 1721 3737 vcra
1738 3669 1936 3758 invocatio,
1962 3688 2003 3745 nt
2019 3702 2099 3748 cum

1117 3758 1212 3832 Solis
1228 3761 1306 3832 luce
1318 3763 1428 3832 simul
1441 3763 1537 3834 calor
1550 3767 1739 3859 spargitur.
1765 3770 1981 3847 Nominatur
1988 3777 2102 3849 Filius

1117 3859 1185 3938 Dei
1209 3859 1272 3933 Sol
1296 3863 1473 3946 iustitiae,
1504 3868 1587 3959 qnia
1610 3883 1643 3940 et
1666 3869 1801 3956 lucem,
1825 3865 1956 3964 idest,
1981 3904 2099 3950 veram
2190 3874 2192 3880 ’

1117 3963 1285 4035 noticiam
1303 3966 1570 4038 misericordiae
1601 3971 1735 4058 adsert,
1772 3990 1805 4046 et

1117 4065 1285 4137 ostendit.
1336 4064 1386 4137 Et
1410 4093 1527 4140 veram
1551 4073 1721 4144 noticiam
1744 4078 2006 4152 misericordiae
2032 4084 2099 4155 Dei
2117 4125 2124 4169 ,·

1117 4167 1333 4238 comitantur
1354 4169 1497 4242 dilectio
1510 4171 1603 4260 Dei,
1629 4187 1663 4246 et
1685 4176 1864 4250 invocatio
1887 4196 1923 4254 et
1945 4199 2100 4257 caeterae

1116 4269 1276 4341 virtutes.
1331 4269 1448 4341 David
1474 4274 1594 4345 audita
1617 4301 1720 4348 voce:
1755 4277 1933 4355 Dominus
1954 4288 2100 4360 abstulit

1117 4383 1298 4461 peccatum
1320 4385 1439 4458 tuum,
1463 4376 1660 4464 reviviscit,
1686 4384 1787 4454 novit
1800 4381 1933 4472 Deum,
1959 4404 1993 4461 et
2013 4415 2050 4460 se
2067 4393 2098 4461 ei

992 4481 994 4484 ’
1116 4473 1280 4560 subiicit,
1305 4473 1424 4565 diligit
1444 4489 1478 4547 et
1500 4478 1643 4553 invocat
1662 4505 1753 4552 enm.
1807 4483 1858 4557 Ita
1878 4486 2011 4562 Paulus
2032 4489 2099 4562 hoc

1117 4574 1194 4644 vult
1217 4575 1255 4644 in
1278 4589 1458 4663 matrona,
1484 4579 1608 4662 fidem,
1643 4585 1679 4653 id
1705 4599 1777 4671 est,
1802 4612 1921 4659 veram
1944 4595 2098 4684 agnitio-

1116 4699 1199 4745 nem
1215 4673 1284 4746 Dei
1298 4691 1332 4748 et
1348 4679 1512 4750 fiduciam
1528 4681 1794 4758 miserirordiae
1808 4690 1937 4764 lucere.

1218 4775 1359 4849 Deinde
1376 4781 1539 4874 adiungit
1560 4800 1713 4858 caeteras
1734 4790 1898 4879 virtutes,
1924 4791 2096 4868 Dilectio-

1116 4901 1196 4948 nem
1219 4875 1288 4949 Dei
1310 4895 1344 4952 et
1364 4885 1518 4972 proximi
1544 4902 1689 4979 propter
1712 4886 1847 4979 Deum,
1873 4896 2098 4971 dilectionem

1116 4980 1236 5052 mariti
1255 4995 1289 5052 et
1304 4985 1447 5059 sobolis.
1499 4985 1819 5063 sanctificationem
1836 4996 1997 5072 nominat
2022 5027 2097 5073 earn

1098 5083 1305 5170 'virtutem,
1327 5108 1416 5179 quae
1439 5087 1567 5160 usitate
1581 5087 1732 5164 Castitas
1755 5096 1897 5182 dicitur.
1949 5097 2015 5182 Est
2035 5128 2099 5175 au-

1116 5197 1186 5255 tem
1202 5183 1371 5270 Castitas,
1397 5203 1438 5261 ut
1460 5211 1525 5261 suo
1550 5192 1629 5263 loco
1655 5197 1828 5287 prolixius
1849 5200 2000 5285 dicitur,
2026 5207 2102 5276 vir-

1117 5299 1175 5358 tus
1198 5312 1287 5382 quae
1309 5313 1433 5362 omnes
1456 5292 1722 5431 commixgiones
1752 5321 1812 5370 seu
1844 5303 1989 5378 seminis
2012 5303 2105 5378 elluss

1882 2973 1916 3030 et
1940 2967 2102 3033 reconci·
2225 2953 2233 2968 '

1836 4003 1957 4048 verum
1983 3977 2099 4053 Deum
2212 3994 2218 4007 '
