<?xml version="1.0" encoding="UTF-8"?>
<!DOCTYPE html PUBLIC "-//W3C//DTD XHTML 1.0 Transitional//EN"
    "http://www.w3.org/TR/xhtml1/DTD/xhtml1-transitional.dtd">
<html xmlns="http://www.w3.org/1999/xhtml" xml:lang="en" lang="en">
 <head>
  <title>
</title>
<meta http-equiv="Content-Type" content="text/html;charset=utf-8" />
  <meta name='ocr-system' content='tesseract 3.04.00' />
  <meta name='ocr-capabilities' content='ocr_page ocr_carea ocr_par ocr_line ocrx_word'/>
</head>
<body>
  <div class='ocr_page' id='page_1' title='image "./corpusreformato24melagoog/corpusreformato24melagoog_0040.png"; bbox 0 0 4714 5826; ppageno 0'>
   <div class='ocr_carea' id='block_1_1' title="bbox 482 131 2094 244">
    <p class='ocr_par' dir='ltr' id='par_1_1' title="bbox 482 131 2094 244">
     <span class='ocr_line' id='line_1_1' title="bbox 482 131 2094 244; baseline 0.002 -4"><span class='ocrx_word' id='word_1_1' title='bbox 482 165 527 240; x_wconf 78' lang='lat' dir='ltr'>rc</span> <span class='ocrx_word' id='word_1_2' title='bbox 579 131 887 237; x_wconf 78' lang='lat' dir='ltr'>rxrutcarto</span> <span class='ocrx_word' id='word_1_3' title='bbox 920 156 1333 237; x_wconf 81' lang='lat' dir='ltr'>ruovuaatouutu</span> <span class='ocrx_word' id='word_1_4' title='bbox 1369 149 1671 237; x_wconf 79' lang='lat' dir='ltr'>sarououts.</span> <span class='ocrx_word' id='word_1_5' title='bbox 2043 169 2094 244; x_wconf 82' lang='lat' dir='ltr'>at</span> 
     </span>
    </p>
   </div>
   <div class='ocr_carea' id='block_1_2' title="bbox 59 323 2196 4898">
    <p class='ocr_par' dir='ltr' id='par_1_2' title="bbox 59 323 2196 4898">
     <span class='ocr_line' id='line_1_2' title="bbox 188 323 2089 436; baseline -0.001 -23"><span class='ocrx_word' id='word_1_6' title='bbox 188 342 256 413; x_wconf 89' lang='lat' dir='ltr'>ltem</span> <span class='ocrx_word' id='word_1_7' title='bbox 272 333 528 410; x_wconf 67' lang='lat' dir='ltr'>Matthaeus:</span> <span class='ocrx_word' id='word_1_8' title='bbox 556 335 659 410; x_wconf 85' lang='lat' dir='ltr'>Unus</span> <span class='ocrx_word' id='word_1_9' title='bbox 680 337 723 406; x_wconf 86' lang='lat' dir='ltr'>de</span> <span class='ocrx_word' id='word_1_10' title='bbox 747 336 822 406; x_wconf 89' lang='lat' dir='ltr'>istis</span> <span class='ocrx_word' id='word_1_11' title='bbox 846 336 1045 429; x_wconf 75' lang='lat' dir='ltr'>passeribus</span> <span class='ocrx_word' id='word_1_12' title='bbox 1097 323 1313 404; x_wconf 77' lang='lat' dir='ltr'>Maledictus</span> <span class='ocrx_word' id='word_1_13' title='bbox 1352 332 1413 425; x_wconf 89' lang='lat' dir='ltr'>qui</span> <span class='ocrx_word' id='word_1_14' title='bbox 1433 335 1609 405; x_wconf 81' lang='lat' dir='ltr'>transfert</span> <span class='ocrx_word' id='word_1_15' title='bbox 1638 336 1809 408; x_wconf 88' lang='lat' dir='ltr'>terminos</span> <span class='ocrx_word' id='word_1_16' title='bbox 1841 340 2089 436; x_wconf 78' lang='lat' dir='ltr'>proximitui.</span> 
     </span>
     <span class='ocr_line' id='line_1_3' title="bbox 118 429 2088 532; baseline -0.004 -12"><span class='ocrx_word' id='word_1_17' title='bbox 118 471 166 520; x_wconf 87' lang='lat' dir='ltr'>nott</span> <span class='ocrx_word' id='word_1_18' title='bbox 178 445 257 516; x_wconf 86' lang='lat' dir='ltr'>cadet</span> <span class='ocrx_word' id='word_1_19' title='bbox 269 462 369 529; x_wconf 86' lang='lat' dir='ltr'>super</span> <span class='ocrx_word' id='word_1_20' title='bbox 382 453 527 523; x_wconf 86' lang='lat' dir='ltr'>terrant,</span> <span class='ocrx_word' id='word_1_21' title='bbox 552 440 629 510; x_wconf 91' lang='lat' dir='ltr'>sine</span> <span class='ocrx_word' id='word_1_22' title='bbox 647 437 948 530; x_wconf 89' lang='lat' dir='ltr'>voluntatepatris</span> <span class='ocrx_word' id='word_1_23' title='bbox 964 437 1044 510; x_wconf 89' lang='lat' dir='ltr'>mei.</span> <span class='ocrx_word' id='word_1_24' title='bbox 1096 429 1145 505; x_wconf 82' lang='lat' dir='ltr'>Et</span> <span class='ocrx_word' id='word_1_25' title='bbox 1170 432 1209 501; x_wconf 91' lang='lat' dir='ltr'>in</span> <span class='ocrx_word' id='word_1_26' title='bbox 1233 433 1271 507; x_wconf 85' lang='lat' dir='ltr'>ff.</span> <span class='ocrx_word' id='word_1_27' title='bbox 1295 433 1350 506; x_wconf 86' lang='lat' dir='ltr'>tit.</span> <span class='ocrx_word' id='word_1_28' title='bbox 1373 435 1417 503; x_wconf 91' lang='lat' dir='ltr'>de</span> <span class='ocrx_word' id='word_1_29' title='bbox 1440 435 1594 505; x_wconf 88' lang='lat' dir='ltr'>termino</span> <span class='ocrx_word' id='word_1_30' title='bbox 1618 450 1736 517; x_wconf 88' lang='lat' dir='ltr'>moto,</span> <span class='ocrx_word' id='word_1_31' title='bbox 1770 441 1864 532; x_wconf 76' lang='lat' dir='ltr'>leges</span> <span class='ocrx_word' id='word_1_32' title='bbox 1887 456 1969 511; x_wconf 90' lang='lat' dir='ltr'>suut</span> <span class='ocrx_word' id='word_1_33' title='bbox 1993 441 2088 526; x_wconf 89' lang='lat' dir='ltr'>lulii,</span> 
     </span>
     <span class='ocr_line' id='line_1_4' title="bbox 186 531 2087 638; baseline 0.001 -24"><span class='ocrx_word' id='word_1_34' title='bbox 186 543 273 616; x_wconf 91' lang='lat' dir='ltr'>ltem:</span> <span class='ocrx_word' id='word_1_35' title='bbox 298 537 434 612; x_wconf 84' lang='lat' dir='ltr'>Omnes</span> <span class='ocrx_word' id='word_1_36' title='bbox 456 543 575 634; x_wconf 92' lang='lat' dir='ltr'>capilli</span> <span class='ocrx_word' id='word_1_37' title='bbox 599 539 723 633; x_wconf 87' lang='lat' dir='ltr'>capitis</span> <span class='ocrx_word' id='word_1_38' title='bbox 746 541 852 610; x_wconf 87' lang='lat' dir='ltr'>vestri</span> <span class='ocrx_word' id='word_1_39' title='bbox 867 540 1045 611; x_wconf 86' lang='lat' dir='ltr'>numerati</span> <span class='ocrx_word' id='word_1_40' title='bbox 1096 533 1234 606; x_wconf 86' lang='lat' dir='ltr'>Nervae</span> <span class='ocrx_word' id='word_1_41' title='bbox 1255 549 1290 606; x_wconf 91' lang='lat' dir='ltr'>et</span> <span class='ocrx_word' id='word_1_42' title='bbox 1306 531 1459 606; x_wconf 80' lang='lat' dir='ltr'>Adriani</span> <span class='ocrx_word' id='word_1_43' title='bbox 1483 537 1529 608; x_wconf 89' lang='lat' dir='ltr'>de</span> <span class='ocrx_word' id='word_1_44' title='bbox 1551 539 1677 629; x_wconf 90' lang='lat' dir='ltr'>poenis</span> <span class='ocrx_word' id='word_1_45' title='bbox 1700 562 1844 629; x_wconf 84' lang='lat' dir='ltr'>eorum,</span> <span class='ocrx_word' id='word_1_46' title='bbox 1871 544 1933 638; x_wconf 89' lang='lat' dir='ltr'>qui</span> <span class='ocrx_word' id='word_1_47' title='bbox 1955 545 2087 617; x_wconf 91' lang='lat' dir='ltr'>limites</span> 
     </span>
     <span class='ocr_line' id='line_1_5' title="bbox 116 637 1283 722; baseline -0.011 0"><span class='ocrx_word' id='word_1_48' title='bbox 116 663 178 722; x_wconf 87' lang='lat' dir='ltr'>unt.</span> <span class='ocrx_word' id='word_1_49' title='bbox 224 645 283 716; x_wconf 88' lang='lat' dir='ltr'>llis</span> <span class='ocrx_word' id='word_1_50' title='bbox 303 656 337 714; x_wconf 86' lang='lat' dir='ltr'>et</span> <span class='ocrx_word' id='word_1_51' title='bbox 361 643 536 716; x_wconf 85' lang='lat' dir='ltr'>similibus</span> <span class='ocrx_word' id='word_1_52' title='bbox 560 642 771 716; x_wconf 80' lang='lat' dir='ltr'>testimoniis</span> <span class='ocrx_word' id='word_1_53' title='bbox 797 643 1045 714; x_wconf 84' lang='lat' dir='ltr'>confirmemus</span> <span class='ocrx_word' id='word_1_54' title='bbox 1096 637 1283 709; x_wconf 79' lang='lat' dir='ltr'>effodiunt.</span> 
     </span>
     <span class='ocr_line' id='line_1_6' title="bbox 115 737 2086 836; baseline -0.002 -15"><span class='ocrx_word' id='word_1_55' title='bbox 115 741 468 836; x_wconf 79' lang='lat' dir='ltr'>uotcoutrallpicureos</span> <span class='ocrx_word' id='word_1_56' title='bbox 484 747 629 818; x_wconf 88' lang='lat' dir='ltr'>lurores.</span> <span class='ocrx_word' id='word_1_57' title='bbox 674 741 880 817; x_wconf 85' lang='lat' dir='ltr'>intueamur</span> <span class='ocrx_word' id='word_1_58' title='bbox 895 759 929 817; x_wconf 92' lang='lat' dir='ltr'>et</span> <span class='ocrx_word' id='word_1_59' title='bbox 944 769 1043 814; x_wconf 90' lang='lat' dir='ltr'>man·</span> <span class='ocrx_word' id='word_1_60' title='bbox 1197 737 1270 810; x_wconf 88' lang='lat' dir='ltr'>Nec</span> <span class='ocrx_word' id='word_1_61' title='bbox 1298 755 1521 833; x_wconf 89' lang='lat' dir='ltr'>praeceptum</span> <span class='ocrx_word' id='word_1_62' title='bbox 1552 741 1745 812; x_wconf 84' lang='lat' dir='ltr'>obscurum</span> <span class='ocrx_word' id='word_1_63' title='bbox 1769 759 1837 830; x_wconf 89' lang='lat' dir='ltr'>est,</span> <span class='ocrx_word' id='word_1_64' title='bbox 1869 748 1932 816; x_wconf 87' lang='lat' dir='ltr'>sed</span> <span class='ocrx_word' id='word_1_65' title='bbox 1958 748 2086 820; x_wconf 82' lang='lat' dir='ltr'>citetur</span> 
     </span>
     <span class='ocr_line' id='line_1_7' title="bbox 114 842 2086 943; baseline 0 -21"><span class='ocrx_word' id='word_1_66' title='bbox 114 857 167 922; x_wconf 89' lang='lat' dir='ltr'>data</span> <span class='ocrx_word' id='word_1_67' title='bbox 178 847 231 920; x_wconf 90' lang='lat' dir='ltr'>Dei</span> <span class='ocrx_word' id='word_1_68' title='bbox 244 851 284 919; x_wconf 92' lang='lat' dir='ltr'>de</span> <span class='ocrx_word' id='word_1_69' title='bbox 295 849 455 942; x_wconf 87' lang='lat' dir='ltr'>petendis</span> <span class='ocrx_word' id='word_1_70' title='bbox 467 848 712 943; x_wconf 88' lang='lat' dir='ltr'>corporalibus</span> <span class='ocrx_word' id='word_1_71' title='bbox 726 848 772 918; x_wconf 91' lang='lat' dir='ltr'>ab</span> <span class='ocrx_word' id='word_1_72' title='bbox 787 847 884 939; x_wconf 89' lang='lat' dir='ltr'>ipso,</span> <span class='ocrx_word' id='word_1_73' title='bbox 910 861 944 916; x_wconf 89' lang='lat' dir='ltr'>et</span> <span class='ocrx_word' id='word_1_74' title='bbox 961 871 1044 938; x_wconf 92' lang='lat' dir='ltr'>pro·</span> <span class='ocrx_word' id='word_1_75' title='bbox 1096 842 1301 942; x_wconf 71' lang='lat' dir='ltr'>allegorice,</span> <span class='ocrx_word' id='word_1_76' title='bbox 1327 847 1371 912; x_wconf 89' lang='lat' dir='ltr'>de</span> <span class='ocrx_word' id='word_1_77' title='bbox 1391 868 1466 913; x_wconf 92' lang='lat' dir='ltr'>non</span> <span class='ocrx_word' id='word_1_78' title='bbox 1488 842 1670 913; x_wconf 88' lang='lat' dir='ltr'>mutandis</span> <span class='ocrx_word' id='word_1_79' title='bbox 1696 845 1853 936; x_wconf 82' lang='lat' dir='ltr'>legibus,</span> <span class='ocrx_word' id='word_1_80' title='bbox 1879 871 1967 940; x_wconf 90' lang='lat' dir='ltr'>quas</span> <span class='ocrx_word' id='word_1_81' title='bbox 1985 866 2086 922; x_wconf 84' lang='lat' dir='ltr'>vetu-</span> 
     </span>
     <span class='ocr_line' id='line_1_8' title="bbox 114 944 2085 1044; baseline -0.001 -22"><span class='ocrx_word' id='word_1_82' title='bbox 114 953 266 1034; x_wconf 86' lang='lat' dir='ltr'>nissiones,</span> <span class='ocrx_word' id='word_1_83' title='bbox 308 974 399 1044; x_wconf 90' lang='lat' dir='ltr'>quae</span> <span class='ocrx_word' id='word_1_84' title='bbox 438 949 543 1022; x_wconf 87' lang='lat' dir='ltr'>etiarn</span> <span class='ocrx_word' id='word_1_85' title='bbox 575 963 661 1022; x_wconf 89' lang='lat' dir='ltr'>sunt</span> <span class='ocrx_word' id='word_1_86' title='bbox 687 949 889 1020; x_wconf 89' lang='lat' dir='ltr'>testimonia</span> <span class='ocrx_word' id='word_1_87' title='bbox 922 949 1043 1042; x_wconf 87' lang='lat' dir='ltr'>provi·</span> <span class='ocrx_word' id='word_1_88' title='bbox 1096 960 1165 1016; x_wconf 86' lang='lat' dir='ltr'>stes</span> <span class='ocrx_word' id='word_1_89' title='bbox 1195 945 1295 1032; x_wconf 84' lang='lat' dir='ltr'>gravi</span> <span class='ocrx_word' id='word_1_90' title='bbox 1317 945 1506 1018; x_wconf 88' lang='lat' dir='ltr'>autoritate</span> <span class='ocrx_word' id='word_1_91' title='bbox 1527 944 1692 1030; x_wconf 82' lang='lat' dir='ltr'>tradidit,</span> <span class='ocrx_word' id='word_1_92' title='bbox 1725 948 1756 1016; x_wconf 89' lang='lat' dir='ltr'>si</span> <span class='ocrx_word' id='word_1_93' title='bbox 1779 951 1919 1021; x_wconf 90' lang='lat' dir='ltr'>nonsit</span> <span class='ocrx_word' id='word_1_94' title='bbox 1941 951 2085 1021; x_wconf 89' lang='lat' dir='ltr'>evidens</span> 
     </span>
     <span class='ocr_line' id='line_1_9' title="bbox 112 1047 2085 1142; baseline 0.004 -27"><span class='ocrx_word' id='word_1_95' title='bbox 112 1055 219 1128; x_wconf 67' lang='lat' dir='ltr'>dentiae,</span> <span class='ocrx_word' id='word_1_96' title='bbox 1095 1048 1293 1121; x_wconf 88' lang='lat' dir='ltr'>necessitas.</span> <span class='ocrx_word' id='word_1_97' title='bbox 1346 1047 1437 1118; x_wconf 87' lang='lat' dir='ltr'>Nam</span> <span class='ocrx_word' id='word_1_98' title='bbox 1467 1049 1560 1118; x_wconf 91' lang='lat' dir='ltr'>inter</span> <span class='ocrx_word' id='word_1_99' title='bbox 1589 1063 1775 1139; x_wconf 89' lang='lat' dir='ltr'>praecepta</span> <span class='ocrx_word' id='word_1_100' title='bbox 1803 1052 1895 1122; x_wconf 88' lang='lat' dir='ltr'>vitae</span> <span class='ocrx_word' id='word_1_101' title='bbox 1921 1053 2085 1142; x_wconf 87' lang='lat' dir='ltr'>politicae</span> 
     </span>
     <span class='ocr_line' id='line_1_10' title="bbox 182 1143 2084 1241; baseline 0.001 -17"><span class='ocrx_word' id='word_1_102' title='bbox 182 1155 303 1224; x_wconf 87' lang='lat' dir='ltr'>Deinde</span> <span class='ocrx_word' id='word_1_103' title='bbox 327 1149 395 1224; x_wconf 90' lang='lat' dir='ltr'>hoc</span> <span class='ocrx_word' id='word_1_104' title='bbox 410 1153 582 1238; x_wconf 90' lang='lat' dir='ltr'>sciamus,</span> <span class='ocrx_word' id='word_1_105' title='bbox 607 1155 652 1224; x_wconf 94' lang='lat' dir='ltr'>de</span> <span class='ocrx_word' id='word_1_106' title='bbox 669 1154 850 1224; x_wconf 89' lang='lat' dir='ltr'>voluntate</span> <span class='ocrx_word' id='word_1_107' title='bbox 864 1151 931 1222; x_wconf 92' lang='lat' dir='ltr'>Dei</span> <span class='ocrx_word' id='word_1_108' title='bbox 949 1153 1042 1222; x_wconf 88' lang='lat' dir='ltr'>iudi·</span> <span class='ocrx_word' id='word_1_109' title='bbox 1097 1143 1164 1217; x_wconf 89' lang='lat' dir='ltr'>hoc</span> <span class='ocrx_word' id='word_1_110' title='bbox 1185 1173 1325 1241; x_wconf 89' lang='lat' dir='ltr'>quoque</span> <span class='ocrx_word' id='word_1_111' title='bbox 1348 1173 1449 1240; x_wconf 85' lang='lat' dir='ltr'>saepe</span> <span class='ocrx_word' id='word_1_112' title='bbox 1465 1147 1654 1239; x_wconf 89' lang='lat' dir='ltr'>repetitum</span> <span class='ocrx_word' id='word_1_113' title='bbox 1671 1164 1741 1235; x_wconf 88' lang='lat' dir='ltr'>est,</span> <span class='ocrx_word' id='word_1_114' title='bbox 1768 1177 1841 1220; x_wconf 91' lang='lat' dir='ltr'>non</span> <span class='ocrx_word' id='word_1_115' title='bbox 1858 1167 1988 1223; x_wconf 90' lang='lat' dir='ltr'>temere</span> <span class='ocrx_word' id='word_1_116' title='bbox 2005 1169 2084 1225; x_wconf 84' lang='lat' dir='ltr'>mtt-</span> 
     </span>
     <span class='ocr_line' id='line_1_11' title="bbox 112 1251 2083 1346; baseline 0.001 -19"><span class='ocrx_word' id='word_1_117' title='bbox 112 1259 220 1328; x_wconf 86' lang='lat' dir='ltr'>cardum</span> <span class='ocrx_word' id='word_1_118' title='bbox 242 1279 309 1326; x_wconf 88' lang='lat' dir='ltr'>esse</span> <span class='ocrx_word' id='word_1_119' title='bbox 329 1280 370 1325; x_wconf 83' lang='lat' dir='ltr'>ex</span> <span class='ocrx_word' id='word_1_120' title='bbox 395 1255 505 1346; x_wconf 93' lang='lat' dir='ltr'>ipsius</span> <span class='ocrx_word' id='word_1_121' title='bbox 528 1258 656 1340; x_wconf 86' lang='lat' dir='ltr'>verbo,</span> <span class='ocrx_word' id='word_1_122' title='bbox 681 1257 773 1325; x_wconf 89' lang='lat' dir='ltr'>sicut</span> <span class='ocrx_word' id='word_1_123' title='bbox 795 1256 941 1326; x_wconf 91' lang='lat' dir='ltr'>dicitur:</span> <span class='ocrx_word' id='word_1_124' title='bbox 955 1255 1042 1324; x_wconf 77' lang='lat' dir='ltr'>&#39;lm-</span> <span class='ocrx_word' id='word_1_125' title='bbox 1095 1253 1221 1344; x_wconf 79' lang='lat' dir='ltr'>landas</span> <span class='ocrx_word' id='word_1_126' title='bbox 1235 1274 1308 1320; x_wconf 87' lang='lat' dir='ltr'>esse</span> <span class='ocrx_word' id='word_1_127' title='bbox 1321 1263 1455 1320; x_wconf 89' lang='lat' dir='ltr'>veteres</span> <span class='ocrx_word' id='word_1_128' title='bbox 1469 1251 1573 1342; x_wconf 80' lang='lat' dir='ltr'>leges,</span> <span class='ocrx_word' id='word_1_129' title='bbox 1597 1262 1686 1320; x_wconf 90' lang='lat' dir='ltr'>utet</span> <span class='ocrx_word' id='word_1_130' title='bbox 1700 1276 1822 1324; x_wconf 89' lang='lat' dir='ltr'>versus</span> <span class='ocrx_word' id='word_1_131' title='bbox 1836 1268 1973 1327; x_wconf 89' lang='lat' dir='ltr'>mouet:</span> <span class='ocrx_word' id='word_1_132' title='bbox 2000 1255 2083 1328; x_wconf 91' lang='lat' dir='ltr'>Mo-</span> 
     </span>
     <span class='ocr_line' id='line_1_12' title="bbox 112 1351 1885 1450; baseline -0.001 -22"><span class='ocrx_word' id='word_1_133' title='bbox 112 1382 183 1428; x_wconf 85' lang='lat' dir='ltr'>terua</span> <span class='ocrx_word' id='word_1_134' title='bbox 200 1359 337 1450; x_wconf 86' lang='lat' dir='ltr'>pedibus</span> <span class='ocrx_word' id='word_1_135' title='bbox 358 1358 446 1426; x_wconf 90' lang='lat' dir='ltr'>meis</span> <span class='ocrx_word' id='word_1_136' title='bbox 467 1358 616 1427; x_wconf 89' lang='lat' dir='ltr'>verbum</span> <span class='ocrx_word' id='word_1_137' title='bbox 641 1372 755 1429; x_wconf 89' lang='lat' dir='ltr'>tuum.</span> <span class='ocrx_word' id='word_1_138' title='bbox 821 1353 967 1426; x_wconf 84' lang='lat' dir='ltr'>Necesse</span> <span class='ocrx_word' id='word_1_139' title='bbox 993 1370 1044 1426; x_wconf 88' lang='lat' dir='ltr'>est</span> <span class='ocrx_word' id='word_1_140' title='bbox 1096 1353 1195 1422; x_wconf 90' lang='lat' dir='ltr'>ribus</span> <span class='ocrx_word' id='word_1_141' title='bbox 1211 1353 1366 1446; x_wconf 83' lang='lat' dir='ltr'>antiquis</span> <span class='ocrx_word' id='word_1_142' title='bbox 1383 1377 1438 1422; x_wconf 89' lang='lat' dir='ltr'>res</span> <span class='ocrx_word' id='word_1_143' title='bbox 1455 1366 1523 1423; x_wconf 90' lang='lat' dir='ltr'>stat</span> <span class='ocrx_word' id='word_1_144' title='bbox 1538 1351 1702 1424; x_wconf 87' lang='lat' dir='ltr'>Romana</span> <span class='ocrx_word' id='word_1_145' title='bbox 1719 1355 1885 1449; x_wconf 88' lang='lat' dir='ltr'>virisque.</span> 
     </span>
     <span class='ocr_line' id='line_1_13' title="bbox 111 1449 2083 1553; baseline 0.002 -26"><span class='ocrx_word' id='word_1_146' title='bbox 111 1461 185 1548; x_wconf 72' lang='lat' dir='ltr'>igitur</span> <span class='ocrx_word' id='word_1_147' title='bbox 200 1461 430 1550; x_wconf 86' lang='lat' dir='ltr'>obtemperare</span> <span class='ocrx_word' id='word_1_148' title='bbox 450 1459 561 1528; x_wconf 88' lang='lat' dir='ltr'>verbo</span> <span class='ocrx_word' id='word_1_149' title='bbox 578 1457 666 1544; x_wconf 91' lang='lat' dir='ltr'>Dei,</span> <span class='ocrx_word' id='word_1_150' title='bbox 691 1459 826 1529; x_wconf 91' lang='lat' dir='ltr'>etiarnsi</span> <span class='ocrx_word' id='word_1_151' title='bbox 843 1459 927 1530; x_wconf 90' lang='lat' dir='ltr'>iusti</span> <span class='ocrx_word' id='word_1_152' title='bbox 942 1481 1043 1550; x_wconf 86' lang='lat' dir='ltr'>saepe</span> <span class='ocrx_word' id='word_1_153' title='bbox 1197 1449 1250 1522; x_wconf 89' lang='lat' dir='ltr'>Ac</span> <span class='ocrx_word' id='word_1_154' title='bbox 1266 1467 1350 1524; x_wconf 90' lang='lat' dir='ltr'>nota</span> <span class='ocrx_word' id='word_1_155' title='bbox 1364 1455 1409 1524; x_wconf 89' lang='lat' dir='ltr'>sit</span> <span class='ocrx_word' id='word_1_156' title='bbox 1424 1455 1591 1524; x_wconf 90' lang='lat' dir='ltr'>omnibus</span> <span class='ocrx_word' id='word_1_157' title='bbox 1605 1457 1760 1527; x_wconf 89' lang='lat' dir='ltr'>narratio</span> <span class='ocrx_word' id='word_1_158' title='bbox 1777 1482 1867 1551; x_wconf 88' lang='lat' dir='ltr'>quae</span> <span class='ocrx_word' id='word_1_159' title='bbox 1881 1471 1973 1530; x_wconf 85' lang='lat' dir='ltr'>extat</span> <span class='ocrx_word' id='word_1_160' title='bbox 1988 1465 2083 1553; x_wconf 85' lang='lat' dir='ltr'>apud</span> 
     </span>
     <span class='ocr_line' id='line_1_14' title="bbox 110 1551 2085 1654; baseline 0.001 -25"><span class='ocrx_word' id='word_1_161' title='bbox 110 1563 205 1630; x_wconf 88' lang='lat' dir='ltr'>duriter</span> <span class='ocrx_word' id='word_1_162' title='bbox 217 1561 426 1651; x_wconf 78' lang='lat' dir='ltr'>affliguntur,</span> <span class='ocrx_word' id='word_1_163' title='bbox 453 1561 538 1654; x_wconf 83' lang='lat' dir='ltr'>quia</span> <span class='ocrx_word' id='word_1_164' title='bbox 552 1576 666 1632; x_wconf 90' lang='lat' dir='ltr'>certae</span> <span class='ocrx_word' id='word_1_165' title='bbox 680 1574 909 1641; x_wconf 88' lang='lat' dir='ltr'>causaesttnt,</span> <span class='ocrx_word' id='word_1_166' title='bbox 935 1583 1043 1653; x_wconf 89' lang='lat' dir='ltr'>quare</span> <span class='ocrx_word' id='word_1_167' title='bbox 1095 1551 1368 1626; x_wconf 82' lang='lat' dir='ltr'>Demosthenem</span> <span class='ocrx_word' id='word_1_168' title='bbox 1393 1556 1431 1624; x_wconf 93' lang='lat' dir='ltr'>in</span> <span class='ocrx_word' id='word_1_169' title='bbox 1454 1556 1615 1628; x_wconf 91' lang='lat' dir='ltr'>oratione</span> <span class='ocrx_word' id='word_1_170' title='bbox 1639 1571 1761 1628; x_wconf 92' lang='lat' dir='ltr'>contra</span> <span class='ocrx_word' id='word_1_171' title='bbox 1779 1557 2017 1632; x_wconf 85' lang='lat' dir='ltr'>Timocratem</span> <span class='ocrx_word' id='word_1_172' title='bbox 2040 1566 2085 1632; x_wconf 91' lang='lat' dir='ltr'>de</span> 
     </span>
     <span class='ocr_line' id='line_1_15' title="bbox 109 1655 2084 1760; baseline 0.002 -30"><span class='ocrx_word' id='word_1_173' title='bbox 109 1659 174 1731; x_wconf 85' lang='lat' dir='ltr'>Deus</span> <span class='ocrx_word' id='word_1_174' title='bbox 194 1658 371 1732; x_wconf 80' lang='lat' dir='ltr'>Ecclesiam</span> <span class='ocrx_word' id='word_1_175' title='bbox 401 1662 480 1734; x_wconf 88' lang='lat' dir='ltr'>vult</span> <span class='ocrx_word' id='word_1_176' title='bbox 506 1663 699 1733; x_wconf 89' lang='lat' dir='ltr'>subiectam</span> <span class='ocrx_word' id='word_1_177' title='bbox 731 1685 804 1732; x_wconf 89' lang='lat' dir='ltr'>esse</span> <span class='ocrx_word' id='word_1_178' title='bbox 839 1665 945 1734; x_wconf 87' lang='lat' dir='ltr'>cruci.</span> <span class='ocrx_word' id='word_1_179' title='bbox 995 1659 1042 1734; x_wconf 85' lang='lat' dir='ltr'>Et</span> <span class='ocrx_word' id='word_1_180' title='bbox 1094 1655 1350 1754; x_wconf 84' lang='lat' dir='ltr'>Locrensibus,</span> <span class='ocrx_word' id='word_1_181' title='bbox 1375 1659 1469 1760; x_wconf 87' lang='lat' dir='ltr'>apud</span> <span class='ocrx_word' id='word_1_182' title='bbox 1494 1682 1584 1750; x_wconf 86' lang='lat' dir='ltr'>quos</span> <span class='ocrx_word' id='word_1_183' title='bbox 1604 1658 1660 1726; x_wconf 84' lang='lat' dir='ltr'>lex</span> <span class='ocrx_word' id='word_1_184' title='bbox 1682 1660 1767 1731; x_wconf 87' lang='lat' dir='ltr'>fuit:</span> <span class='ocrx_word' id='word_1_185' title='bbox 1797 1659 1845 1732; x_wconf 84' lang='lat' dir='ltr'>Ut</span> <span class='ocrx_word' id='word_1_186' title='bbox 1869 1664 1898 1731; x_wconf 90' lang='lat' dir='ltr'>si</span> <span class='ocrx_word' id='word_1_187' title='bbox 1922 1663 2001 1756; x_wconf 90' lang='lat' dir='ltr'>quis</span> <span class='ocrx_word' id='word_1_188' title='bbox 2019 1689 2084 1734; x_wconf 91' lang='lat' dir='ltr'>no-</span> 
     </span>
     <span class='ocr_line' id='line_1_16' title="bbox 111 1760 2084 1855; baseline 0.007 -25"><span class='ocrx_word' id='word_1_189' title='bbox 111 1763 409 1835; x_wconf 81' lang='lat' dir='ltr'>nutasitscntentia:</span> <span class='ocrx_word' id='word_1_190' title='bbox 436 1763 574 1835; x_wconf 82' lang='lat' dir='ltr'>Multae</span> <span class='ocrx_word' id='word_1_191' title='bbox 591 1765 839 1839; x_wconf 83' lang='lat' dir='ltr'>tribulationes</span> <span class='ocrx_word' id='word_1_192' title='bbox 856 1766 1042 1845; x_wconf 85' lang='lat' dir='ltr'>iustorum,</span> <span class='ocrx_word' id='word_1_193' title='bbox 1096 1784 1173 1828; x_wconf 82' lang='lat' dir='ltr'>vam</span> <span class='ocrx_word' id='word_1_194' title='bbox 1204 1760 1315 1850; x_wconf 78' lang='lat' dir='ltr'>legem</span> <span class='ocrx_word' id='word_1_195' title='bbox 1345 1761 1483 1832; x_wconf 78' lang='lat' dir='ltr'>laturus</span> <span class='ocrx_word' id='word_1_196' title='bbox 1510 1774 1616 1844; x_wconf 72' lang='lat' dir='ltr'>esset,</span> <span class='ocrx_word' id='word_1_197' title='bbox 1650 1765 1815 1833; x_wconf 74' lang='lat' dir='ltr'>suaderet</span> <span class='ocrx_word' id='word_1_198' title='bbox 1843 1789 1918 1834; x_wconf 82' lang='lat' dir='ltr'>eam</span> <span class='ocrx_word' id='word_1_199' title='bbox 1945 1767 2084 1855; x_wconf 76' lang='lat' dir='ltr'>publice</span> 
     </span>
     <span class='ocr_line' id='line_1_17' title="bbox 110 1861 2085 1960; baseline 0.004 -29"><span class='ocrx_word' id='word_1_200' title='bbox 110 1865 191 1932; x_wconf 82' lang='lat' dir='ltr'>seder</span> <span class='ocrx_word' id='word_1_201' title='bbox 203 1866 358 1950; x_wconf 90' lang='lat' dir='ltr'>omnibus</span> <span class='ocrx_word' id='word_1_202' title='bbox 373 1865 444 1937; x_wconf 85' lang='lat' dir='ltr'>illis</span> <span class='ocrx_word' id='word_1_203' title='bbox 459 1866 625 1936; x_wconf 90' lang='lat' dir='ltr'>liberavit</span> <span class='ocrx_word' id='word_1_204' title='bbox 642 1889 701 1935; x_wconf 88' lang='lat' dir='ltr'>eos</span> <span class='ocrx_word' id='word_1_205' title='bbox 716 1865 824 1937; x_wconf 89' lang='lat' dir='ltr'>Deus.</span> <span class='ocrx_word' id='word_1_206' title='bbox 1095 1861 1187 1930; x_wconf 89' lang='lat' dir='ltr'>collo</span> <span class='ocrx_word' id='word_1_207' title='bbox 1207 1863 1340 1934; x_wconf 88' lang='lat' dir='ltr'>inserto</span> <span class='ocrx_word' id='word_1_208' title='bbox 1359 1863 1397 1931; x_wconf 92' lang='lat' dir='ltr'>in</span> <span class='ocrx_word' id='word_1_209' title='bbox 1413 1863 1599 1956; x_wconf 89' lang='lat' dir='ltr'>laqueum,</span> <span class='ocrx_word' id='word_1_210' title='bbox 1624 1876 1663 1933; x_wconf 88' lang='lat' dir='ltr'>ut</span> <span class='ocrx_word' id='word_1_211' title='bbox 1678 1863 1706 1932; x_wconf 91' lang='lat' dir='ltr'>si</span> <span class='ocrx_word' id='word_1_212' title='bbox 1723 1889 1797 1935; x_wconf 92' lang='lat' dir='ltr'>non</span> <span class='ocrx_word' id='word_1_213' title='bbox 1814 1867 2001 1960; x_wconf 84' lang='lat' dir='ltr'>placuisset</span> <span class='ocrx_word' id='word_1_214' title='bbox 2018 1869 2085 1954; x_wconf 84' lang='lat' dir='ltr'>lex,</span> 
     </span>
     <span class='ocr_line' id='line_1_18' title="bbox 182 1963 1770 2061; baseline 0.001 -25"><span class='ocrx_word' id='word_1_215' title='bbox 182 1964 374 2060; x_wconf 76' lang='lat' dir='ltr'>Quanquam</span> <span class='ocrx_word' id='word_1_216' title='bbox 389 1967 498 2056; x_wconf 83' lang='lat' dir='ltr'>igitur</span> <span class='ocrx_word' id='word_1_217' title='bbox 512 1967 667 2039; x_wconf 85' lang='lat' dir='ltr'>Lazarus</span> <span class='ocrx_word' id='word_1_218' title='bbox 684 1983 735 2038; x_wconf 91' lang='lat' dir='ltr'>est</span> <span class='ocrx_word' id='word_1_219' title='bbox 750 1993 900 2061; x_wconf 90' lang='lat' dir='ltr'>pauper,</span> <span class='ocrx_word' id='word_1_220' title='bbox 924 1982 1042 2037; x_wconf 88' lang='lat' dir='ltr'>tamen</span> <span class='ocrx_word' id='word_1_221' title='bbox 1096 1963 1190 2032; x_wconf 89' lang='lat' dir='ltr'>cives</span> <span class='ocrx_word' id='word_1_222' title='bbox 1204 1989 1285 2034; x_wconf 87' lang='lat' dir='ltr'>mox</span> <span class='ocrx_word' id='word_1_223' title='bbox 1302 1967 1564 2053; x_wconf 83' lang='lat' dir='ltr'>strangularent</span> <span class='ocrx_word' id='word_1_224' title='bbox 1579 1987 1770 2038; x_wconf 89' lang='lat' dir='ltr'>suasorem.</span> 
     </span>
     <span class='ocr_line' id='line_1_19' title="bbox 110 2061 2082 2161; baseline 0.004 -29"><span class='ocrx_word' id='word_1_225' title='bbox 110 2087 160 2132; x_wconf 89' lang='lat' dir='ltr'>noa</span> <span class='ocrx_word' id='word_1_226' title='bbox 179 2081 342 2158; x_wconf 87' lang='lat' dir='ltr'>propterea</span> <span class='ocrx_word' id='word_1_227' title='bbox 365 2069 510 2138; x_wconf 88' lang='lat' dir='ltr'>abiiciat</span> <span class='ocrx_word' id='word_1_228' title='bbox 529 2069 775 2139; x_wconf 67' lang='lat' dir='ltr'>assensionem*</span> <span class='ocrx_word' id='word_1_229' title='bbox 790 2072 833 2139; x_wconf 93' lang='lat' dir='ltr'>de</span> <span class='ocrx_word' id='word_1_230' title='bbox 849 2069 1043 2161; x_wconf 89' lang='lat' dir='ltr'>providen-</span> <span class='ocrx_word' id='word_1_231' title='bbox 1198 2064 1315 2136; x_wconf 90' lang='lat' dir='ltr'>Verba</span> <span class='ocrx_word' id='word_1_232' title='bbox 1338 2061 1591 2136; x_wconf 90' lang='lat' dir='ltr'>Demosthenis</span> <span class='ocrx_word' id='word_1_233' title='bbox 1613 2061 1698 2136; x_wconf 89' lang='lat' dir='ltr'>haec</span> <span class='ocrx_word' id='word_1_234' title='bbox 1720 2084 1813 2140; x_wconf 91' lang='lat' dir='ltr'>suut.</span> <span class='ocrx_word' id='word_1_235' title='bbox 1868 2067 1960 2141; x_wconf 90' lang='lat' dir='ltr'>Volo</span> <span class='ocrx_word' id='word_1_236' title='bbox 1987 2071 2082 2140; x_wconf 94' lang='lat' dir='ltr'>iudi-</span> 
     </span>
     <span class='ocr_line' id='line_1_20' title="bbox 108 2165 2080 2263; baseline 0.005 -30"><span class='ocrx_word' id='word_1_237' title='bbox 108 2165 153 2244; x_wconf 89' lang='lat' dir='ltr'>tia,</span> <span class='ocrx_word' id='word_1_238' title='bbox 171 2171 216 2235; x_wconf 86' lang='lat' dir='ltr'>sed</span> <span class='ocrx_word' id='word_1_239' title='bbox 236 2169 367 2239; x_wconf 89' lang='lat' dir='ltr'>iudicet</span> <span class='ocrx_word' id='word_1_240' title='bbox 390 2193 430 2238; x_wconf 86' lang='lat' dir='ltr'>ex</span> <span class='ocrx_word' id='word_1_241' title='bbox 451 2171 560 2239; x_wconf 85' lang='lat' dir='ltr'>verbo</span> <span class='ocrx_word' id='word_1_242' title='bbox 575 2168 666 2256; x_wconf 89' lang='lat' dir='ltr'>Dei,</span> <span class='ocrx_word' id='word_1_243' title='bbox 691 2173 786 2263; x_wconf 90' lang='lat' dir='ltr'>quod</span> <span class='ocrx_word' id='word_1_244' title='bbox 802 2171 954 2240; x_wconf 88' lang='lat' dir='ltr'>affirmat</span> <span class='ocrx_word' id='word_1_245' title='bbox 970 2193 1043 2239; x_wconf 90' lang='lat' dir='ltr'>esse</span> <span class='ocrx_word' id='word_1_246' title='bbox 1095 2165 1339 2236; x_wconf 86' lang='lat' dir='ltr'>cesLocrense</span> <span class='ocrx_word' id='word_1_247' title='bbox 1355 2170 1553 2258; x_wconf 84' lang='lat' dir='ltr'>exemplum</span> <span class='ocrx_word' id='word_1_248' title='bbox 1570 2167 1671 2238; x_wconf 89' lang='lat' dir='ltr'>vobis</span> <span class='ocrx_word' id='word_1_249' title='bbox 1687 2192 1843 2240; x_wconf 88' lang='lat' dir='ltr'>narrare.</span> <span class='ocrx_word' id='word_1_250' title='bbox 1889 2169 1970 2240; x_wconf 92' lang='lat' dir='ltr'>Nou</span> <span class='ocrx_word' id='word_1_251' title='bbox 1986 2175 2080 2242; x_wconf 90' lang='lat' dir='ltr'>enim</span> 
     </span>
     <span class='ocr_line' id='line_1_21' title="bbox 108 2269 2082 2363; baseline 0.005 -29"><span class='ocrx_word' id='word_1_252' title='bbox 108 2269 334 2352; x_wconf 82' lang='lat' dir='ltr'>providentiam,</span> <span class='ocrx_word' id='word_1_253' title='bbox 364 2284 400 2340; x_wconf 90' lang='lat' dir='ltr'>et</span> <span class='ocrx_word' id='word_1_254' title='bbox 423 2285 653 2362; x_wconf 88' lang='lat' dir='ltr'>sequuturam</span> <span class='ocrx_word' id='word_1_255' title='bbox 684 2294 758 2340; x_wconf 87' lang='lat' dir='ltr'>esse</span> <span class='ocrx_word' id='word_1_256' title='bbox 780 2272 1041 2343; x_wconf 89' lang='lat' dir='ltr'>liberationem.</span> <span class='ocrx_word' id='word_1_257' title='bbox 1096 2269 1286 2338; x_wconf 89' lang='lat' dir='ltr'>deteriores</span> <span class='ocrx_word' id='word_1_258' title='bbox 1310 2269 1407 2339; x_wconf 86' lang='lat' dir='ltr'>eritis</span> <span class='ocrx_word' id='word_1_259' title='bbox 1428 2270 1551 2341; x_wconf 80' lang='lat' dir='ltr'>audito</span> <span class='ocrx_word' id='word_1_260' title='bbox 1574 2270 1753 2358; x_wconf 84' lang='lat' dir='ltr'>exemplo,</span> <span class='ocrx_word' id='word_1_261' title='bbox 1779 2273 1984 2363; x_wconf 87' lang='lat' dir='ltr'>praesertim</span> <span class='ocrx_word' id='word_1_262' title='bbox 2006 2276 2082 2344; x_wconf 92' lang='lat' dir='ltr'>eius</span> 
     </span>
     <span class='ocr_line' id='line_1_22' title="bbox 108 2365 2081 2464; baseline 0.006 -29"><span class='ocrx_word' id='word_1_263' title='bbox 108 2365 169 2436; x_wconf 90' lang='lat' dir='ltr'>llaec</span> <span class='ocrx_word' id='word_1_264' title='bbox 182 2369 211 2438; x_wconf 90' lang='lat' dir='ltr'>in</span> <span class='ocrx_word' id='word_1_265' title='bbox 225 2373 331 2440; x_wconf 85' lang='lat' dir='ltr'>verbo</span> <span class='ocrx_word' id='word_1_266' title='bbox 346 2395 504 2463; x_wconf 85' lang='lat' dir='ltr'>expresse</span> <span class='ocrx_word' id='word_1_267' title='bbox 518 2373 645 2443; x_wconf 88' lang='lat' dir='ltr'>tradita</span> <span class='ocrx_word' id='word_1_268' title='bbox 661 2387 755 2446; x_wconf 90' lang='lat' dir='ltr'>sttnt.</span> <span class='ocrx_word' id='word_1_269' title='bbox 792 2371 912 2460; x_wconf 87' lang='lat' dir='ltr'>Quare</span> <span class='ocrx_word' id='word_1_270' title='bbox 926 2387 1042 2444; x_wconf 91' lang='lat' dir='ltr'>autem</span> <span class='ocrx_word' id='word_1_271' title='bbox 1096 2369 1381 2464; x_wconf 17' lang='lat' dir='ltr'>civitatis,tquae</span> <span class='ocrx_word' id='word_1_272' title='bbox 1403 2365 1561 2440; x_wconf 88' lang='lat' dir='ltr'>honestis</span> <span class='ocrx_word' id='word_1_273' title='bbox 1584 2373 1720 2460; x_wconf 81' lang='lat' dir='ltr'>legibus</span> <span class='ocrx_word' id='word_1_274' title='bbox 1741 2377 1971 2462; x_wconf 81' lang='lat' dir='ltr'>gubernatur.</span> <span class='ocrx_word' id='word_1_275' title='bbox 2023 2369 2081 2446; x_wconf 93' lang='lat' dir='ltr'>llli</span> 
     </span>
     <span class='ocr_line' id='line_1_23' title="bbox 108 2469 2082 2569; baseline 0.005 -32"><span class='ocrx_word' id='word_1_276' title='bbox 108 2469 153 2557; x_wconf 81' lang='lat' dir='ltr'>ipse</span> <span class='ocrx_word' id='word_1_277' title='bbox 165 2471 201 2542; x_wconf 87' lang='lat' dir='ltr'>ait</span> <span class='ocrx_word' id='word_1_278' title='bbox 214 2495 365 2566; x_wconf 83' lang='lat' dir='ltr'>pauper,</span> <span class='ocrx_word' id='word_1_279' title='bbox 390 2488 424 2544; x_wconf 85' lang='lat' dir='ltr'>et</span> <span class='ocrx_word' id='word_1_280' title='bbox 437 2496 513 2542; x_wconf 91' lang='lat' dir='ltr'>nou</span> <span class='ocrx_word' id='word_1_281' title='bbox 531 2471 658 2545; x_wconf 89' lang='lat' dir='ltr'>habeat</span> <span class='ocrx_word' id='word_1_282' title='bbox 675 2474 866 2566; x_wconf 89' lang='lat' dir='ltr'>imperium</span> <span class='ocrx_word' id='word_1_283' title='bbox 884 2473 916 2544; x_wconf 90' lang='lat' dir='ltr'>T</span> <span class='ocrx_word' id='word_1_284' title='bbox 916 2475 1043 2569; x_wconf 90' lang='lat' dir='ltr'>yberii,</span> <span class='ocrx_word' id='word_1_285' title='bbox 1095 2473 1182 2540; x_wconf 85' lang='lat' dir='ltr'>adeo</span> <span class='ocrx_word' id='word_1_286' title='bbox 1201 2475 1358 2544; x_wconf 90' lang='lat' dir='ltr'>sentiunt</span> <span class='ocrx_word' id='word_1_287' title='bbox 1373 2489 1507 2543; x_wconf 84' lang='lat' dir='ltr'>veteres</span> <span class='ocrx_word' id='word_1_288' title='bbox 1522 2473 1613 2562; x_wconf 82' lang='lat' dir='ltr'>leges</span> <span class='ocrx_word' id='word_1_289' title='bbox 1630 2473 1834 2545; x_wconf 87' lang='lat' dir='ltr'>retinendas</span> <span class='ocrx_word' id='word_1_290' title='bbox 1850 2499 1943 2561; x_wconf 88' lang='lat' dir='ltr'>esse,</span> <span class='ocrx_word' id='word_1_291' title='bbox 1968 2490 2002 2562; x_wconf 82' lang='lat' dir='ltr'>et</span> <span class='ocrx_word' id='word_1_292' title='bbox 2019 2502 2082 2569; x_wconf 91' lang='lat' dir='ltr'>pa-</span> 
     </span>
     <span class='ocr_line' id='line_1_24' title="bbox 106 2573 2082 2666; baseline 0.007 -30"><span class='ocrx_word' id='word_1_293' title='bbox 106 2593 151 2638; x_wconf 89' lang='lat' dir='ltr'>tttn</span> <span class='ocrx_word' id='word_1_294' title='bbox 167 2585 209 2642; x_wconf 90' lang='lat' dir='ltr'>est</span> <span class='ocrx_word' id='word_1_295' title='bbox 228 2577 470 2648; x_wconf 88' lang='lat' dir='ltr'>scrutandum.</span> <span class='ocrx_word' id='word_1_296' title='bbox 522 2574 591 2648; x_wconf 88' lang='lat' dir='ltr'>Sed</span> <span class='ocrx_word' id='word_1_297' title='bbox 612 2579 764 2647; x_wconf 87' lang='lat' dir='ltr'>tenenda</span> <span class='ocrx_word' id='word_1_298' title='bbox 782 2589 833 2648; x_wconf 88' lang='lat' dir='ltr'>est</span> <span class='ocrx_word' id='word_1_299' title='bbox 848 2578 967 2666; x_wconf 80' lang='lat' dir='ltr'>regula</span> <span class='ocrx_word' id='word_1_300' title='bbox 985 2575 1044 2648; x_wconf 85' lang='lat' dir='ltr'>Si·</span> <span class='ocrx_word' id='word_1_301' title='bbox 1095 2573 1161 2643; x_wconf 92' lang='lat' dir='ltr'>tria</span> <span class='ocrx_word' id='word_1_302' title='bbox 1183 2573 1344 2645; x_wconf 89' lang='lat' dir='ltr'>instituta</span> <span class='ocrx_word' id='word_1_303' title='bbox 1366 2575 1560 2644; x_wconf 90' lang='lat' dir='ltr'>munienda</span> <span class='ocrx_word' id='word_1_304' title='bbox 1585 2589 1619 2644; x_wconf 89' lang='lat' dir='ltr'>et</span> <span class='ocrx_word' id='word_1_305' title='bbox 1638 2580 1878 2647; x_wconf 87' lang='lat' dir='ltr'>conservanda</span> <span class='ocrx_word' id='word_1_306' title='bbox 1897 2601 1990 2659; x_wconf 87' lang='lat' dir='ltr'>esse,</span> <span class='ocrx_word' id='word_1_307' title='bbox 2017 2604 2082 2650; x_wconf 92' lang='lat' dir='ltr'>nec</span> 
     </span>
     <span class='ocr_line' id='line_1_25' title="bbox 105 2672 2084 2769; baseline 0.006 -29"><span class='ocrx_word' id='word_1_308' title='bbox 105 2672 200 2742; x_wconf 86' lang='lat' dir='ltr'>tacidae</span> <span class='ocrx_word' id='word_1_309' title='bbox 223 2677 335 2769; x_wconf 86' lang='lat' dir='ltr'>capite</span> <span class='ocrx_word' id='word_1_310' title='bbox 355 2677 410 2746; x_wconf 53' lang='grc' dir='ltr'>δη</span> <span class='ocrx_word' id='word_1_311' title='bbox 445 2674 547 2765; x_wconf 88' lang='lat' dir='ltr'>Quae</span> <span class='ocrx_word' id='word_1_312' title='bbox 570 2681 735 2748; x_wconf 89' lang='lat' dir='ltr'>mandata</span> <span class='ocrx_word' id='word_1_313' title='bbox 761 2685 844 2748; x_wconf 83' lang='lat' dir='ltr'>sunt</span> <span class='ocrx_word' id='word_1_314' title='bbox 865 2680 929 2750; x_wconf 91' lang='lat' dir='ltr'>tibi</span> <span class='ocrx_word' id='word_1_315' title='bbox 959 2674 1043 2747; x_wconf 89' lang='lat' dir='ltr'>haec</span> <span class='ocrx_word' id='word_1_316' title='bbox 1094 2675 1256 2744; x_wconf 84' lang='lat' dir='ltr'>ferendas</span> <span class='ocrx_word' id='word_1_317' title='bbox 1278 2698 1352 2744; x_wconf 87' lang='lat' dir='ltr'>esse</span> <span class='ocrx_word' id='word_1_318' title='bbox 1375 2699 1485 2745; x_wconf 85' lang='lat' dir='ltr'>novas</span> <span class='ocrx_word' id='word_1_319' title='bbox 1507 2677 1599 2764; x_wconf 81' lang='lat' dir='ltr'>leges</span> <span class='ocrx_word' id='word_1_320' title='bbox 1621 2679 1665 2745; x_wconf 92' lang='lat' dir='ltr'>atl</span> <span class='ocrx_word' id='word_1_321' title='bbox 1690 2680 1900 2768; x_wconf 90' lang='lat' dir='ltr'>cupiditates</span> <span class='ocrx_word' id='word_1_322' title='bbox 1915 2681 2084 2766; x_wconf 90' lang='lat' dir='ltr'>ullorum,</span> 
     </span>
     <span class='ocr_line' id='line_1_26' title="bbox 103 2775 2081 2880; baseline 0.005 -39"><span class='ocrx_word' id='word_1_323' title='bbox 103 2775 180 2860; x_wconf 79' lang='lat' dir='ltr'>cogita</span> <span class='ocrx_word' id='word_1_324' title='bbox 198 2792 321 2850; x_wconf 91' lang='lat' dir='ltr'>sancte.</span> <span class='ocrx_word' id='word_1_325' title='bbox 373 2777 456 2848; x_wconf 89' lang='lat' dir='ltr'>Non</span> <span class='ocrx_word' id='word_1_326' title='bbox 478 2779 574 2848; x_wconf 90' lang='lat' dir='ltr'>enim</span> <span class='ocrx_word' id='word_1_327' title='bbox 597 2802 737 2850; x_wconf 86' lang='lat' dir='ltr'>necesse</span> <span class='ocrx_word' id='word_1_328' title='bbox 758 2795 828 2865; x_wconf 88' lang='lat' dir='ltr'>est,</span> <span class='ocrx_word' id='word_1_329' title='bbox 854 2780 1043 2850; x_wconf 86' lang='lat' dir='ltr'>teocculta</span> <span class='ocrx_word' id='word_1_330' title='bbox 1095 2791 1155 2846; x_wconf 91' lang='lat' dir='ltr'>aut</span> <span class='ocrx_word' id='word_1_331' title='bbox 1176 2779 1219 2846; x_wconf 92' lang='lat' dir='ltr'>ad</span> <span class='ocrx_word' id='word_1_332' title='bbox 1242 2779 1436 2846; x_wconf 87' lang='lat' dir='ltr'>eludendas</span> <span class='ocrx_word' id='word_1_333' title='bbox 1456 2778 1612 2848; x_wconf 89' lang='lat' dir='ltr'>actiones</span> <span class='ocrx_word' id='word_1_334' title='bbox 1634 2777 1865 2867; x_wconf 89' lang='lat' dir='ltr'>iniuriarum,</span> <span class='ocrx_word' id='word_1_335' title='bbox 1891 2794 1933 2851; x_wconf 90' lang='lat' dir='ltr'>ut</span> <span class='ocrx_word' id='word_1_336' title='bbox 1955 2783 2081 2880; x_wconf 87' lang='lat' dir='ltr'>siquis</span> 
     </span>
     <span class='ocr_line' id='line_1_27' title="bbox 104 2877 2082 2967; baseline 0.009 -30"><span class='ocrx_word' id='word_1_337' title='bbox 104 2877 218 2962; x_wconf 85' lang='lat' dir='ltr'>aspicere</span> <span class='ocrx_word' id='word_1_338' title='bbox 234 2880 358 2952; x_wconf 86' lang='lat' dir='ltr'>oculis.</span> <span class='ocrx_word' id='word_1_339' title='bbox 412 2879 466 2951; x_wconf 88' lang='lat' dir='ltr'>lta</span> <span class='ocrx_word' id='word_1_340' title='bbox 491 2882 712 2952; x_wconf 89' lang='lat' dir='ltr'>discernatur</span> <span class='ocrx_word' id='word_1_341' title='bbox 731 2883 990 2952; x_wconf 88' lang='lat' dir='ltr'>interrevclata</span> <span class='ocrx_word' id='word_1_342' title='bbox 1009 2893 1044 2951; x_wconf 90' lang='lat' dir='ltr'>et</span> <span class='ocrx_word' id='word_1_343' title='bbox 1095 2879 1180 2949; x_wconf 90' lang='lat' dir='ltr'>velit</span> <span class='ocrx_word' id='word_1_344' title='bbox 1209 2903 1339 2948; x_wconf 90' lang='lat' dir='ltr'>novam</span> <span class='ocrx_word' id='word_1_345' title='bbox 1372 2880 1483 2966; x_wconf 81' lang='lat' dir='ltr'>legem</span> <span class='ocrx_word' id='word_1_346' title='bbox 1515 2879 1626 2965; x_wconf 87' lang='lat' dir='ltr'>serre,</span> <span class='ocrx_word' id='word_1_347' title='bbox 1660 2894 1806 2967; x_wconf 84' lang='lat' dir='ltr'>cogatur</span> <span class='ocrx_word' id='word_1_348' title='bbox 1836 2907 1911 2951; x_wconf 91' lang='lat' dir='ltr'>eam</span> <span class='ocrx_word' id='word_1_349' title='bbox 1935 2888 2082 2955; x_wconf 89' lang='lat' dir='ltr'>suadere</span> 
     </span>
     <span class='ocr_line' id='line_1_28' title="bbox 59 2977 2081 3078; baseline 0.008 -38"><span class='ocrx_word' id='word_1_350' title='bbox 59 2977 60 3060; x_wconf 27' lang='grc' dir='ltr'><strong>ᾗ</strong></span> <span class='ocrx_word' id='word_1_351' title='bbox 102 2997 149 3042; x_wconf 89' lang='lat' dir='ltr'>rou</span> <span class='ocrx_word' id='word_1_352' title='bbox 172 2981 331 3066; x_wconf 86' lang='lat' dir='ltr'>revelata,</span> <span class='ocrx_word' id='word_1_353' title='bbox 365 2994 400 3051; x_wconf 89' lang='lat' dir='ltr'>et</span> <span class='ocrx_word' id='word_1_354' title='bbox 430 2981 470 3051; x_wconf 91' lang='lat' dir='ltr'>in</span> <span class='ocrx_word' id='word_1_355' title='bbox 497 3006 560 3054; x_wconf 91' lang='lat' dir='ltr'>sua</span> <span class='ocrx_word' id='word_1_356' title='bbox 586 2985 770 3054; x_wconf 85' lang='lat' dir='ltr'>vocatione</span> <span class='ocrx_word' id='word_1_357' title='bbox 793 2984 943 3078; x_wconf 88' lang='lat' dir='ltr'>quisque</span> <span class='ocrx_word' id='word_1_358' title='bbox 965 2980 1043 3053; x_wconf 90' lang='lat' dir='ltr'>Deo</span> <span class='ocrx_word' id='word_1_359' title='bbox 1094 2981 1187 3050; x_wconf 88' lang='lat' dir='ltr'>collo</span> <span class='ocrx_word' id='word_1_360' title='bbox 1212 2982 1343 3051; x_wconf 89' lang='lat' dir='ltr'>inserto</span> <span class='ocrx_word' id='word_1_361' title='bbox 1362 2982 1400 3049; x_wconf 94' lang='lat' dir='ltr'>iu</span> <span class='ocrx_word' id='word_1_362' title='bbox 1416 2981 1598 3075; x_wconf 86' lang='lat' dir='ltr'>laqueum.</span> <span class='ocrx_word' id='word_1_363' title='bbox 1649 2978 1755 3069; x_wconf 86' lang='lat' dir='ltr'>Quod</span> <span class='ocrx_word' id='word_1_364' title='bbox 1774 2983 2081 3076; x_wconf 87' lang='lat' dir='ltr'>sipopulusiudi-</span> 
     </span>
     <span class='ocr_line' id='line_1_29' title="bbox 101 3075 2082 3172; baseline 0.006 -27"><span class='ocrx_word' id='word_1_365' title='bbox 101 3075 218 3151; x_wconf 71' lang='lat' dir='ltr'>oleata:</span> <span class='ocrx_word' id='word_1_366' title='bbox 674 3153 676 3158; x_wconf 71' lang='grc'>,</span> <span class='ocrx_word' id='word_1_367' title='bbox 944 3134 953 3150; x_wconf 87' lang='grc'><strong>.</strong></span> <span class='ocrx_word' id='word_1_368' title='bbox 1095 3095 1166 3162; x_wconf 88' lang='lat' dir='ltr'>cat,</span> <span class='ocrx_word' id='word_1_369' title='bbox 1194 3083 1304 3172; x_wconf 85' lang='lat' dir='ltr'>legem</span> <span class='ocrx_word' id='word_1_370' title='bbox 1329 3077 1513 3153; x_wconf 89' lang='lat' dir='ltr'>honestam</span> <span class='ocrx_word' id='word_1_371' title='bbox 1532 3099 1566 3153; x_wconf 93' lang='lat' dir='ltr'>et</span> <span class='ocrx_word' id='word_1_372' title='bbox 1581 3083 1705 3152; x_wconf 91' lang='lat' dir='ltr'>utilem</span> <span class='ocrx_word' id='word_1_373' title='bbox 1721 3109 1813 3170; x_wconf 90' lang='lat' dir='ltr'>esse,</span> <span class='ocrx_word' id='word_1_374' title='bbox 1838 3087 1988 3158; x_wconf 88' lang='lat' dir='ltr'>discedit</span> <span class='ocrx_word' id='word_1_375' title='bbox 2000 3111 2082 3159; x_wconf 90' lang='lat' dir='ltr'>sua·</span> 
     </span>
     <span class='ocr_line' id='line_1_30' title="bbox 169 3179 2082 3282; baseline 0.006 -33"><span class='ocrx_word' id='word_1_376' title='bbox 169 3179 252 3252; x_wconf 88' lang='lat' dir='ltr'>Haec</span> <span class='ocrx_word' id='word_1_377' title='bbox 273 3188 471 3256; x_wconf 90' lang='lat' dir='ltr'>insumma</span> <span class='ocrx_word' id='word_1_378' title='bbox 495 3181 897 3259; x_wconf 88' lang='lat' dir='ltr'>docetethocdirtum:</span> <span class='ocrx_word' id='word_1_379' title='bbox 923 3182 1042 3257; x_wconf 80' lang='lat' dir='ltr'>Dives</span> <span class='ocrx_word' id='word_1_380' title='bbox 1094 3207 1153 3253; x_wconf 87' lang='lat' dir='ltr'>sur</span> <span class='ocrx_word' id='word_1_381' title='bbox 1174 3185 1277 3254; x_wconf 85' lang='lat' dir='ltr'>vivus</span> <span class='ocrx_word' id='word_1_382' title='bbox 1300 3198 1335 3254; x_wconf 92' lang='lat' dir='ltr'>et</span> <span class='ocrx_word' id='word_1_383' title='bbox 1358 3185 1555 3253; x_wconf 90' lang='lat' dir='ltr'>incolumis.</span> <span class='ocrx_word' id='word_1_384' title='bbox 1624 3183 1690 3256; x_wconf 88' lang='lat' dir='ltr'>Sin</span> <span class='ocrx_word' id='word_1_385' title='bbox 1714 3202 1831 3258; x_wconf 90' lang='lat' dir='ltr'>autem</span> <span class='ocrx_word' id='word_1_386' title='bbox 1856 3212 1931 3257; x_wconf 93' lang='lat' dir='ltr'>non</span> <span class='ocrx_word' id='word_1_387' title='bbox 1955 3190 2082 3282; x_wconf 87' lang='lat' dir='ltr'>placet,</span> 
     </span>
     <span class='ocr_line' id='line_1_31' title="bbox 101 3283 2079 3388; baseline 0.006 -39"><span class='ocrx_word' id='word_1_388' title='bbox 101 3287 249 3380; x_wconf 78' lang='lat' dir='ltr'>ttputtper</span> <span class='ocrx_word' id='word_1_389' title='bbox 268 3283 389 3358; x_wconf 82' lang='lat' dir='ltr'>simul</span> <span class='ocrx_word' id='word_1_390' title='bbox 408 3295 515 3367; x_wconf 84' lang='lat' dir='ltr'>sunt,</span> <span class='ocrx_word' id='word_1_391' title='bbox 543 3295 575 3356; x_wconf 78' lang='lat' dir='ltr'>et</span> <span class='ocrx_word' id='word_1_392' title='bbox 599 3283 705 3359; x_wconf 82' lang='lat' dir='ltr'>Deus</span> <span class='ocrx_word' id='word_1_393' title='bbox 721 3288 824 3388; x_wconf 83' lang='lat' dir='ltr'>satit</span> <span class='ocrx_word' id='word_1_394' title='bbox 848 3299 1041 3386; x_wconf 80' lang='lat' dir='ltr'>utrunque,</span> <span class='ocrx_word' id='word_1_395' title='bbox 1095 3309 1216 3356; x_wconf 90' lang='lat' dir='ltr'>suasor</span> <span class='ocrx_word' id='word_1_396' title='bbox 1237 3287 1353 3356; x_wconf 90' lang='lat' dir='ltr'>statim</span> <span class='ocrx_word' id='word_1_397' title='bbox 1372 3288 1583 3357; x_wconf 86' lang='lat' dir='ltr'>interficitur</span> <span class='ocrx_word' id='word_1_398' title='bbox 1600 3287 1790 3359; x_wconf 91' lang='lat' dir='ltr'>constricto</span> <span class='ocrx_word' id='word_1_399' title='bbox 1804 3291 1942 3382; x_wconf 83' lang='lat' dir='ltr'>laqueo.</span> <span class='ocrx_word' id='word_1_400' title='bbox 1995 3290 2079 3362; x_wconf 86' lang='lat' dir='ltr'>Ideo</span> 
     </span>
     <span class='ocr_line' id='line_1_32' title="bbox 101 3379 2196 3481; baseline 0.008 -34"><span class='ocrx_word' id='word_1_401' title='bbox 101 3379 195 3453; x_wconf 83' lang='lat' dir='ltr'>idest:</span> <span class='ocrx_word' id='word_1_402' title='bbox 222 3385 319 3461; x_wconf 86' lang='lat' dir='ltr'>Scito</span> <span class='ocrx_word' id='word_1_403' title='bbox 348 3411 422 3460; x_wconf 86' lang='lat' dir='ltr'>esse</span> <span class='ocrx_word' id='word_1_404' title='bbox 447 3389 728 3481; x_wconf 80' lang='lat' dir='ltr'>providentiam,</span> <span class='ocrx_word' id='word_1_405' title='bbox 761 3416 825 3462; x_wconf 86' lang='lat' dir='ltr'>nec</span> <span class='ocrx_word' id='word_1_406' title='bbox 849 3416 930 3464; x_wconf 91' lang='lat' dir='ltr'>castt</span> <span class='ocrx_word' id='word_1_407' title='bbox 954 3392 1042 3460; x_wconf 88' lang='lat' dir='ltr'>alios</span> <span class='ocrx_word' id='word_1_408' title='bbox 1095 3412 1168 3457; x_wconf 91' lang='lat' dir='ltr'>non</span> <span class='ocrx_word' id='word_1_409' title='bbox 1191 3389 1325 3458; x_wconf 89' lang='lat' dir='ltr'>audent</span> <span class='ocrx_word' id='word_1_410' title='bbox 1345 3391 1437 3458; x_wconf 82' lang='lat' dir='ltr'>ferre</span> <span class='ocrx_word' id='word_1_411' title='bbox 1456 3411 1567 3458; x_wconf 92' lang='lat' dir='ltr'>novas</span> <span class='ocrx_word' id='word_1_412' title='bbox 1588 3389 1691 3478; x_wconf 82' lang='lat' dir='ltr'>leges.</span> <span class='ocrx_word' id='word_1_413' title='bbox 1751 3389 1940 3462; x_wconf 85' lang='lat' dir='ltr'>Veteribus</span> <span class='ocrx_word' id='word_1_414' title='bbox 1961 3408 2079 3464; x_wconf 88' lang='lat' dir='ltr'>autem</span> <span class='ocrx_word' id='word_1_415' title='bbox 2192 3411 2196 3418; x_wconf 89' lang='grc'><strong>“</strong></span> 
     </span>
     <span class='ocr_line' id='line_1_33' title="bbox 59 3481 2081 3590; baseline 0.01 -45"><span class='ocrx_word' id='word_1_416' title='bbox 59 3487 60 3502; x_wconf 72' lang='grc'>’</span> <span class='ocrx_word' id='word_1_417' title='bbox 101 3481 219 3571; x_wconf 75' lang='lat' dir='ltr'>divites,¹</span> <span class='ocrx_word' id='word_1_418' title='bbox 244 3493 335 3560; x_wconf 89' lang='lat' dir='ltr'>alios</span> <span class='ocrx_word' id='word_1_419' title='bbox 364 3514 537 3590; x_wconf 90' lang='lat' dir='ltr'>pauperes</span> <span class='ocrx_word' id='word_1_420' title='bbox 569 3515 661 3576; x_wconf 87' lang='lat' dir='ltr'>esse,</span> <span class='ocrx_word' id='word_1_421' title='bbox 694 3495 754 3563; x_wconf 89' lang='lat' dir='ltr'>sed</span> <span class='ocrx_word' id='word_1_422' title='bbox 783 3491 851 3563; x_wconf 93' lang='lat' dir='ltr'>Dei</span> <span class='ocrx_word' id='word_1_423' title='bbox 881 3493 1043 3575; x_wconf 86' lang='lat' dir='ltr'>consilio,</span> <span class='ocrx_word' id='word_1_424' title='bbox 1094 3513 1220 3578; x_wconf 84' lang='lat' dir='ltr'>magua</span> <span class='ocrx_word' id='word_1_425' title='bbox 1242 3491 1748 3574; x_wconf 84' lang='lat' dir='ltr'>curaetseveritatentuntur.</span> <span class='ocrx_word' id='word_1_426' title='bbox 1799 3493 2081 3565; x_wconf 85' lang='lat' dir='ltr'>Acvaldemul·</span> 
     </span>
     <span class='ocr_line' id='line_1_34' title="bbox 100 3591 2080 3686; baseline 0.007 -32"><span class='ocrx_word' id='word_1_427' title='bbox 100 3595 120 3649; x_wconf 82' lang='lat' dir='ltr'>tt</span> <span class='ocrx_word' id='word_1_428' title='bbox 134 3607 182 3655; x_wconf 85' lang='lat' dir='ltr'>suo</span> <span class='ocrx_word' id='word_1_429' title='bbox 201 3591 349 3686; x_wconf 77' lang='lat' dir='ltr'>quisque</span> <span class='ocrx_word' id='word_1_430' title='bbox 371 3595 451 3663; x_wconf 91' lang='lat' dir='ltr'>loco</span> <span class='ocrx_word' id='word_1_431' title='bbox 474 3606 566 3661; x_wconf 91' lang='lat' dir='ltr'>recte</span> <span class='ocrx_word' id='word_1_432' title='bbox 589 3595 735 3681; x_wconf 89' lang='lat' dir='ltr'>serviat,</span> <span class='ocrx_word' id='word_1_433' title='bbox 767 3597 863 3666; x_wconf 86' lang='lat' dir='ltr'>iuxta</span> <span class='ocrx_word' id='word_1_434' title='bbox 889 3597 1042 3664; x_wconf 91' lang='lat' dir='ltr'>dictum:</span> <span class='ocrx_word' id='word_1_435' title='bbox 1094 3593 1139 3662; x_wconf 89' lang='lat' dir='ltr'>tis</span> <span class='ocrx_word' id='word_1_436' title='bbox 1154 3591 1257 3660; x_wconf 87' lang='lat' dir='ltr'>aunis</span> <span class='ocrx_word' id='word_1_437' title='bbox 1272 3604 1409 3662; x_wconf 89' lang='lat' dir='ltr'>tantum</span> <span class='ocrx_word' id='word_1_438' title='bbox 1424 3615 1493 3661; x_wconf 86' lang='lat' dir='ltr'>una</span> <span class='ocrx_word' id='word_1_439' title='bbox 1510 3592 1566 3661; x_wconf 88' lang='lat' dir='ltr'>lex</span> <span class='ocrx_word' id='word_1_440' title='bbox 1582 3617 1672 3662; x_wconf 90' lang='lat' dir='ltr'>nova</span> <span class='ocrx_word' id='word_1_441' title='bbox 1688 3593 1757 3663; x_wconf 91' lang='lat' dir='ltr'>lata</span> <span class='ocrx_word' id='word_1_442' title='bbox 1773 3609 1836 3663; x_wconf 90' lang='lat' dir='ltr'>est.</span> <span class='ocrx_word' id='word_1_443' title='bbox 1878 3593 1969 3666; x_wconf 89' lang='lat' dir='ltr'>Cum</span> <span class='ocrx_word' id='word_1_444' title='bbox 1985 3596 2080 3667; x_wconf 90' lang='lat' dir='ltr'>enim</span> 
     </span>
     <span class='ocr_line' id='line_1_35' title="bbox 98 3681 2080 3789; baseline 0.005 -30"><span class='ocrx_word' id='word_1_445' title='bbox 98 3681 155 3770; x_wconf 84' lang='lat' dir='ltr'>thta</span> <span class='ocrx_word' id='word_1_446' title='bbox 181 3697 360 3764; x_wconf 86' lang='lat' dir='ltr'>vocatione</span> <span class='ocrx_word' id='word_1_447' title='bbox 391 3695 540 3789; x_wconf 85' lang='lat' dir='ltr'>quisque</span> <span class='ocrx_word' id='word_1_448' title='bbox 568 3709 712 3766; x_wconf 86' lang='lat' dir='ltr'>vocatus</span> <span class='ocrx_word' id='word_1_449' title='bbox 736 3712 807 3784; x_wconf 82' lang='lat' dir='ltr'>est,</span> <span class='ocrx_word' id='word_1_450' title='bbox 841 3697 879 3764; x_wconf 95' lang='lat' dir='ltr'>in</span> <span class='ocrx_word' id='word_1_451' title='bbox 903 3721 941 3765; x_wconf 91' lang='lat' dir='ltr'>ea</span> <span class='ocrx_word' id='word_1_452' title='bbox 967 3721 1041 3765; x_wconf 92' lang='lat' dir='ltr'>am-</span> <span class='ocrx_word' id='word_1_453' title='bbox 1095 3694 1144 3762; x_wconf 94' lang='lat' dir='ltr'>ibi</span> <span class='ocrx_word' id='word_1_454' title='bbox 1162 3695 1217 3762; x_wconf 83' lang='lat' dir='ltr'>lex</span> <span class='ocrx_word' id='word_1_455' title='bbox 1236 3707 1340 3779; x_wconf 88' lang='lat' dir='ltr'>esset,</span> <span class='ocrx_word' id='word_1_456' title='bbox 1367 3710 1407 3766; x_wconf 91' lang='lat' dir='ltr'>ut</span> <span class='ocrx_word' id='word_1_457' title='bbox 1422 3693 1606 3763; x_wconf 86' lang='lat' dir='ltr'>effodienti</span> <span class='ocrx_word' id='word_1_458' title='bbox 1624 3696 1767 3765; x_wconf 86' lang='lat' dir='ltr'>oculum</span> <span class='ocrx_word' id='word_1_459' title='bbox 1786 3697 1939 3766; x_wconf 84' lang='lat' dir='ltr'>vicissim</span> <span class='ocrx_word' id='word_1_460' title='bbox 1955 3701 2080 3768; x_wconf 91' lang='lat' dir='ltr'>oculus</span> 
     </span>
     <span class='ocr_line' id='line_1_36' title="bbox 59 3784 2107 3888; baseline 0.004 -26"><span class='ocrx_word' id='word_1_461' title='bbox 59 3841 60 3856; x_wconf 49' lang='lat' dir='ltr'>t</span> <span class='ocrx_word' id='word_1_462' title='bbox 99 3784 172 3860; x_wconf 74' lang='lat' dir='ltr'>hulst,</span> <span class='ocrx_word' id='word_1_463' title='bbox 219 3791 359 3888; x_wconf 85' lang='lat' dir='ltr'>Pauper</span> <span class='ocrx_word' id='word_1_464' title='bbox 379 3819 453 3866; x_wconf 91' lang='lat' dir='ltr'>non</span> <span class='ocrx_word' id='word_1_465' title='bbox 474 3797 602 3868; x_wconf 83' lang='lat' dir='ltr'>fremat</span> <span class='ocrx_word' id='word_1_466' title='bbox 625 3801 792 3868; x_wconf 88' lang='lat' dir='ltr'>adversus</span> <span class='ocrx_word' id='word_1_467' title='bbox 812 3795 947 3883; x_wconf 91' lang='lat' dir='ltr'>Deum,</span> <span class='ocrx_word' id='word_1_468' title='bbox 980 3799 1040 3865; x_wconf 88' lang='lat' dir='ltr'>sed</span> <span class='ocrx_word' id='word_1_469' title='bbox 1095 3795 1318 3881; x_wconf 85' lang='lat' dir='ltr'>effoderetur,</span> <span class='ocrx_word' id='word_1_470' title='bbox 1344 3795 1960 3887; x_wconf 84' lang='lat' dir='ltr'>necmultapecuniariapuniretur:</span> <span class='ocrx_word' id='word_1_471' title='bbox 1986 3799 2107 3888; x_wconf 61' lang='lat' dir='ltr'>Quin</span> 
     </span>
     <span class='ocr_line' id='line_1_37' title="bbox 59 3865 2078 3992; baseline 0.011 -41"><span class='ocrx_word' id='word_1_472' title='bbox 59 3865 60 3916; x_wconf 84' lang='lat' dir='ltr'>l</span> <span class='ocrx_word' id='word_1_473' title='bbox 98 3887 199 3965; x_wconf 87' lang='lat' dir='ltr'>obetliat</span> <span class='ocrx_word' id='word_1_474' title='bbox 233 3890 317 3966; x_wconf 90' lang='lat' dir='ltr'>huie</span> <span class='ocrx_word' id='word_1_475' title='bbox 354 3898 465 3968; x_wconf 90' lang='lat' dir='ltr'>dictu:</span> <span class='ocrx_word' id='word_1_476' title='bbox 509 3895 761 3969; x_wconf 89' lang='lat' dir='ltr'>Humiliarnini</span> <span class='ocrx_word' id='word_1_477' title='bbox 799 3902 865 3970; x_wconf 91' lang='lat' dir='ltr'>sub</span> <span class='ocrx_word' id='word_1_478' title='bbox 906 3900 1041 3992; x_wconf 90' lang='lat' dir='ltr'>potenti</span> <span class='ocrx_word' id='word_1_479' title='bbox 1095 3902 1175 3966; x_wconf 91' lang='lat' dir='ltr'>dam</span> <span class='ocrx_word' id='word_1_480' title='bbox 1200 3911 1317 3968; x_wconf 88' lang='lat' dir='ltr'>autem</span> <span class='ocrx_word' id='word_1_481' title='bbox 1340 3894 1475 3968; x_wconf 86' lang='lat' dir='ltr'>habens</span> <span class='ocrx_word' id='word_1_482' title='bbox 1497 3901 1587 3966; x_wconf 90' lang='lat' dir='ltr'>duos</span> <span class='ocrx_word' id='word_1_483' title='bbox 1609 3897 1730 3967; x_wconf 89' lang='lat' dir='ltr'>oculos</span> <span class='ocrx_word' id='word_1_484' title='bbox 1755 3900 1900 3968; x_wconf 90' lang='lat' dir='ltr'>inimico</span> <span class='ocrx_word' id='word_1_485' title='bbox 1922 3905 2078 3973; x_wconf 85' lang='lat' dir='ltr'>unorulo</span> 
     </span>
     <span class='ocr_line' id='line_1_38' title="bbox 59 3992 2113 4091; baseline 0.006 -30"><span class='ocrx_word' id='word_1_486' title='bbox 59 4007 60 4080; x_wconf 66' lang='lat'>1</span> <span class='ocrx_word' id='word_1_487' title='bbox 98 3992 268 4084; x_wconf 77' lang='lat' dir='ltr'>manuDei,</span> <span class='ocrx_word' id='word_1_488' title='bbox 295 4013 329 4069; x_wconf 93' lang='lat' dir='ltr'>et</span> <span class='ocrx_word' id='word_1_489' title='bbox 350 3994 442 4069; x_wconf 88' lang='lat' dir='ltr'>hanc</span> <span class='ocrx_word' id='word_1_490' title='bbox 465 4001 742 4071; x_wconf 87' lang='lat' dir='ltr'>consolationem</span> <span class='ocrx_word' id='word_1_491' title='bbox 760 4017 889 4073; x_wconf 89' lang='lat' dir='ltr'>teneat.</span> <span class='ocrx_word' id='word_1_492' title='bbox 942 3999 1042 4070; x_wconf 91' lang='lat' dir='ltr'>Beati</span> <span class='ocrx_word' id='word_1_493' title='bbox 1096 4000 1249 4069; x_wconf 90' lang='lat' dir='ltr'>minatus</span> <span class='ocrx_word' id='word_1_494' title='bbox 1272 4014 1341 4086; x_wconf 87' lang='lat' dir='ltr'>est,</span> <span class='ocrx_word' id='word_1_495' title='bbox 1365 4024 1401 4069; x_wconf 89' lang='lat' dir='ltr'>se</span> <span class='ocrx_word' id='word_1_496' title='bbox 1423 3999 1456 4067; x_wconf 92' lang='lat' dir='ltr'>ei</span> <span class='ocrx_word' id='word_1_497' title='bbox 1480 3999 1622 4069; x_wconf 88' lang='lat' dir='ltr'>oculum</span> <span class='ocrx_word' id='word_1_498' title='bbox 1646 4023 1748 4091; x_wconf 85' lang='lat' dir='ltr'>quem</span> <span class='ocrx_word' id='word_1_499' title='bbox 1767 3995 2113 4074; x_wconf 68' lang='lat' dir='ltr'>habebatuuicum‘</span> 
     </span>
     <span class='ocr_line' id='line_1_39' title="bbox 98 4094 2081 4194; baseline 0.006 -31"><span class='ocrx_word' id='word_1_500' title='bbox 98 4111 225 4184; x_wconf 71' lang='lat' dir='ltr'>pauperes</span> <span class='ocrx_word' id='word_1_501' title='bbox 246 4101 392 4191; x_wconf 82' lang='lat' dir='ltr'>spiritu,</span> <span class='ocrx_word' id='word_1_502' title='bbox 424 4101 507 4193; x_wconf 88' lang='lat' dir='ltr'>quia</span> <span class='ocrx_word' id='word_1_503' title='bbox 530 4103 655 4172; x_wconf 91' lang='lat' dir='ltr'>talium</span> <span class='ocrx_word' id='word_1_504' title='bbox 680 4118 731 4175; x_wconf 88' lang='lat' dir='ltr'>est</span> <span class='ocrx_word' id='word_1_505' title='bbox 752 4127 900 4194; x_wconf 81' lang='lat' dir='ltr'>regnum</span> <span class='ocrx_word' id='word_1_506' title='bbox 926 4104 1041 4172; x_wconf 91' lang='lat' dir='ltr'>coelo·</span> <span class='ocrx_word' id='word_1_507' title='bbox 1095 4104 1304 4171; x_wconf 79' lang='lat' dir='ltr'>effossurum</span> <span class='ocrx_word' id='word_1_508' title='bbox 1328 4109 1418 4185; x_wconf 81' lang='lat' dir='ltr'>esse,</span> <span class='ocrx_word' id='word_1_509' title='bbox 1443 4094 1502 4169; x_wconf 89' lang='lat' dir='ltr'>hic</span> <span class='ocrx_word' id='word_1_510' title='bbox 1525 4100 1702 4170; x_wconf 89' lang='lat' dir='ltr'>unoculus</span> <span class='ocrx_word' id='word_1_511' title='bbox 1719 4115 1880 4171; x_wconf 86' lang='lat' dir='ltr'>metuens</span> <span class='ocrx_word' id='word_1_512' title='bbox 1900 4105 2081 4176; x_wconf 90' lang='lat' dir='ltr'>calamita-</span> 
     </span>
     <span class='ocr_line' id='line_1_40' title="bbox 59 4197 2078 4296; baseline 0.002 -26"><span class='ocrx_word' id='word_1_513' title='bbox 59 4207 60 4210; x_wconf 73' lang='grc'>’</span> <span class='ocrx_word' id='word_1_514' title='bbox 98 4213 157 4264; x_wconf 67' lang='lat' dir='ltr'>flm-</span> <span class='ocrx_word' id='word_1_515' title='bbox 202 4197 287 4271; x_wconf 91' lang='lat' dir='ltr'>Item</span> <span class='ocrx_word' id='word_1_516' title='bbox 305 4199 671 4276; x_wconf 85' lang='lat' dir='ltr'>Proverbiorum17.:</span> <span class='ocrx_word' id='word_1_517' title='bbox 700 4205 774 4294; x_wconf 88' lang='lat' dir='ltr'>Qui</span> <span class='ocrx_word' id='word_1_518' title='bbox 791 4204 939 4296; x_wconf 89' lang='lat' dir='ltr'>despicit</span> <span class='ocrx_word' id='word_1_519' title='bbox 956 4229 1043 4295; x_wconf 86' lang='lat' dir='ltr'>patt-</span> <span class='ocrx_word' id='word_1_520' title='bbox 1096 4219 1162 4274; x_wconf 87' lang='lat' dir='ltr'>tem</span> <span class='ocrx_word' id='word_1_521' title='bbox 1186 4227 1284 4270; x_wconf 89' lang='lat' dir='ltr'>suam</span> <span class='ocrx_word' id='word_1_522' title='bbox 1309 4226 1414 4274; x_wconf 88' lang='lat' dir='ltr'>ausus</span> <span class='ocrx_word' id='word_1_523' title='bbox 1436 4215 1488 4271; x_wconf 89' lang='lat' dir='ltr'>est</span> <span class='ocrx_word' id='word_1_524' title='bbox 1510 4225 1638 4270; x_wconf 82' lang='lat' dir='ltr'>novam</span> <span class='ocrx_word' id='word_1_525' title='bbox 1664 4203 1774 4291; x_wconf 85' lang='lat' dir='ltr'>legem</span> <span class='ocrx_word' id='word_1_526' title='bbox 1793 4205 1958 4290; x_wconf 89' lang='lat' dir='ltr'>suadere,</span> <span class='ocrx_word' id='word_1_527' title='bbox 1985 4206 2034 4279; x_wconf 92' lang='lat' dir='ltr'>Ut</span> <span class='ocrx_word' id='word_1_528' title='bbox 2049 4209 2078 4277; x_wconf 92' lang='lat' dir='ltr'>si</span> 
     </span>
     <span class='ocr_line' id='line_1_41' title="bbox 59 4299 2080 4399; baseline 0.001 -25"><span class='ocrx_word' id='word_1_529' title='bbox 59 4357 60 4374; x_wconf 49' lang='lat' dir='ltr'>t</span> <span class='ocrx_word' id='word_1_530' title='bbox 97 4315 195 4383; x_wconf 86' lang='lat' dir='ltr'>peren,</span> <span class='ocrx_word' id='word_1_531' title='bbox 219 4306 408 4395; x_wconf 83' lang='lat' dir='ltr'>exprobrat</span> <span class='ocrx_word' id='word_1_532' title='bbox 429 4305 554 4374; x_wconf 82' lang='lat' dir='ltr'>factori</span> <span class='ocrx_word' id='word_1_533' title='bbox 572 4307 659 4378; x_wconf 88' lang='lat' dir='ltr'>eius.</span> <span class='ocrx_word' id='word_1_534' title='bbox 712 4303 760 4378; x_wconf 85' lang='lat' dir='ltr'>Et</span> <span class='ocrx_word' id='word_1_535' title='bbox 777 4307 947 4380; x_wconf 88' lang='lat' dir='ltr'>Proverb.</span> <span class='ocrx_word' id='word_1_536' title='bbox 967 4301 1043 4378; x_wconf 84' lang='lat'><strong>15.:</strong></span> <span class='ocrx_word' id='word_1_537' title='bbox 1096 4307 1173 4399; x_wconf 83' lang='lat' dir='ltr'>quis</span> <span class='ocrx_word' id='word_1_538' title='bbox 1208 4299 1343 4374; x_wconf 86' lang='lat' dir='ltr'>habens</span> <span class='ocrx_word' id='word_1_539' title='bbox 1374 4303 1533 4392; x_wconf 79' lang='lat' dir='ltr'>geminos</span> <span class='ocrx_word' id='word_1_540' title='bbox 1564 4303 1733 4374; x_wconf 82' lang='lat' dir='ltr'>effoderet</span> <span class='ocrx_word' id='word_1_541' title='bbox 1761 4306 1903 4378; x_wconf 91' lang='lat' dir='ltr'>oculum</span> <span class='ocrx_word' id='word_1_542' title='bbox 1937 4305 2080 4380; x_wconf 88' lang='lat' dir='ltr'>habenti</span> 
     </span>
     <span class='ocr_line' id='line_1_42' title="bbox 59 4375 2081 4503; baseline 0.011 -44"><span class='ocrx_word' id='word_1_543' title='bbox 59 4375 61 4476; x_wconf 76' lang='lat' dir='ltr'>l</span> <span class='ocrx_word' id='word_1_544' title='bbox 98 4389 192 4470; x_wconf 84' lang='lat' dir='ltr'>llelius</span> <span class='ocrx_word' id='word_1_545' title='bbox 207 4420 256 4475; x_wconf 90' lang='lat' dir='ltr'>est</span> <span class='ocrx_word' id='word_1_546' title='bbox 273 4430 399 4498; x_wconf 91' lang='lat' dir='ltr'>parum</span> <span class='ocrx_word' id='word_1_547' title='bbox 414 4430 493 4475; x_wconf 90' lang='lat' dir='ltr'>cunt</span> <span class='ocrx_word' id='word_1_548' title='bbox 510 4407 637 4477; x_wconf 90' lang='lat' dir='ltr'>timore</span> <span class='ocrx_word' id='word_1_549' title='bbox 653 4406 739 4490; x_wconf 90' lang='lat' dir='ltr'>Dei,</span> <span class='ocrx_word' id='word_1_550' title='bbox 765 4436 869 4503; x_wconf 90' lang='lat' dir='ltr'>quam</span> <span class='ocrx_word' id='word_1_551' title='bbox 885 4405 1044 4479; x_wconf 87' lang='lat' dir='ltr'>thesauri</span> <span class='ocrx_word' id='word_1_552' title='bbox 1098 4409 1263 4496; x_wconf 90' lang='lat' dir='ltr'>unicum,</span> <span class='ocrx_word' id='word_1_553' title='bbox 1304 4407 1493 4498; x_wconf 86' lang='lat' dir='ltr'>puniretur</span> <span class='ocrx_word' id='word_1_554' title='bbox 1530 4405 1656 4476; x_wconf 83' lang='lat' dir='ltr'>effosso</span> <span class='ocrx_word' id='word_1_555' title='bbox 1693 4421 1845 4502; x_wconf 90' lang='lat' dir='ltr'>utroque</span> <span class='ocrx_word' id='word_1_556' title='bbox 1878 4412 2001 4496; x_wconf 88' lang='lat' dir='ltr'>oculo,</span> <span class='ocrx_word' id='word_1_557' title='bbox 2042 4426 2081 4482; x_wconf 91' lang='lat' dir='ltr'>ut</span> 
     </span>
     <span class='ocr_line' id='line_1_43' title="bbox 59 4505 2080 4602; baseline 0.003 -27"><span class='ocrx_word' id='word_1_558' title='bbox 59 4585 60 4594; x_wconf 8' lang='grc' dir='ltr'>ἵ</span> <span class='ocrx_word' id='word_1_559' title='bbox 97 4505 178 4585; x_wconf 79' lang='lat' dir='ltr'>magni</span> <span class='ocrx_word' id='word_1_560' title='bbox 199 4531 278 4575; x_wconf 91' lang='lat' dir='ltr'>cum</span> <span class='ocrx_word' id='word_1_561' title='bbox 302 4507 469 4580; x_wconf 89' lang='lat' dir='ltr'>tumultu.</span> <span class='ocrx_word' id='word_1_562' title='bbox 524 4506 627 4577; x_wconf 91' lang='lat' dir='ltr'>ltem:</span> <span class='ocrx_word' id='word_1_563' title='bbox 655 4509 795 4582; x_wconf 77' lang='lat' dir='ltr'>sufficit</span> <span class='ocrx_word' id='word_1_564' title='bbox 811 4511 882 4580; x_wconf 88' lang='lat' dir='ltr'>diei</span> <span class='ocrx_word' id='word_1_565' title='bbox 899 4509 1044 4580; x_wconf 83' lang='lat' dir='ltr'>afflictio</span> <span class='ocrx_word' id='word_1_566' title='bbox 1097 4510 1250 4602; x_wconf 70' lang='lat' dir='ltr'>aequalis</span> <span class='ocrx_word' id='word_1_567' title='bbox 1281 4533 1355 4579; x_wconf 88' lang='lat' dir='ltr'>esse</span> <span class='ocrx_word' id='word_1_568' title='bbox 1379 4509 1564 4600; x_wconf 87' lang='lat' dir='ltr'>utriusque</span> <span class='ocrx_word' id='word_1_569' title='bbox 1591 4509 1778 4580; x_wconf 87' lang='lat' dir='ltr'>calamitas.</span> <span class='ocrx_word' id='word_1_570' title='bbox 1839 4508 1941 4581; x_wconf 88' lang='lat' dir='ltr'>Hanc</span> <span class='ocrx_word' id='word_1_571' title='bbox 1971 4514 2080 4582; x_wconf 92' lang='lat' dir='ltr'>solam</span> 
     </span>
     <span class='ocr_line' id='line_1_44' title="bbox 59 4597 2112 4700; baseline 0.004 -25"><span class='ocrx_word' id='word_1_572' title='bbox 59 4597 61 4686; x_wconf 74' lang='lat' dir='ltr'>l</span> <span class='ocrx_word' id='word_1_573' title='bbox 97 4617 141 4666; x_wconf 83' lang='lat' dir='ltr'>tua.</span> <span class='ocrx_word' id='word_1_574' title='bbox 184 4605 287 4678; x_wconf 92' lang='lat' dir='ltr'>ltem:</span> <span class='ocrx_word' id='word_1_575' title='bbox 314 4601 426 4680; x_wconf 82' lang='lat' dir='ltr'>Orate</span> <span class='ocrx_word' id='word_1_576' title='bbox 443 4609 519 4680; x_wconf 90' lang='lat' dir='ltr'>sine</span> <span class='ocrx_word' id='word_1_577' title='bbox 535 4612 587 4680; x_wconf 91' lang='lat' dir='ltr'>ira</span> <span class='ocrx_word' id='word_1_578' title='bbox 606 4625 639 4682; x_wconf 94' lang='lat' dir='ltr'>et</span> <span class='ocrx_word' id='word_1_579' title='bbox 655 4613 731 4683; x_wconf 89' lang='lat' dir='ltr'>sine</span> <span class='ocrx_word' id='word_1_580' title='bbox 748 4609 993 4685; x_wconf 91' lang='lat' dir='ltr'>haesitatione.</span> <span class='ocrx_word' id='word_1_581' title='bbox 1098 4614 1220 4682; x_wconf 89' lang='lat' dir='ltr'>dicunt</span> <span class='ocrx_word' id='word_1_582' title='bbox 1248 4635 1376 4682; x_wconf 86' lang='lat' dir='ltr'>novam</span> <span class='ocrx_word' id='word_1_583' title='bbox 1407 4611 1518 4700; x_wconf 85' lang='lat' dir='ltr'>legem</span> <span class='ocrx_word' id='word_1_584' title='bbox 1547 4611 1727 4680; x_wconf 89' lang='lat' dir='ltr'>conditam</span> <span class='ocrx_word' id='word_1_585' title='bbox 1759 4633 1832 4682; x_wconf 89' lang='lat' dir='ltr'>esse</span> <span class='ocrx_word' id='word_1_586' title='bbox 1854 4613 1946 4684; x_wconf 91' lang='lat' dir='ltr'>intra</span> <span class='ocrx_word' id='word_1_587' title='bbox 1969 4637 2112 4682; x_wconf 90' lang='lat' dir='ltr'>annos-</span> 
     </span>
     <span class='ocr_line' id='line_1_45' title="bbox 59 4709 1967 4806; baseline 0.003 -24"><span class='ocrx_word' id='word_1_588' title='bbox 59 4711 60 4726; x_wconf 54' lang='lat'><em>*</em></span> <span class='ocrx_word' id='word_1_589' title='bbox 488 4779 496 4797; x_wconf 82' lang='grc'><strong><em>,</em></strong></span> <span class='ocrx_word' id='word_1_590' title='bbox 541 4781 549 4798; x_wconf 79' lang='lat'>‚</span> <span class='ocrx_word' id='word_1_591' title='bbox 699 4782 706 4800; x_wconf 65' lang='grc'><strong>,</strong></span> <span class='ocrx_word' id='word_1_592' title='bbox 1099 4715 1319 4806; x_wconf 73' lang='lat' dir='ltr'>plttres200.</span> <span class='ocrx_word' id='word_1_593' title='bbox 1372 4713 1468 4782; x_wconf 86' lang='lat' dir='ltr'>llaec</span> <span class='ocrx_word' id='word_1_594' title='bbox 1486 4727 1569 4782; x_wconf 90' lang='lat' dir='ltr'>sunt</span> <span class='ocrx_word' id='word_1_595' title='bbox 1585 4715 1691 4782; x_wconf 87' lang='lat' dir='ltr'>verba</span> <span class='ocrx_word' id='word_1_596' title='bbox 1708 4709 1967 4787; x_wconf 81' lang='lat' dir='ltr'>Demosthenis.</span> 
     </span>
     <span class='ocr_line' id='line_1_46' title="bbox 126 4767 2084 4898; baseline 0.006 -20"><span class='ocrx_word' id='word_1_597' title='bbox 126 4767 197 4844; x_wconf 59' lang='grc' dir='ltr'>ΝΜ</span> <span class='ocrx_word' id='word_1_598' title='bbox 225 4776 439 4878; x_wconf 67' lang='lat' dir='ltr'>l&#39;&#39;¹⁸&#39;’⁵s⁶&#39;⁰⁸</span> <span class='ocrx_word' id='word_1_599' title='bbox 464 4776 599 4853; x_wconf 50' lang='grc' dir='ltr'>ΜΨ</span> <span class='ocrx_word' id='word_1_600' title='bbox 619 4792 796 4882; x_wconf 57' lang='lat' dir='ltr'>“mulum</span> <span class='ocrx_word' id='word_1_601' title='bbox 806 4837 815 4865; x_wconf 79' lang='lat'>’</span> <span class='ocrx_word' id='word_1_602' title='bbox 851 4809 942 4881; x_wconf 70' lang='lat'>⁹⁰⁰⁸</span> <span class='ocrx_word' id='word_1_603' title='bbox 965 4793 1046 4855; x_wconf 66' lang='lat'>⁸¹⁰·</span> <span class='ocrx_word' id='word_1_604' title='bbox 1200 4817 1300 4886; x_wconf 88' lang='lat' dir='ltr'>Talis</span> <span class='ocrx_word' id='word_1_605' title='bbox 1320 4816 1486 4886; x_wconf 89' lang='lat' dir='ltr'>severitas</span> <span class='ocrx_word' id='word_1_606' title='bbox 1502 4816 1530 4884; x_wconf 93' lang='lat' dir='ltr'>si</span> <span class='ocrx_word' id='word_1_607' title='bbox 1547 4839 1643 4882; x_wconf 92' lang='lat' dir='ltr'>nunc</span> <span class='ocrx_word' id='word_1_608' title='bbox 1657 4831 1765 4898; x_wconf 91' lang='lat' dir='ltr'>esset,</span> <span class='ocrx_word' id='word_1_609' title='bbox 1788 4840 1859 4885; x_wconf 93' lang='lat' dir='ltr'>non</span> <span class='ocrx_word' id='word_1_610' title='bbox 1877 4811 2084 4889; x_wconf 84' lang='lat' dir='ltr'>haberemus</span> 
     </span>
    </p>
   </div>
   <div class='ocr_carea' id='block_1_3' title="bbox 59 4883 2083 5318">
    <p class='ocr_par' dir='ltr' id='par_1_3' title="bbox 59 4883 2083 5318">
     <span class='ocr_line' id='line_1_47' title="bbox 164 4883 2082 5011; baseline 0.008 -38"><span class='ocrx_word' id='word_1_611' title='bbox 164 4889 306 4952; x_wconf 57' lang='lat' dir='ltr'>lumini</span> <span class='ocrx_word' id='word_1_612' title='bbox 320 4890 444 4977; x_wconf 65' lang='lat' dir='ltr'>Palm</span> <span class='ocrx_word' id='word_1_613' title='bbox 461 4883 528 4956; x_wconf 65' lang='lat' dir='ltr'>lul·</span> <span class='ocrx_word' id='word_1_614' title='bbox 1098 4932 1151 4990; x_wconf 91' lang='lat' dir='ltr'>tot</span> <span class='ocrx_word' id='word_1_615' title='bbox 1164 4943 1276 4989; x_wconf 90' lang='lat' dir='ltr'>novos</span> <span class='ocrx_word' id='word_1_616' title='bbox 1292 4916 1528 5010; x_wconf 83' lang='lat' dir='ltr'>Dogmatistas</span> <span class='ocrx_word' id='word_1_617' title='bbox 1544 4931 1576 4984; x_wconf 93' lang='lat' dir='ltr'>et</span> <span class='ocrx_word' id='word_1_618' title='bbox 1593 4915 1771 5011; x_wconf 83' lang='lat' dir='ltr'>Lycurgos</span> <span class='ocrx_word' id='word_1_619' title='bbox 1788 4921 1831 4987; x_wconf 92' lang='lat' dir='ltr'>de</span> <span class='ocrx_word' id='word_1_620' title='bbox 1845 4917 1953 4986; x_wconf 87' lang='lat' dir='ltr'>cereis</span> <span class='ocrx_word' id='word_1_621' title='bbox 1968 4932 2002 4988; x_wconf 90' lang='lat' dir='ltr'>et</span> <span class='ocrx_word' id='word_1_622' title='bbox 2016 4942 2082 4988; x_wconf 89' lang='lat' dir='ltr'>uo-</span> 
     </span>
     <span class='ocr_line' id='line_1_48' title="bbox 59 5013 2083 5113; baseline 0.004 -31"><span class='ocrx_word' id='word_1_623' title='bbox 59 5031 60 5034; x_wconf 74' lang='grc'>’</span> <span class='ocrx_word' id='word_1_624' title='bbox 167 5013 216 5085; x_wconf 79' lang='lat' dir='ltr'>Ad</span> <span class='ocrx_word' id='word_1_625' title='bbox 242 5035 486 5110; x_wconf 85' lang='lat' dir='ltr'>praeceptum,</span> <span class='ocrx_word' id='word_1_626' title='bbox 512 5021 594 5092; x_wconf 79' lang='lat' dir='ltr'>Non</span> <span class='ocrx_word' id='word_1_627' title='bbox 617 5023 811 5105; x_wconf 77' lang='lat' dir='ltr'>furaberis,</span> <span class='ocrx_word' id='word_1_628' title='bbox 831 5025 991 5113; x_wconf 82' lang='lat' dir='ltr'>pertinet</span> <span class='ocrx_word' id='word_1_629' title='bbox 1014 5035 1047 5092; x_wconf 83' lang='lat' dir='ltr'>ct</span> <span class='ocrx_word' id='word_1_630' title='bbox 1098 5023 1162 5106; x_wconf 86' lang='lat' dir='ltr'>lis,</span> <span class='ocrx_word' id='word_1_631' title='bbox 1190 5037 1223 5092; x_wconf 89' lang='lat' dir='ltr'>et</span> <span class='ocrx_word' id='word_1_632' title='bbox 1248 5023 1424 5092; x_wconf 88' lang='lat' dir='ltr'>similibus</span> <span class='ocrx_word' id='word_1_633' title='bbox 1445 5022 1568 5104; x_wconf 86' lang='lat' dir='ltr'>rebus,</span> <span class='ocrx_word' id='word_1_634' title='bbox 1595 5043 1743 5112; x_wconf 89' lang='lat' dir='ltr'>quarum</span> <span class='ocrx_word' id='word_1_635' title='bbox 1767 5018 1916 5088; x_wconf 90' lang='lat' dir='ltr'>mutatio</span> <span class='ocrx_word' id='word_1_636' title='bbox 1940 5044 2083 5110; x_wconf 88' lang='lat' dir='ltr'>prorsus</span> 
     </span>
     <span class='ocr_line' id='line_1_49' title="bbox 59 5099 2026 5210; baseline 0.005 -27"><span class='ocrx_word' id='word_1_637' title='bbox 59 5129 60 5160; x_wconf 58' lang='lat' dir='ltr'>t</span> <span class='ocrx_word' id='word_1_638' title='bbox 97 5099 153 5181; x_wconf 66' lang='lat' dir='ltr'>latr</span> <span class='ocrx_word' id='word_1_639' title='bbox 172 5115 382 5206; x_wconf 86' lang='lat' dir='ltr'>prohibitio,</span> <span class='ocrx_word' id='word_1_640' title='bbox 416 5147 461 5210; x_wconf 92' lang='lat' dir='ltr'>ne</span> <span class='ocrx_word' id='word_1_641' title='bbox 486 5124 617 5195; x_wconf 89' lang='lat' dir='ltr'>limites</span> <span class='ocrx_word' id='word_1_642' title='bbox 638 5123 873 5207; x_wconf 80' lang='lat' dir='ltr'>effodiantur,</span> <span class='ocrx_word' id='word_1_643' title='bbox 900 5149 939 5196; x_wconf 91' lang='lat' dir='ltr'>ac</span> <span class='ocrx_word' id='word_1_644' title='bbox 962 5150 1047 5195; x_wconf 91' lang='lat' dir='ltr'>con·</span> <span class='ocrx_word' id='word_1_645' title='bbox 1099 5149 1173 5194; x_wconf 92' lang='lat' dir='ltr'>non</span> <span class='ocrx_word' id='word_1_646' title='bbox 1191 5125 1382 5196; x_wconf 86' lang='lat' dir='ltr'>necessaria</span> <span class='ocrx_word' id='word_1_647' title='bbox 1397 5138 1467 5208; x_wconf 89' lang='lat' dir='ltr'>est,</span> <span class='ocrx_word' id='word_1_648' title='bbox 1494 5138 1527 5193; x_wconf 88' lang='lat' dir='ltr'>et</span> <span class='ocrx_word' id='word_1_649' title='bbox 1543 5123 1678 5192; x_wconf 87' lang='lat' dir='ltr'>nullam</span> <span class='ocrx_word' id='word_1_650' title='bbox 1694 5121 1807 5190; x_wconf 83' lang='lat' dir='ltr'>adfert</span> <span class='ocrx_word' id='word_1_651' title='bbox 1822 5120 2026 5193; x_wconf 88' lang='lat' dir='ltr'>utilitatem.</span> 
     </span>
     <span class='ocr_line' id='line_1_50' title="bbox 59 5215 2083 5318; baseline 0.005 -33"><span class='ocrx_word' id='word_1_652' title='bbox 59 5285 60 5292; x_wconf 69' lang='grc'>,</span> <span class='ocrx_word' id='word_1_653' title='bbox 99 5215 250 5290; x_wconf 82' lang='lat' dir='ltr'>turbentur</span> <span class='ocrx_word' id='word_1_654' title='bbox 271 5222 376 5307; x_wconf 79' lang='lat' dir='ltr'>lines,</span> <span class='ocrx_word' id='word_1_655' title='bbox 403 5225 493 5298; x_wconf 87' lang='lat' dir='ltr'>sicut</span> <span class='ocrx_word' id='word_1_656' title='bbox 515 5249 675 5318; x_wconf 82' lang='lat' dir='ltr'>expresse</span> <span class='ocrx_word' id='word_1_657' title='bbox 696 5228 918 5314; x_wconf 81' lang='lat' dir='ltr'>dictumest,</span> <span class='ocrx_word' id='word_1_658' title='bbox 943 5227 1048 5298; x_wconf 88' lang='lat' dir='ltr'>Deut.</span> <span class='ocrx_word' id='word_1_659' title='bbox 1201 5230 1254 5298; x_wconf 86' lang='lat' dir='ltr'>Ac</span> <span class='ocrx_word' id='word_1_660' title='bbox 1277 5229 1401 5298; x_wconf 89' lang='lat' dir='ltr'>iubent</span> <span class='ocrx_word' id='word_1_661' title='bbox 1424 5226 1491 5294; x_wconf 85' lang='lat' dir='ltr'>viri</span> <span class='ocrx_word' id='word_1_662' title='bbox 1516 5224 1650 5316; x_wconf 92' lang='lat' dir='ltr'>politici</span> <span class='ocrx_word' id='word_1_663' title='bbox 1673 5223 1790 5315; x_wconf 88' lang='lat' dir='ltr'>aliqua</span> <span class='ocrx_word' id='word_1_664' title='bbox 1817 5245 1922 5314; x_wconf 87' lang='lat' dir='ltr'>parva</span> <span class='ocrx_word' id='word_1_665' title='bbox 1947 5225 2083 5294; x_wconf 86' lang='lat' dir='ltr'>incont-</span> 
     </span>
    </p>
   </div>
   <div class='ocr_carea' id='block_1_4' title="bbox 59 5311 2086 5438">
    <p class='ocr_par' dir='ltr' id='par_1_4' title="bbox 59 5311 2086 5438">
     <span class='ocr_line' id='line_1_51' title="bbox 59 5311 2086 5438; baseline 0.009 -61"><span class='ocrx_word' id='word_1_666' title='bbox 59 5339 61 5438; x_wconf 52' lang='grc' dir='ltr'><strong>ι</strong></span> <span class='ocrx_word' id='word_1_667' title='bbox 102 5311 149 5387; x_wconf 78' lang='lat' dir='ltr'>tt:</span> <span class='ocrx_word' id='word_1_668' title='bbox 179 5321 257 5392; x_wconf 82' lang='lat' dir='ltr'>Non</span> <span class='ocrx_word' id='word_1_669' title='bbox 282 5325 469 5395; x_wconf 83' lang='lat' dir='ltr'>transieras</span> <span class='ocrx_word' id='word_1_670' title='bbox 489 5329 664 5400; x_wconf 88' lang='lat' dir='ltr'>terminos</span> <span class='ocrx_word' id='word_1_671' title='bbox 685 5342 749 5401; x_wconf 86' lang='lat' dir='ltr'>etc.</span> <span class='ocrx_word' id='word_1_672' title='bbox 807 5327 855 5402; x_wconf 84' lang='lat' dir='ltr'>Et</span> <span class='ocrx_word' id='word_1_673' title='bbox 881 5353 953 5424; x_wconf 89' lang='lat' dir='ltr'>cap.</span> <span class='ocrx_word' id='word_1_674' title='bbox 970 5333 1047 5404; x_wconf 65' lang='lat' dir='ltr'>DL:</span> <span class='ocrx_word' id='word_1_675' title='bbox 1072 5378 1075 5420; x_wconf 71' lang='lat'>,</span> <span class='ocrx_word' id='word_1_676' title='bbox 1100 5329 1203 5399; x_wconf 89' lang='lat' dir='ltr'>moda</span> <span class='ocrx_word' id='word_1_677' title='bbox 1228 5332 1430 5400; x_wconf 91' lang='lat' dir='ltr'>condonare</span> <span class='ocrx_word' id='word_1_678' title='bbox 1448 5324 1713 5410; x_wconf 89' lang='lat' dir='ltr'>consuetudini,</span> <span class='ocrx_word' id='word_1_679' title='bbox 1739 5350 1785 5395; x_wconf 90' lang='lat' dir='ltr'>ne</span> <span class='ocrx_word' id='word_1_680' title='bbox 1800 5324 2086 5420; x_wconf 82' lang='lat' dir='ltr'>motaPtepubli·</span> 
     </span>
    </p>
   </div>
   <div class='ocr_carea' id='block_1_5' title="bbox 1521 5425 1574 5498">
    <p class='ocr_par' dir='ltr' id='par_1_5' title="bbox 1521 5425 1574 5498">
     <span class='ocr_line' id='line_1_52' title="bbox 1521 5425 1574 5498; baseline 0 -26"><span class='ocrx_word' id='word_1_681' title='bbox 1521 5425 1574 5498; x_wconf 63' lang='grc'>4*</span> 
     </span>
    </p>
   </div>
   <div class='ocr_carea' id='block_1_6' title="bbox 0 0 2362 5826">
    <p class='ocr_par' dir='ltr' id='par_1_6' title="bbox 0 0 2362 5826">
     <span class='ocr_line' id='line_1_53' title="bbox 0 0 2362 5826; baseline 0 7"><span class='ocrx_word' id='word_1_682' title='bbox 0 0 2362 5826; x_wconf 95' lang='lat' dir='ltr'> </span> 
     </span>
    </p>
   </div>
  </div>
 </body>
</html>
