4714 5826
271 172 322 244 99

762 143 765 152 ’
875 167 1000 242 rulo.
1028 165 1144 242 uno.
1174 165 1383 242 scalers
1411 165 1707 256 uxnosncx.
1751 131 1789 282 .-

1908 1 1995 92 'r

2232 172 2307 244 100

279 345 399 412 dinem
422 365 502 411 curn
521 341 725 424 divinitate,
751 341 790 409 in
807 365 876 434 qua
892 341 989 413 Deus
1005 342 1072 412 erit
1087 343 1207 412 omnia
1225 342 1263 410 in
1312 342 1421 410 remia
1440 353 1474 410 et
1487 343 1664 413 similibus
1679 367 1816 435 semper
1833 368 1912 416 cum
1929 345 2131 417 obedientia
2150 346 2307 415 coniun-

279 445 457 524 omnibus.
509 443 585 513 Hac
601 443 671 512 fide
689 445 906 534 obtemperet
915 440 1011 528 Deo,
1036 457 1131 514 recta
1147 444 1263 524 iaciat,

1314 457 1388 512 ctae
1405 456 1488 512 sunt
1506 437 1573 514 hae
1591 447 1756 526 virtutes,
1782 445 1867 515 fides
1884 460 1916 516 et
1933 471 2031 538 spes,
2057 461 2092 518 et
2106 442 2174 516 hae
2187 449 2306 516 virtu-

278 560 312 614 et
337 546 533 637 acquiescat
553 546 592 612 in
607 541 702 628 Deo,
728 567 803 612 non
824 545 1087 633 indignatione,
1113 568 1188 615 non
1201 546 1263 614 de·
1312 557 1382 625 tes,
1408 545 1496 613 fides
1509 557 1543 614 et
1555 569 1633 635 spes
1648 547 1799 636 gignunt
1814 547 1986 618 laeticiam
2002 550 2040 616 in
2055 551 2179 634 corde,
2205 550 2305 617 iuxta

280 649 477 737 speratione
499 645 641 716 abiiciat
663 645 778 716 officia
801 645 1012 734 vocationis,
1038 671 1111 717 non
1130 661 1208 718 ruat
1226 646 1263 715 in

279 752 495 820 contemtum
512 744 580 816 Dei
595 741 822 838 Epicureum.

363 915 458 990 'Hac
486 917 730 989 admonitione
759 921 804 988 de
827 941 903 990 ,usu
924 919 1008 990 libri
1033 921 1265 1005 considerata,

281 1022 382 1090 lectio
406 1036 440 1091 et
461 1021 569 1110 magis
591 1020 774 1112 perspicua
798 1034 833 1090 et
855 1021 995 1092 dulcior
1017 1023 1099 1108 erit,
1125 1045 1164 1092 ac
1180 1046 1263 1112 pro-

279 1125 470 1214 pemodum
492 1145 629 1193 summa
652 1121 769 1212 operis
789 1122 992 1193 continetur
1007 1125 1046 1192 in
1061 1119 1117 1192 his
1132 1124 1264 1193 dulcis-

280 1223 378 1294 simis
402 1224 533 1313 regulis
551 1223 661 1298 vitae.
721 1220 861 1292 Psalmo
884 1223 960 1296 tn:
995 1225 1167 1297 Subditus
1190 1237 1263 1294 esto

278 1323 375 1410 Deo,
405 1338 441 1397 et
461 1348 523 1396 ora
548 1348 639 1397 eum.
687 1321 910 1405 ,Commendat
935 1322 1012 1396 Deo
1036 1327 1129 1396 ctam
1153 1341 1264 1411 tuam,

279 1438 314 1496 et
340 1451 441 1517 spera
472 1427 512 1494 in
541 1450 639 1511 eum,
671 1439 705 1495 et
732 1423 808 1521 ipse
832 1426 946 1500 faciet.
1009 1425 1164 1519 Expecta
1187 1424 1263 1497 Do-

279 1528 418 1609 minum
429 1583 448 1612 ,a
465 1541 501 1597 et
516 1528 654 1599 custodi
670 1527 765 1596 viam
780 1527 867 1598 eius.
921 1527 1013 1598 lacta
1031 1553 1152 1600 curam
1167 1544 1263 1600 tuam

205 1650 209 1659 ·
279 1630 318 1698 in
340 1626 555 1715 Dominum,
590 1645 625 1699 et
654 1628 728 1718 ipse
756 1640 790 1698 te
811 1631 1033 1700 sustentabit.
1101 1629 1264 1700 Primum

280 1732 437 1823 quaerite
447 1725 599 1820 'regnum
612 1727 698 1815 Dei,
725 1744 759 1800 'et
774 1747 907 1802 caetera
922 1732 1135 1802 adiicientur
1152 1735 1264 1804 vobis.

278 1830 332 1902 Ne
355 1833 431 1903 sitis
452 1833 582 1904 soliciti
601 1833 645 1900 de
666 1832 838 1914 crastino,
865 1834 992 1904 sufficit
1012 1833 1085 1902 diei
1107 1834 1263 1904 afflictio.

279 1931 350 2004 Fac
367 1935 577 2018 necessaria,
603 1949 637 2004 et
650 1947 729 2024 pete
743 1957 783 2002 ac
798 1944 939 2026 expecta
957 1933 1130 2006 auxilium
1145 1957 1164 2004 a
1178 1931 1265 2020 Deo,

280 2059 345 2105 nec
365 2059 506 2106 moveas
524 2059 599 2106 non
612 2035 815 2104 necessaria.
862 2035 933 2108 Sed
949 2036 1091 2108 intuens
1109 2037 1147 2105 in
1164 2059 1265 2106 man-

281 2139 363 2206 data
392 2136 479 2218 Dei,
520 2134 612 2206 hanc
640 2159 803 2205 normam
834 2138 1008 2229 sequaris,
1041 2153 1075 2208 et
1105 2138 1194 2208 scias
1222 2161 1264 2207 ex

279 2233 476 2328 Evangelio
507 2239 642 2329 placere
675 2237 915 2306 obedientiam
947 2253 1091 2330 propter
1123 2237 1261 2318 Media-

280 2354 411 2424 torem,
443 2354 476 2408 et
500 2362 563 2429 per
585 2362 665 2408 eum
690 2361 729 2406 ac
754 2350 899 2428 propter
921 2363 1000 2408 eum
1024 2339 1162 2409 labores
1184 2355 1264 2411 tuos

280 2443 356 2510 lore
376 2440 565 2521 salutares,
588 2440 678 2509 sicut
701 2439 835 2530 inquit:
867 2437 953 2510 Sine
972 2465 1029 2510 me
1051 2436 1144 2509 nihil
1167 2456 1265 2531 pote-

281 2542 343 2612 stis
372 2541 497 2614 iacere.
557 2537 606 2610 Et
627 2537 759 2610 Paulus
788 2541 921 2632 inquit:
954 2539 1036 2611 Non
1059 2543 1127 2612 erit
1148 2543 1265 2612 inanis

278 2645 381 2713 labor
403 2659 516 2716 vester
534 2644 574 2711 in
589 2641 762 2715 Domino.
812 2639 951 2714 Efficiet
968 2644 1042 2735 ipse
1058 2641 1171 2714 Filius
1184 2642 1264 2734 Dei,

279 2758 319 2816 ut
335 2767 458 2818 cursus
473 2757 555 2817 tuus
570 2740 884 2835 prositEcclesiae,
910 2745 1000 2814 sicut
1013 2745 1182 2835 scriptum
1197 2760 1264 2818 est:

281 2848 469 2933 Ascendit,
516 2847 616 2916 dedit
654 2847 748 2916 dona
785 2841 1010 2932 hominibus,
1061 2844 1266 2938 Prophetas,

281 2943 491 3040 Apostolos,
524 2949 685 3018 doctores
701 2959 765 3020 etc.
823 2942 871 3017 Et
894 2947 932 3018 in
953 2946 1095 3020 Psalmo
1119 2950 1264 3020 dicitur:

165 3136 175 3156 ,
283 3049 356 3140 Qui
371 3051 433 3120 dat
447 3049 597 3122 salutem
613 3048 765 3138 regibus.
810 3138 820 3153 ο

341 3213 346 3216 ’
383 3222 458 3292 Has
473 3222 730 3293 consolationes
745 3243 843 3293 veras
856 3236 892 3294 et
905 3224 1075 3295 salutares
1092 3246 1176 3308 esse,
1200 3224 1265 3292 bo-

280 3347 347 3395 nae
370 3339 504 3396 mentes
527 3322 741 3414 intelligunt.
792 3323 838 3394 Et
860 3324 943 3418 quia
960 3347 1086 3413 magna
1103 3348 1184 3416 pars
1200 3319 1268 3420 ¹¹³5

255 3451 360 3499 -rum
387 3427 672 3497 consolationum
703 3426 857 3517 pertinet
882 3427 927 3495 ad
957 3426 1144 3512 virtutem,
1176 3449 1265 3520 quae

278 3528 485 3599 nominatur
506 3526 699 3612 Patientia,
730 3529 885 3599 breviter
906 3528 1010 3597 initio
1032 3543 1066 3600 et
1085 3523 1177 3598 hanc
1201 3531 1264 3598 ad-

279 3629 515 3702 monitionem
544 3630 684 3701 addam.
742 3625 876 3698 Notum
905 3629 951 3697 sit
980 3629 1170 3699 discrimen
1200 3654 1264 3720 pa·

242 3739 244 3750 ’
280 3730 424 3802 tientiae
461 3725 728 3823 philosophicae
762 3741 795 3799 et
822 3723 1057 3805 Christianae.
1117 3729 1262 3801 Patien-

277 3833 327 3902 tia
353 3827 599 3923 philosophica
627 3844 681 3928 est
700 3830 846 3900 obedire
869 3831 998 3900 rationi
1020 3835 1058 3902 in
1084 3835 1263 3923 perferen-

278 3935 339 4006 dis
349 3935 394 4004 iis
406 3933 590 4004 laboribus
602 3946 637 4003 et
649 3933 830 4002 aerumnis
843 3955 931 4025 quas
944 3932 1041 4004 iubet
1056 3936 1146 4004 ratio
1160 3935 1263 4021 serre,

278 4049 312 4108 et
335 4031 427 4104 nihil
448 4035 561 4106 lacere
581 4047 703 4104 contra
726 4034 920 4119 iusticiam,
946 4048 981 4104 et
994 4031 1059 4105 hac
1074 4037 1160 4107 recti
1175 4061 1262 4107 con-

276 4137 422 4208 scientia
437 4137 617 4208 moderari
631 4136 802 4208 dolorem.
843 4132 1027 4207 Interdum
1042 4153 1160 4208 autem
1175 4136 1261 4208 haec

276 4233 522 4328 philosophica
551 4237 718 4329 patientia
747 4251 798 4308 est
831 4237 906 4307 sine
936 4237 1010 4308 ulla
1042 4263 1103 4334 spe
1125 4241 1261 4326 auxilii,

277 4363 358 4410 cum
381 4339 545 4410 videlicet
560 4339 650 4409 ratio
668 4361 744 4408 non
759 4339 914 4410 ostendit
928 4341 1098 4408 auxilium
1114 4354 1176 4412 aut
1192 4342 1261 4410 mi-

205 4505 207 4510 .
274 4440 481 4531 ligationem
504 4453 585 4510 ante
606 4453 776 4524 mortem,
801 4453 840 4510 ut
859 4441 1051 4527 Aristides,
1076 4440 1259 4528 Camillus,

272 4565 384 4636 aequo
408 4541 528 4612 animo
549 4541 668 4612 ierunt
690 4541 843 4614 iniurias
863 4556 898 4612 et
917 4544 1044 4630 exilia,
1068 4568 1133 4616 nec
1154 4569 1258 4637 expe-

272 4657 368 4716 ctant
383 4641 555 4716 auxilium
570 4666 590 4713 a
605 4639 695 4716 Deo.

372 4795 443 4889 Sed
468 4813 636 4904 patientia
658 4809 858 4886 Christiana
876 4827 934 4885 ,est
957 4815 1101 4885 obedire
1117 4812 1193 4886 Deo
1217 4818 1255 4886 in

1314 645 1376 714 illa
1399 647 1509 716 dicta:
1537 643 1719 734 iustificati
1741 648 1809 716 lide
1823 673 1943 738 pacem
1960 646 2144 724 habemus.
2196 649 2305 726 ltem:

1314 743 1386 816 Pax
1402 743 1470 816 Dei
1485 750 1659 818 custodiat
1677 751 1782 818 corda
1801 765 1925 822 vestra.
1976 749 2058 822 Huc
2074 751 2226 844 pertinet
2244 775 2307 820 re-

1314 849 1395 937 gula
1418 844 1568 917 Paulina
1593 850 1722 940 scripta
1745 853 1790 920 ad
1813 847 2163 924 Thessalonicenses:
2198 851 2307 924 Sem-

1315 972 1377 1039 per
1397 952 1565 1038 gaudete,
1590 951 1806 1021 incessanter
1826 970 1943 1038 orate,
1956 957 2007 1022 ¹iu
2029 955 2197 1024 omnihus
2221 976 2308 1042 gra-

1314 1051 1380 1120 tias
1394 1053 1494 1140 agite.
1541 1049 1590 1122 Ut
1605 1066 1722 1123 autem
1737 1048 1823 1123 haec
1838 1055 1924 1124 fides
1940 1058 2152 1126 accendatur
2167 1057 2205 1125 in
2221 1079 2307 1124 cor-

1315 1152 1420 1222 dibus
1451 1152 1600 1232 nostris,
1633 1177 1773 1224 necesse
1795 1169 1847 1223 est
1867 1179 1971 1226 nosse
1996 1154 2230 1248 Evangelium
2258 1158 2307 1224 de

1314 1255 1521 1324 remissione
1538 1269 1777 1346 peccatorum,
1805 1271 1838 1325 ot
1854 1259 1898 1326 de
1915 1259 2202 1330 reconciliatione
2218 1281 2307 1348 pro-

1315 1368 1392 1444 pter
1414 1354 1648 1429 Mediatorem
1674 1355 1808 1431 Filium
1828 1354 1895 1427 Dei
1916 1357 2112 1440 Dominum
2139 1373 2305 1430 nostrum

1317 1453 1431 1527 lesum
1461 1451 1655 1529 Christum.
1705 1456 1813 1529 Hunc
1843 1460 2003 1530 intuetur
2031 1461 2136 1547 fides,
2172 1474 2205 1531 et
2237 1460 2306 1530 scit

1315 1581 1378 1646 per
1399 1582 1479 1628 eum
1499 1582 1564 1628 nos
1580 1560 1663 1629 duci
1682 1561 1725 1628 ad
1743 1574 1925 1642 aeternum
1945 1577 2101 1653 patrem,
2125 1562 2190 1632 scit
2205 1555 2305 1630 hunc

1316 1657 1552 1728 Mediatorem
1573 1662 1819 1730 umbraculum
1845 1685 1933 1746 esse,
1966 1687 2036 1756 quo
2059 1663 2229 1752 tegimur,
2257 1687 2305 1732 ne

1315 1756 1493 1830 horrenda
1516 1761 1569 1830 ira
1586 1760 1653 1831 Dei
1677 1763 1943 1852 extinguamur,
1967 1781 2002 1834 et
2022 1789 2068 1834 ne
2087 1763 2222 1835 diaboli
2244 1788 2306 1833 ra·

1316 1863 1410 1931 biem
1439 1885 1539 1932 suam
1561 1887 1719 1932 exercere
1742 1865 1780 1931 in
1804 1887 1869 1933 nos
1890 1867 2046 1954 possint,
2076 1875 2123 1935 ut'
2141 1867 2306 1955 cupiunt,

1315 1965 1380 2033 scit
1394 1965 1510 2032 iuvari
1526 1980 1560 2035 et
1577 1966 1710 2034 servari
1725 1962 1915 2060 Ecclesiam
1934 1989 1997 2055 per
2011 1961 2106 2036 hunc
2123 1966 2305 2035 Mediato-

1315 2089 1389 2134 rem
1414 2063 1547 2134 Filium
1568 2064 1646 2138 Dei.
1699 2063 1795 2134 Haec
1816 2067 1943 2135 fiducia
1965 2067 2175 2138 Mediatoris
2199 2090 2306 2156 prae·
2345 2128 2348 2142 ,

1315 2166 1430 2236 luceat
1454 2167 1621 2238 omnibus
1643 2166 1722 2236 aliis
1745 2167 1964 2250 actionibus,
1987 2181 2026 2238 ut
2043 2191 2145 2260 saepe
2160 2167 2305 2260 copiose

1317 2268 1458 2339 dicitur.

1419 2411 1576 2491 Omitto
1594 2424 1716 2514 longas
1746 2427 1990 2510 recitationes,
2032 2427 2211 2520 quomodo
2245 2421 2305 2496 hic

1315 2522 1407 2590 liber
1449 2524 1575 2592 alienis
1613 2526 1966 2616 interpretationibus
2000 2527 2207 2598 obscuratus
2246 2529 2305 2597 sit.

1317 2617 1393 2692 Alii
1423 2619 1604 2718 physicam
1634 2631 1894 2700 enarrationem
1924 2629 2191 2723 quaesiverunt:
2239 2629 2305 2698 alii

1315 2725 1503 2810 fanaticas,
1534 2729 1635 2820 quasi
1663 2728 1756 2799 liber
1783 2732 1928 2802 damnet
1957 2730 2141 2820 coniugia,
2172 2731 2305 2818 guber-

1316 2827 1496 2915 nationes,
1519 2828 1661 2899 labores
1684 2833 1897 2902 necessarios
1918 2833 1957 2900 in
1970 2827 2147 2918 Ecclesia,
2171 2829 2305 2902 Politia

1317 2942 1352 2996 et
1374 2924 1615 3015 Oeconomia,
1654 2945 1687 3002 et
1716 2935 1894 3005 iusserunt
1921 2934 2035 3002 deseri
2069 2933 2305 3004 vocationem.

1317 3027 1413 3098 Haec
1448 3031 1680 3103 deliramenta
1711 3030 1973 3105 Monachorum
2006 3034 2195 3104 reiicieuda
2227 3057 2305 3104 esse

1317 3131 1423 3201 initio
1439 3135 1579 3202 moneri
1595 3156 1734 3204 necesse
1750 3150 1811 3206 est.
1870 3135 1953 3206 Nou
1970 3138 2116 3206 damnat
2130 3135 2304 3206 Salomon

1317 3247 1491 3303 creaturas
1506 3232 1593 3316 Dei,
1619 3259 1684 3305 nec
1706 3239 1946 3321 vocationem,
1971 3239 2045 3305 imo
2058 3237 2156 3308 iubet
2171 3233 2226 3306 his
2244 3261 2304 3306 re·

1317 3347 1481 3404 verenter
1510 3350 1546 3406 et
1573 3338 1699 3406 ordine
1730 3339 1801 3424 uti,
1831 3341 1892 3409 sed
1918 3341 2064 3408 damnat
2082 3339 2121 3408 in
2143 3332 2304 3408 humano

1317 3437 1422 3504 corde
1449 3439 1711 3527 perversionem
1743 3442 1899 3525 ordinis,
1931 3441 2025 3534 quod
2059 3441 2107 3513 ita
2137 3453 2306 3510 movetur

1316 3539 1521 3625 spectaculis
1542 3552 1752 3624 eventuum,
1776 3554 1817 3612 ut
1838 3543 1977 3612 dubitet
1997 3543 2041 3610 de
2064 3541 2304 3632 providentia.

1316 3637 1404 3711 Cum
1421 3653 1538 3709 autem
1555 3641 1662 3710 salsae
1678 3642 1985 3734 interpretationes
2001 3636 2109 3713 huius
2124 3643 2210 3712 libri
2224 3666 2306 3712 ma-

1315 3764 1421 3831 gnam
1451 3741 1638 3830 caliginem
1667 3743 1862 3816 offuderint
1891 3744 2073 3815 doctrinae
2100 3740 2305 3833 Evangelii,

1314 3843 1402 3913 utile
1431 3857 1483 3914 est
1508 3844 1667 3915 iuniores
1700 3845 1744 3914 de
1768 3845 1919 3938 simplici
1945 3845 2118 3918 sententia
2142 3867 2304 3916 commo-

1314 3945 1445 4014 nelieri.

1416 4097 1544 4191 Sparsa
1573 4114 1623 4170 est
1653 4101 1692 4170 in
1717 4097 1908 4172 Ecclesiam
1940 4101 2025 4170 falsa
2055 4103 2303 4194 interpretatio

1313 4199 1416 4270 dicti:
1452 4199 1564 4270 Nemo
1595 4202 1661 4271 scit
1690 4227 1736 4271 an
1761 4226 1880 4272 amore
1905 4204 1961 4272 vel
1982 4202 2065 4272 odio
2089 4205 2219 4294 diguus
2243 4206 2305 4280 sit.

1313 4297 1353 4371 ld
1385 4303 1519 4371 dictum
1543 4317 1664 4372 contra
1686 4304 1795 4376 huius
1814 4306 1899 4374 libri
1921 4305 2130 4374 sententiam
2155 4329 2304 4378 enarra-

1311 4418 1379 4473 tur.
1432 4402 1579 4495 Semper
1595 4403 1735 4476 dubites
1750 4433 1795 4476 an
1812 4403 1887 4475 Deo
1904 4407 2060 4496 placeas,
2083 4431 2163 4476 cum
2181 4407 2304 4478 tamen

1312 4503 1482 4574 Salomon
1497 4503 1580 4576 huic
1595 4508 1813 4578 dubitationi
1829 4508 1963 4576 mederi
1980 4507 2076 4576 velit.
2132 4506 2215 4579 Non
2231 4511 2303 4582 du-

1310 4607 1424 4676 bitant
1441 4603 1608 4678 Ieremias
1628 4609 1685 4678 vel
1709 4611 1770 4677 alii
1794 4596 1974 4680 credentes
1999 4633 2035 4678 se
2051 4609 2188 4700 placere
2205 4611 2302 4699 Deo,

1309 4707 1447 4778 etiamsi
1469 4711 1590 4779 vident
1610 4709 1827 4798 conflagrare
1848 4712 2018 4800 patriam,
2044 4725 2136 4780 etse
2160 4713 2198 4780 in
2220 4715 2301 4783 exi·-

1308 4809 1395 4878 lium
1418 4811 1562 4881 abduci:
1588 4805 1655 4879 hoc
1679 4810 1794 4902 ipsum
1818 4812 1914 4880 enim
1939 4811 2016 4882 vult
2032 4811 2223 4898 Salomon,
2251 4819 2299 4886 de

200 4927 206 4934 '
269 4915 326 4988 his
356 4917 540 4989 laboribus
569 4928 603 4985 et
634 4915 811 4986 aerumnis
839 4917 1014 5000 ferendis,
1049 4940 1135 5010 quas
1156 4920 1254 4990 iubet
1307 4911 1490 4982 voluntate
1507 4913 1576 4982 Dei
1597 4935 1638 4980 ex
1659 4913 1733 4981 eius
1756 4916 1884 4998 verbo,
1908 4909 1982 4984 non
1997 4939 2038 4983 ex
2055 4915 2218 4986 secundis
2236 4933 2301 4990 aut

266 5017 364 5090 Deus
388 5022 501 5101 ferre,
534 5029 569 5086 et
591 5011 682 5086 nihil
705 5018 820 5088 facere
846 5031 968 5088 contra
990 5019 1185 5105 iusticiam,
1218 5035 1251 5092 et
1305 5015 1460 5085 adversis
1488 5014 1672 5084 eventibus
1704 5015 1742 5083 in
1772 5011 1836 5086 hac
1859 5014 1931 5084 vita
1951 5017 2184 5088 iudicandum
2207 5041 2300 5095 esse.

266 5135 384 5213 petere
412 5146 451 5190 ac
480 5131 658 5210 expectare
688 5117 860 5190 auxilium
886 5145 925 5190 ac
948 5120 1203 5209 mitigationem
1231 5146 1250 5190 a
1303 5111 1399 5186 Haec
1416 5119 1460 5187 de
1477 5113 1700 5205 Argumento
1715 5117 1842 5188 dixisse
1860 5117 1944 5187 satis
1961 5129 2024 5188 est.

264 5224 345 5294 Deo
368 5236 511 5313 propter
526 5217 780 5305 Mediatorem,
806 5236 840 5292 et
860 5216 925 5291 hac
940 5221 1068 5292 fiducia
1086 5245 1248 5311 praesen-

1652 5307 1914 5326 Μ

260 5325 330 5398 tiae
342 5321 411 5395 Dei
427 5321 603 5393 moderari
618 5322 788 5416 dolorem.
842 5321 895 5395 lta
909 5321 1110 5411 iuDavide,
1135 5325 1173 5393 in
1191 5321 1247 5394 le·
1333 5425 1338 5438 Ι
