4590 5808
67 167 123 240 m
269 155 352 232 xn.
406 143 800 226 aanornnonus
821 142 893 216 ur
921 93 1280 222 condonastis
1307 96 1490 212 avano.
1517 133 1797 220 utranam.
1968 147 2042 219 aaa

62 340 108 416 sti,
128 357 184 428 quo
204 341 373 404 asseverat
389 341 424 400 et
439 322 633 420 promittit,
664 319 805 392 Patrem
818 329 1002 388 aeternum
1054 327 1248 404 mergatur:
1274 311 1334 381 sed
1350 322 1442 382 certa
1460 312 1587 382 fiducia
1605 315 1746 386 statuite
1767 339 1828 385 vos
1845 319 1922 388 Deo
1936 343 2040 389 curae

63 441 154 508 eodem
170 459 278 506 amore
298 455 365 502 nos
386 428 651 522 complexurum
676 445 769 506 esse,
794 445 866 514 quo
888 419 1002 488 lilium
1055 437 1147 493 esse,
1173 438 1234 483 vos
1252 414 1398 504 respici,
1420 409 1486 483 bac
1510 415 1579 483 fide
1604 419 1805 489 accedentes
1828 433 1932 513 atque
1955 427 2041 490 con-

62 553 242 610 coreternum
271 532 527 624 complectitur.
590 525 682 598 Cum
716 526 834 616 itaque
864 534 1002 591 tanturn
1054 518 1228 606 fugientes
1251 519 1294 586 ad
1311 513 1425 585 Deum
1448 530 1640 608 exspectate
1663 520 1833 591 auxilium
1857 536 1891 591 et
1911 523 2041 592 libera-

61 641 223 710 incendium
243 639 288 707 sit
309 636 439 707 amoris
463 635 501 702 in
515 629 610 710 Deo,
637 649 788 719 cumque
810 620 1004 716 praeceptis
1054 620 1187 688 tionem
1211 618 1387 704 divinam,
1411 613 1566 692 Roman.
1584 619 1658 689 10.:
1685 619 1876 709 Quomodo
1896 625 2041 695 invoca-

58 759 82 812 ει
100 740 368 834 promissionibus
390 735 540 820 divinis,
565 730 663 801 velut
685 726 952 812 exstimulemur
969 734 1004 792 et
1055 723 1165 805 bunt,
1190 720 1318 791 sinon
1342 717 1508 790 credenti
1556 719 1667 809 Quasi
1691 724 1800 796 dicat:
1827 723 1908 794 Non
1932 741 2044 816 potest

58 845 203 932 adigamur
215 847 256 913 ad
273 841 506 933 precandum:
532 847 625 904 certe
645 831 858 901 debebamus
874 827 1004 896 arden·
1057 823 1203 892 existere
1229 846 1310 893 vera
1334 822 1511 893 invocatio
1540 824 1615 893 sine
1641 825 1729 910 lide,
1773 851 1946 920 quacum
1971 853 2044 898 non

57 961 94 1012 nr
117 959 145 1014 et
165 945 250 1014 serio
273 945 311 1013 in
336 941 503 1012 omnibus
531 934 716 1028 periculis,
746 930 948 1000 animorum
971 940 1004 997 et
1057 925 1243 1015 eriguntur
1271 937 1304 994 et
1333 936 1575 994 sustentantur
1603 928 1727 1010 corda,
1761 929 1902 1018 fugiunt
1926 927 2044 1001 Deum

56 1069 227 1136 corporum,
257 1069 320 1116 seu
341 1045 381 1112 in
413 1039 580 1113 omnibns
605 1033 891 1116 necessitatibus,
924 1052 1004 1098 curn
1057 1023 1298 1106 horribiliter,
1324 1039 1462 1098 tanturn
1480 1028 1576 1096 abest
1592 1040 1632 1098 ut
1647 1028 1825 1105 invocent.

56 1140 632 1235 ⁵Plfllt¹³lib¹1⁸l⁰ffl⁰⁰¹P⁰f³llb¹¹⁸s
658 1136 825 1228 gratiam,
850 1154 1004 1252 ⁸⁸Pssfa‘
1159 1162 1346 1233 lacobi1.:
1373 1162 1411 1235 Si
1440 1165 1519 1255 quis
1542 1163 1676 1255 indiget
1698 1167 1890 1260 sapientia,
1917 1185 2045 1262 potata

56 1249 404 1320 lllltfflstffll⁵³l⁰¹¹0m
431 1257 672 1337 P⁰⁶⁰³l⁰¹¹¹mt
700 1237 1003 1356 ⁰⁰¹¹fi‚r{¹‘³¹{⁰¹¹²m
1057 1263 1154 1350 Deo,
1194 1264 1339 1357 quidet
1367 1265 1535 1335 omnibus
1565 1268 1733 1357 benigne,
1773 1291 1813 1339 ac
1842 1271 2047 1362 impetrabit

54 1350 130 1434 fidel,
166 1351 461 1467 ⁶⁰¹¹⁸Ol³fi⁰¹¹0¹fts
511 1344 702 1421 ‘millum’
750 1349 1006 1452 m¹¹¹3³¹¹⁰¹¹⁸¹f¹
1059 1392 1155 1452 carn,
1180 1380 1275 1458 petat
1296 1378 1412 1437 autern
1438 1369 1477 1437 in
1501 1365 1571 1438 fide
1594 1365 1687 1438 nibil
1711 1365 1896 1447 haesitans.
1956 1375 2046 1446 Nam

54 1473 232 1538 poenarum,
259 1467 293 1524 et
315 1463 571 1568 sempstffllflm·
589 1445 756 1560 ⁸³l¹¹¹⁹¹3¹3
782 1463 865 1510 ΜΟ
891 1438 1008 1508 ⁰⁰‘d¹⁵
1060 1470 1228 1548 dubitans
1261 1469 1386 1538 similis
1410 1484 1461 1539 est
1482 1470 1649 1541 fluctibus
1670 1473 1837 1560 marinis,
1875 1477 1938 1569 qui
1960 1503 2047 1548 ven-

54 1554 172 1638 temhu,
196 1555 359 1646 precibus
379 1577 418 1621 ³⁰
434 1552 590 1622 lflfflfflss
605 1546 811 1637 ⁸¹¹lll³l¹⁶¹ter
829 1543 874 1610 ad
889 1539 1006 1608 Deum
1061 1588 1180 1644 torum
1210 1571 1343 1662 impetu
1372 1571 1547 1642 iactantur
1575 1587 1608 1643 ct
1634 1573 1949 1664 circumsedentum
1984 1605 2048 1650 nec

53 1655 282 1744 ⁶⁰¹¹f⁰dl⁰⁰less
309 1678 495 1748 quaerere,
522 1663 641 1741 Peme
665 1671 706 1717 ³⁰
728 1656 947 1738 0¹⁵P²⁰l³r⁰s
975 1652 1010 1708 εἴ
1063 1675 1158 1744 enirn
1190 1673 1379 1762 indulgens
1411 1674 1630 1745 diffidentiae
1661 1680 1869 1766 persuadeat
1890 1680 1979 1764 sibi,
2014 1705 2050 1751 se

54 1756 235 1843 quotidianis
251 1757 471 1849 assiduisque
488 1751 700 1823 clamoribus
718 1749 918 1838 impetrare.
1062 1777 1251 1870 quicquam
1285 1789 1509 1865 accepturum
1540 1775 1754 1852 ,130me
1822 1777 1902 1852 H„c
1932 1784 2049 1874 ipsum

126 1887 215 1961 Haec
232 1890 382 1984 paucula
397 1887 572 1957 sufficiant
587 1886 630 1954 ad
644 1881 913 1972 explicationem
929 1875 1012 1946 dul·
1064 1877 1184 1948 lacobi
1200 1878 1332 1946 dictum
1350 1877 1455 1966 infige
1473 1902 1512 1945 ac
1527 1878 1715 1948 circumfer
1728 1881 1869 1963 animo,
1896 1897 1936 1955 ut
1953 1911 2050 1954 corn·

54 1989 178 2061 cissimae
191 1993 381 2084 parabolae
397 2013 458 2059 scu
473 1985 730 2056 similitudinis.
767 1980 1012 2051 Veruntamen
1065 1978 1275 2048 monefaciat
1301 1992 1335 2047 tc
1367 1977 1405 2045 in
1433 1979 1533 2046 omni
1561 1981 1787 2050 invocatione
1816 1987 2052 2058 necessariam

54 2091 112 2160 volo
132 2095 271 2164 brevem
297 2089 669 2164 commonefactionem
693 2086 823 2154 addere
846 2083 891 2151 de
915 2080 1012 2148 clau·
1064 2104 1137 2150 esse
1151 2077 1276 2158 fidem,
1303 2102 1371 2170 qrra
1387 2102 1447 2150 cor
1462 2093 1562 2149 tuum
1578 2082 1782 2170 confugiens
1795 2087 1838 2153 ad
1848 2082 1963 2156 Deum
1981 2103 2053 2159 sta-

54 2192 174 2266 sulaseo
189 2195 385 2288 appendice
399 2190 631 2286 precationis,
658 2186 841 2269 videlicet,
868 2184 912 2252 de
932 2203 1013 2274 par·
1065 2197 1141 2253 tuat
1162 2182 1278 2270 ipsum
1302 2181 1366 2250 tihi
1390 2182 1565 2271 placatum
1587 2197 1620 2251 et
1642 2184 1834 2274 propitium
1852 2211 1941 2270 esse,
1968 2215 2053 2282 pro-

54 2293 133 2365 ticuta
150 2299 278 2368 Amen,
1065 2301 1143 2375 pter
1160 2283 1271 2353 tilium
1289 2305 1390 2352 suum
1408 2283 1498 2352 velle
1516 2285 1684 2354 exaudire
1702 2301 1778 2356 trsos
1795 2291 1962 2378 gemitus,
1988 2317 2053 2362 nec

1066 2385 1204 2457 irritam
1220 2385 1295 2454 sore
1312 2397 1410 2455 tuam
1425 2385 1675 2475 precationem.

1172 2516 1259 2590 Item
1276 2521 1318 2587 ad
1335 2516 1515 2589 Hebraeos
1531 2520 1584 2593 th:
1612 2519 1792 2595 Habentes
1807 2526 1912 2597 talem
1929 2527 2055 2601 Ponti-

1068 2622 1187 2704 ficem‚
1218 2633 1400 2710 expertum
1431 2622 1571 2692 dolores
1596 2639 1629 2692 et
1649 2625 1873 2714 fragilitatem
1898 2645 2056 2715 nostram

1069 2726 1275 2795 accedamus
1305 2748 1384 2793 cum
1411 2723 1539 2794 fiducia
1571 2727 1613 2794 ad
1644 2720 1812 2798 thronum
1835 2732 1983 2819 gratiae,
2015 2748 2056 2804 ut

1068 2823 1345 2896 misericordiam
1362 2840 1395 2896 et
1410 2825 1557 2914 gratiam
1572 2841 1606 2896 et
1621 2829 1794 2898 auxilium
1812 2847 2055 2923 opportunum

284 3021 287 3026 ,
410 2967 629 3032 Respondes.
1070 2927 1304 2999 inveniamus.
1354 2921 1486 3019 Ephes.
1504 2928 1555 3000 3.:
1584 2925 1624 2998 ln
1643 2925 1787 3002 Christo
1805 2930 1883 3004 lesu
1899 2935 2055 3020 Domino
2102 2935 2106 2944 ’

1071 3043 1192 3100 ηοειεο
1215 3021 1386 3099 hahemus
1405 3030 1703 3117 consolationem,
1728 3058 1796 3127 qua
1813 3037 1984 3107 audemus
2001 3063 2059 3110 ac-

426 2470 612 2538 Quaestio.

129 2584 243 2676 Quam
274 2586 322 2654 oh
344 2608 483 2654 causam
505 2569 712 2673 plerumque
738 2577 776 2644 in
798 2574 867 2642 fine
893 2593 1015 2666 preca·

51 2683 134 2756 tionis
153 2689 328 2780 particula
354 2683 490 2769 Amen,
524 2681 701 2753 clausulae
723 2700 785 2747 seu
810 2672 1015 2768 appendicis

52 2784 108 2858 loco
122 2791 206 2862 solet
223 2787 400 2879 adiungi?

127 3079 308 3152 Particula
325 3077 442 3146 Amen
465 3069 735 3142 commonefacit
756 3078 956 3159 precantem
975 3064 1020 3134 de

50 3182 259 3268 certitudine,
287 3203 348 3248 seu
365 3171 592 3269 plerophoria
612 3174 710 3257 fidei,
737 3187 771 3242 et
786 3171 950 3240 firmitate
964 3189 1020 3236 as·
1071 3134 1194 3252 federe
1222 3131 1454 3216 ⁰⁰¹¹fid²⁰l032
1487 3155 1546 3202 ⁸⁰¹¹
1573 3133 1611 3201 5¹¹
1632 3135 1777 3221 fiducia,
1803 3161 1866 3231 Pel*
1889 3139 1994 3210 fidem
2019 3141 2058 3210 5¹1

51 3283 213 3358 tensionis.
275 3281 341 3352 Est
360 3279 455 3349 enim
479 3277 702 3346 asseveratio:
738 3271 886 3363 perinde
917 3293 958 3336 ac
989 3267 1019 3334 si
1071 3259 1198 3328 'Pm-

50 3381 142 3458 dicas:
175 3384 276 3456 llaec
304 3384 378 3472 ipsa
411 3379 541 3447 veritas
565 3377 790 3468 comprobet,
817 3373 914 3454 sive,
934 3365 1021 3440 haec
1174 3369 1248 3438 Has
1271 3383 1304 3440 et
1328 3370 1459 3440 similes
1483 3376 1671 3444 sententias
1688 3392 1918 3464 mementote,
1945 3383 2060 3450 utdi·

50 3486 211 3557 vsrissime
230 3511 272 3556 ac
298 3497 392 3554 certo
416 3484 511 3551 fient.
564 3481 617 3548 Ac
640 3478 778 3571 quoties
802 3473 920 3544 dixisti
940 3494 1021 3564 pre·
1074 3471 1177 3544 scatis
1205 3472 1242 3540 in
1277 3473 1479 3562 precatione
1504 3477 1654 3546 excitare
1676 3493 1709 3548 et
1727 3483 1920 3550 'accendero
1944 3471 2060 3557 fidem.

50 3587 226 3674 rationem,
253 3587 356 3658 toties
368 3584 518 3673 cogitata
534 3581 723 3672 diligenter
737 3601 776 3647 ac
790 3590 921 3646 attente
935 3596 1021 3642 con·
1074 3573 1184 3644 Multi
1213 3575 1471 3644 consuetudine
1495 3579 1646 3669 quadam
1672 3604 1791 3670 preces
1814 3585 1980 3669 recitant,
2015 3609 2061 3652 ne

50 3685 179 3761 siderate
204 3688 378 3782 particula
395 3686 530 3776 Amen,
555 3695 589 3751 te
611 3686 725 3773 ipsum
741 3679 842 3772 quasi
857 3675 1023 3746 scruteris
1074 3676 1217 3770 quidem
1234 3675 1427 3765 cogitantes
1445 3679 1531 3771 quid
1548 3681 1715 3766 recitent,
1740 3673 1852 3754 multo
1869 3686 1987 3754 minus
2004 3711 2062 3754 so-

48 3803 73 3854 ει
87 3791 296 3883 interroges,
323 3802 442 3858 utrum
460 3801 499 3856 tu
515 3787 589 3875 ipse
603 3784 723 3853 credas
739 3794 772 3851 et
787 3779 936 3849 firmiter
950 3789 1022 3844 sta·
1075 3775 1164 3848 liciti
1188 3779 1232 3847 de
1254 3778 1495 3864 exauditione,
1521 3783 1578 3850 sed
1598 3783 1635 3850 in
1653 3809 1761 3874 parvo
1779 3787 1982 3856 discrimine
1997 3811 2060 3876 po.

50 3903 112 3960 tuas
130 3891 249 3964 Deum
276 3890 431 3981 recipere
454 3902 489 3958 et
512 3883 677 3956 exaudire
698 3899 775 3954 tuas
798 3903 935 3972 preces,
960 3901 1025 3946 nec
1075 3893 1185 3965 nunt,
1217 3893 1397 3972 utcunque
1428 3905 1482 3950 res
1510 3885 1630 3966 cadat,
1665 3885 1739 3954 sive
1769 3887 1958 3976 recipiatur
1988 3889 2062 3956 sive

49 4015 94 4061 eas
108 3994 213 4065 inane
231 4015 395 4066 murmur
409 4011 493 4062 esso.
547 3987 637 4057 Nam
660 3988 884 4056 invocantem
908 4002 1025 4074 perse·
1064 3983 1183 4052 'irrerit
1211 3981 1310 4049 irrita
1342 3983 1507 4071 precatio.
1559 3983 1659 4054 Talis
1689 3987 1814 4075 frigida
1845 4004 1877 4058 et
1899 3989 2062 4059 simulata

50 4118 155 4167 'esdr‘
173 4099 212 4166 1¹¹
229 4093 297 4166 hac
313 4091 555 4172 dubifflfifflte,
579 4113 644 4158 nec
659 4108 835 4174 emergere
849 4107 911 4153 seu
936 4080 1022 4169 erigi
1077 4083 1268 4171 battologia
1292 4106 1331 4151 ac
1352 4084 1578 4172 incogitantia
1605 4111 1677 4156 non
1695 4101 1747 4156 est
1764 4089 1877 4158 oratio
1894 4113 1957 4158 nec
1974 4093 2064 4182 peti·
2084 4087 2086 4090 ’

49 4195 103 4265 fide
125 4223 164 4268 ex
188 4195 250 4267 his
270 4196 438 4266 fluctibus
459 4191 571 4262 animi
597 4188 825 4281 trepidantis,
852 4200 957 4278 atque
978 4185 1027 4252 sic
1079 4186 1139 4256 tio.
1191 4179 1240 4252 Et
1258 4185 1466 4278 plerumque
1480 4185 1533 4255 illi
1550 4187 1619 4278 ipsi
1636 4189 1754 4278 ignavi
1771 4205 1804 4259 et
1821 4193 2065 4282 incogitantes,

49 4300 302 4370 ratiocinantis:
332 4297 457 4366 lrritus
473 4295 577 4363 labor
593 4306 642 4363 est
668 4291 784 4360 dicere
808 4287 1027 4379 precationes
1080 4299 1162 4358 scant
1184 4280 1349 4372 homines
1371 4288 1591 4376 temulenti,
1613 4314 1673 4360 seu
1700 4293 1789 4362 ebrii
1814 4294 2066 4385 voluptatibus,

50 4399 135 4486 Deo,
160 4401 262 4472 Deus
288 4423 361 4468 non
384 4412 483 4467 curat
508 4418 573 4463 nec
594 4394 735 4484 respicit
755 4405 801 4461 te.
854 4388 950 4459 Haec
972 4389 1030 4456 in·
1081 4404 1116 4459 et
1135 4387 1267 4472 securi,
1294 4387 1354 4480 qui
1374 4389 1490 4457 nullas
1504 4394 1975 4486 experiunturtentationes,
2002 4401 2066 4468 ad-

50 4505 250 4587 credulitas,
275 4503 433 4594 iuquam,
453 4522 513 4568 seu
528 4494 725 4565 diffidentia
742 4491 866 4581 ingens
881 4503 914 4559 et
930 4492 1030 4560 triste
1081 4490 1313 4573 versationes,
1339 4489 1533 4576 molestias,
1558 4509 1592 4564 et
1606 4519 1801 4570 aerumnas.
1838 4496 1918 4568 ldeo
1936 4524 2067 4588 vagan-

51 4623 221 4688 peccatum
240 4617 310 4687 est,
336 4601 430 4696 quod
450 4598 643 4689 corrumpit
659 4594 935 4664 invocationem.
972 4591 1032 4661 Sic
1082 4607 1142 4662 tur
1162 4591 1283 4661 otiosis
1305 4591 1452 4677 animis,
1478 4610 1512 4665 et
1533 4597 1691 4686 preculas
1706 4600 1975 4671 &murmurant
1991 4604 2066 4671 sin,

51 4707 326 4778 enimDominus
343 4696 687 4793 inqrritMattb.21.:
713 4693 848 4766 Omnia
866 4716 955 4787 quae
970 4717 1033 4785 pe·
1084 4694 1288 4766 attentione.
1327 4691 1460 4764 Verum
1475 4701 1617 4789 qnando
1634 4712 1685 4767 est
1700 4702 1827 4770 ardens
1842 4703 2007 4793 precatio,
2034 4718 2069 4773 et

51 4809 115 4877 titis
127 4811 166 4879 in
185 4811 349 4880 oratione
367 4793 561 4875 Credentes
575 4799 760 4892 accipietis.
794 4795 881 4866 ltem
902 4797 935 4866 1.
963 4793 1033 4864 Ti·
1085 4797 1258 4896 retinetur
1286 4797 1432 4865 attentio
1457 4798 1496 4865 in
1518 4801 1609 4868 veris
1636 4801 1819 4872 doloribus
1841 4820 1944 4896 atquo
1965 4828 2069 4874 sensu

52 4906 153 4984 moth.
167 4917 207 4986 2.
236 4905 349 4980 Orate
370 4907 444 4978 sine
473 4907 525 4974 ira
551 4918 585 4974 et
607 4900 856 4981 haesitatione,
883 4893 951 4966 hoc
975 4909 1036 4978 est,
1087 4898 1329 4980 miseriarum,
1356 4911 1440 4968 tunc
1459 4924 1597 4970 necesse
1614 4916 1684 4987 cst,
1710 4905 1746 4972 in
1765 4931 1844 4992 vera
1860 4907 2070 4993 cogitatione

55 5010 382 5094 iurisdictionibus,
414 5033 480 5077 nec
501 5005 719 5099 impatientia
743 5005 872 5072 fractus
896 4999 1037 5068 aninrus
1088 5000 1362 5090 patefactionum
1379 5015 1412 5070 et
1428 5003 1702 5092 promissionum
1717 5007 1937 5092 divinarum,
1964 5025 1999 5078 er
2012 5011 2071 5101 pio

55 5110 218 5186 irascatur
247 5113 340 5197 Deo,
374 5125 409 5180 et
431 5113 557 5180 fremat
579 5110 744 5178 adversus
767 5103 941 5173 iudicium
960 5099 1038 5182 Dei,
1089 5114 1189 5172 motu
1219 5103 1357 5186 cordis,
1386 5103 1528 5173 accendi
1558 5119 1663 5198 atque
1688 5109 1830 5178 excitari
1854 5104 1945 5180 hanc
1966 5112 2070 5182 fidem

55 5237 112 5284 nec
125 5217 271 5307 lugiens
288 5214 402 5284 Deum
419 5237 458 5284 ac
474 5212 654 5302 trepidans
667 5205 884 5288 diffidentia,
906 5216 986 5274 ruat
1001 5202 1039 5270 in
1091 5225 1151 5272 seu
1174 5204 1339 5274 fiduciam
1362 5207 1636 5295 acquiescentem
1659 5211 1696 5278 in
1716 5211 1813 5292 Deo,
1839 5226 1990 5314 etvcerto
2014 5240 2074 5284 ex-

55 5319 353 5408 dcsperationem,
394 5331 454 5386 aut
494 5336 718 5404 perseverans
751 5312 788 5379 in
819 5307 1043 5378 dubitatione
1092 5319 1302 5399 spectantem
1317 5307 1487 5378 arrxilium
1503 5309 1677 5392 divinum,
1693 5311 1997 5390 iuxtaPsalm.25.
2017 5317 2074 5388 di-

104 5424 283 5488 illrrarrru.
313 5425 416 5489 Orsa.
445 5422 527 5484 Vos..
549 5419 644 5485 xlv.
986 5517 994 5530 .
1332 5403 1383 5478 47
