4590 5808
243 147 320 226 aaa
442 159 444 165 ·
837 137 1740 268 rnmmsmnramroanca.
1980 215 1986 222 .
2178 134 2246 222 m

116 316 141 396 ’,
243 342 310 392 nea
342 318 512 390 falsorum
550 317 755 409 dogmatum
788 331 823 390 et
853 319 1156 414 corruptelarum,
1194 334 1236 394 ut
1285 315 1379 392 hanc
1404 319 1724 414 praemonitionem
1752 317 1896 412 publice
1916 319 2041 398 crebro
2062 317 2183 411 repeti,
2209 323 2248 391 de

244 421 388 496 auditor
411 418 614 492 admonitus
636 443 772 492 errores
796 443 876 492 cum
898 422 955 512 pia
983 424 1144 495 doctrina
1168 448 1237 517 pn·
1285 423 1451 494 carendis
1466 424 1639 513 contagiis
1655 445 1837 504 errorum,
1863 444 1926 492 scu
1940 422 2108 492 falsorum
2122 425 2249 510 dopna·

246 537 395 616 guantes
408 521 518 613 possit
532 523 679 612 agnitos,
705 537 876 618 tanquam
891 548 1027 595 venena
1040 528 1236 617 perniciosa
1286 536 1382 607 tum,
1415 538 1449 598 et
1475 526 1643 596 omnibns
1664 523 1875 615 corruptelis
1897 523 2079 596 doctrinae
2098 523 2248 594 coelestis.
2285 561 2286 568 κ

247 627 372 710 vitare,
396 625 529 714 fugere,
552 637 587 694 et
602 623 783 698 exsecrari.
834 623 1026 720 Postquam
1043 628 1236 718 igiturDo-
1287 624 1463 716 Quocirca
1476 627 1655 698 debebant
1670 624 1832 698 homines
1847 627 1936 698 adeo
1951 647 2090 714 gravem
2103 637 2250 695 etnscas-
2285 673 2286 678 κ

245 728 368 803 miuus
395 723 580 818 proposuit
610 725 650 794 in
670 727 972 818 praecedentibus
1003 730 1237 804 concionibus
1286 727 1415 801 sariam
1437 728 1813 800 commonefactionem
1836 750 1911 797 non
1935 727 2122 799 oscitanter
2136 727 2251 809 andire,

248 827 448 903 doctrinam
476 827 648 915 integram
675 841 710 898 et
740 829 985 922 incorruptam
1014 833 1060 900 de
1082 830 1175 924 Lege
1198 856 1238 902 ac
1287 830 1348 900 sed
1370 830 1511 902 assidua
1531 830 1763 904 meditatione
1785 829 1964 900 mentibus
1987 827 2143 918 affigere,
2166 841 2201 896 ut
2220 851 2251 898 ea

245 926 462 1020 ,Evangelim
484 928 585 1000 addit
598 951 693 1000 nunc
705 924 798 1000 hanc
812 932 1148 1022 praemonitionem,
1176 957 1237 1004 seu
1288 933 1500 1021 cogitatione
1522 932 1720 1004 exsuscitati
1737 943 1837 1002 tanto
1852 930 2046 1003 studiosius
2060 943 2094 1000 et
2108 929 2252 998 attentius

250 1029 626 1107 commonefaetionem
653 1032 882 1104 necessariam
903 1034 948 1104 de
970 1034 1149 1124 fugiendis
1171 1039 1240 1106 do-
1287 1056 1406 1104 veram
1428 1034 1625 1106 doctrinam
1647 1035 1847 1115 discerent,
1875 1045 2047 1126 tantoque
2069 1030 2252 1120 diligentior

250 1132 385 1206 &dnae
401 1132 629 1224 corruptelis,
654 1134 698 1204 de
716 1133 872 1206 vitandis
887 1159 927 1205 ac
941 1137 1155 1208 detestandis
1168 1131 1244 1208 fal?
1288 1149 1323 1206 et
1346 1135 1633 1226 circumspectius
1653 1137 1761 1207 falsae
1785 1127 1970 1206 doctrinae
1990 1133 2147 1222 contagia
2160 1132 2253 1224 pasti·
2285 1169 2286 1200 r

250 1235 299 1308 sis
330 1248 365 1308 ct
395 1233 515 1323 impiis
545 1235 789 1324 dogmatibus,
823 1237 868 1307 de
900 1238 1103 1308 deserendis
1132 1251 1238 1333 atque
1288 1237 1361 1308 fera
1377 1237 1543 1311 vitarent.
2285 1239 2286 1252 ¹

251 1335 419 1408 cavendis
442 1331 783 1429 Pseudoprophetis,
816 1361 878 1410 seu
905 1339 1067 1412 fanaticis
1096 1353 1141 1412 ct·
1156 1365 1236 1439 per·
1389 1337 1502 1410 Porro
1523 1336 1702 1429 generales
1723 1336 1806 1408 illae
1827 1361 1868 1408 ac
1888 1336 2106 1408 universales
2127 1357 2254 1425 gnomae
2285 1369 2286 1432 ;

251 1438 362 1508 versis
377 1437 593 1511 doctoribus.
1289 1439 1439 1529 singulis
1454 1439 1677 1510 familiariter
1691 1453 1796 1510 notae
1809 1439 1903 1522 sint,
1928 1435 2047 1514 Galat.
2064 1439 2114 1512 l.:
2138 1436 2177 1510 Si
2190 1436 2253 1530 quis
2285 1437 2286 1524 ζ

355 1536 404 1610 Ut
425 1551 543 1610 autem
560 1533 628 1608 hoc
643 1540 848 1636 mandatum
864 1539 993 1630 passim
1009 1541 1046 1610 in
1063 1542 1237 1634 scriptura
1289 1541 1387 1612 aliud
1401 1540 1635 1632 Evangelium
1654 1541 1833 1632 docuerit,
1859 1534 2062 1612 Anathema
2078 1539 2133 1611 sit.
2181 1535 2252 1608 ltcn
2285 1531 2286 1590 ἶ

250 1643 443 1732 repetitur,
468 1640 518 1712 ita
542 1641 644 1712 vobis
662 1641 768 1712 etiam
790 1665 892 1732 saepe
913 1642 1136 1736 multumque
1153 1669 1238 1738 pro·
1288 1647 1324 1716 2.
1348 1639 1574 1716 Iohannis1.:
1602 1639 1642 1714 Si
1655 1642 1734 1735 quis
1747 1643 1886 1715 venerit
1898 1644 1943 1712 ed
1959 1664 2021 1711 vos
2037 1664 2111 1710 non
2127 1636 2253 1712 aderens
2285 1669 2286 1738 ζ

252 1743 340 1834 poni
358 1741 447 1812 solet
463 1755 497 1812 et
512 1743 703 1827 inculcari,
727 1743 1027 1836 quemadmodum
1042 1769 1099 1816 res
1116 1746 1238 1840 loqui-
1290 1739 1381 1814 hanc
1407 1745 1626 1829 doctrinam,
1658 1768 1738 1812 eum
1770 1769 1835 1814 nee
1858 1740 2038 1835 recipiatis
2061 1742 2099 1811 in
2122 1741 2253 1822 domurn,
2285 1775 2286 1828 q

253 1857 315 1916 tur
334 1844 428 1936 ipsa,
461 1866 605 1934 prorsus
629 1844 666 1914 id
686 1845 881 1916 necessario
899 1845 987 1919 ficri.
1043 1844 1118 1918 Nec
1140 1850 1237 1918 enim
1289 1869 1354 1916 nec
1382 1845 1516 1916 salvere
1544 1845 1712 1916 lubeatis:
1753 1869 1836 1915 nam
1868 1843 1930 1938 qui
1955 1844 2103 1913 salutem
2126 1839 2252 1918 diciret,

254 1957 392 2029 cessat„
407 1945 673 2037 interquiescit,
700 1960 762 2020 aut
782 1947 927 2038 languet
947 1945 1023 2017 otio
1047 1948 1238 2032 Diabolus,
1289 1948 1526 2020 communicat
1537 1947 1704 2048 operibns
1718 1947 1793 2020 eius
1807 1947 1920 2020 malis.
1971 1941 2136 2040 Denique
2148 1941 2254 2034 passim
2285 1917 2286 1974 i

51 2084 58 2096 ·
138 2093 143 2106 ·
254 2048 314 2118 sed
348 2047 505 2146 intentus
532 2047 571 2116 in
599 2047 818 2133 occasiones,
847 2048 1000 2120 subinde
1029 2048 1153 2121 incitat
1180 2051 1238 2120 in·
1289 2072 1330 2119 ac
1350 2050 1503 2120 subinde
1523 2051 1731 2120 mandatum
1754 2051 1798 2120 de
1819 2048 1984 2138 fugienda
2004 2045 2092 2116 falsa
2108 2042 2286 2124 doctrina,

253 2149 390 2243 quieta,
415 2141 552 2220 curiosa
575 2161 610 2218 et
631 2148 827 2240 petulantia
845 2149 1007 2239 ingenia,
1030 2154 1075 2221 ad
1093 2165 1239 2225 cuntur·-
1289 2163 1394 2245 atque
1415 2150 1618 2221 deserendis
1631 2145 1954 2242 pseudoprophetis
1976 2148 2015 2218 in
2035 2148 2197 2242 scriptura
2209 2143 2254 2212 di·
2285 2139 2286 2222 ff

252 2251 390 2322 baudos
415 2249 699 2322 cavillationibus
718 2264 752 2321 et
768 2247 1028 2343 sophismatum
1042 2254 1239 2345 praestigiis
1290 2253 1373 2322 vina
1387 2253 1577 2344 repetitum
1593 2264 1655 2321 est.
2285 2267 2286 2332 g

254 2351 422 2442 limpidus
450 2351 565 2422 fontes
588 2373 692 2424 verae
712 2375 753 2422 ac
776 2353 940 2424 saluteris
962 2355 1159 2440 doctrinae,
1193 2357 1237 2426 ad
1348 2425 1351 2430 ,
1392 2353 1463 2424 Sed
1486 2349 1545 2424 hic
1565 2353 1718 2444 agitatur
1739 2349 1852 2442 prima
1875 2351 2053 2445 quaestio:
2080 2348 2118 2421 si
2139 2368 2254 2417 necasse
2285 2355 2286 2432 ζ

254 2452 471 2543 corruptelas
500 2452 690 2526 vaferrime
713 2453 956 2525 admiscendas
975 2468 1069 2526 recte
1091 2456 1241 2543 traditis,
1290 2469 1342 2526 est
1371 2456 1484 2526 vitare
1511 2455 1634 2525 falsam
1668 2453 1865 2524 doctrinam
1897 2469 1931 2525 et
1961 2452 2072 2546 impia
2105 2454 2254 2540 dogmata,

254 2555 300 2626 ad
322 2555 546 2624 accendenda
561 2567 705 2626 novaet
723 2554 861 2628 infinita
878 2555 1044 2642 dissidia,
1071 2559 1115 2626 ad
1131 2581 1238 2651 qnae-
1290 2568 1381 2626 certe
1411 2558 1511 2648 prius
1533 2569 1672 2647 oportet
1695 2555 1944 2648 praescriptam
1966 2579 2029 2626 seu
2052 2553 2253 2624 constitutam

253 2658 365 2728 reuda
391 2655 484 2726 bella
510 2656 718 2742 domestica,
749 2659 795 2727 ad
824 2659 1022 2728 movendas
1041 2659 1241 2746 seditiones,
1290 2681 1364 2727 esse
1379 2671 1509 2728 certam
1525 2658 1702 2748 regulam,
1727 2668 1763 2728 et
1778 2680 1941 2726 normam
1955 2658 2154 2737 immotam,
2178 2653 2254 2721 iuxta
2285 2663 2286 2748 t

253 2759 300 2830 ad
315 2753 493 2829 Ecclesiae
508 2758 658 2830 vulnera
675 2759 786 2850 magis
801 2759 981 2852 magisque
999 2761 1240 2831 crudelissime
1289 2784 1395 2854 quam
1411 2760 1652 2832 diiudicentur
1664 2761 1838 2849 dogmata,
1860 2770 1901 2829 ut
1914 2757 2026 2850 possit
2040 2755 2175 2848 agnosci
2188 2772 2253 2820 vera
2285 2751 2286 2828 i

254 2858 499 2944 dilaceranda,
530 2874 567 2931 et
593 2850 704 2942 odiis,
736 2875 770 2932 et
791 2857 1000 2952 sophistica:
1034 2863 1126 2934 sicut
1146 2863 1239 2932 vidi·
1289 2861 1451 2932 doctrina
1471 2876 1506 2934 et
1527 2861 1664 2932 illustre
1685 2859 1874 2932 discrimen
1897 2859 2058 2936 retineri.
2110 2855 2163 2928 Aa
2181 2845 2286 2936 hanel

255 2961 317 3034 stis
337 2955 426 3054 ipsi,
458 2961 542 3030 inde
564 2985 677 3054 usque
697 2963 743 3034 ab
766 2962 869 3034 initio
893 2963 1076 3035 doctrinae
1100 2965 1241 3064 scriptis
1289 2963 1523 3033 obiectionem
1540 2963 1733 3054 perspicua,
1759 2976 1851 3032 certe
1861 2973 1894 3032 et
1904 2959 2004 3030 firma
2015 2958 2191 3054 responsio
2201 2965 2252 3023 est:
2285 2947 2286 3040 l

255 3077 291 3135 et
310 3087 397 3134 voce
417 3057 575 3133 Lutheri·
588 3077 796 3149 renovatae,
821 3066 1013 3159 quotannis
1032 3068 1105 3137 fere
1127 3090 1240 3137 novos
1288 3061 1385 3135 Deus
1406 3063 1631 3160 praescripsit
1646 3089 1686 3134 ac
1704 3064 1850 3134 tradidit
1865 3062 1931 3133 tibi
1947 3062 2111 3154 planam,
2136 3072 2253 3133 certam,
2285 3041 2286 3136 l

175 3215 177 3224 ,
255 3177 429 3236 sectarum
458 3177 493 3234 et
514 3163 707 3238 factionum
729 3163 868 3238 furores
888 3168 1061 3249 extitisse,
1093 3170 1240 3258 perinde
1289 3181 1323 3238 et
1337 3167 1520 3238 immotam
1534 3165 1702 3256 regulam,
1725 3160 1982 3258 quandoPater
1996 3178 2158 3234 aeternus
2172 3167 2254 3228 sonat

255 3278 296 3340 ut
311 3279 440 3339 resecta
455 3261 588 3361 hydrae
596 3265 755 3338 Lerneae
768 3269 881 3360 capita
898 3270 1239 3364 suppullulassebn-
1274 3263 1381 3337 hanc
1402 3292 1522 3338 vocem
1545 3269 1589 3336 de
1606 3267 1703 3350 coelo
1719 3261 1894 3338 Matthaei
1912 3263 1985 3336 17.;
2013 3263 2085 3336 Hic
2099 3279 2148 3334 est
2161 3258 2254 3330 Filius
2285 3301 2286 3304 ,

255 3381 389 3458 guntur
417 3368 457 3437 in
489 3383 674 3459 poetarum
707 3371 849 3445 fabulis.
907 3369 1067 3442 Primum
1099 3385 1240 3442 exortus
1290 3393 1387 3440 meua
1419 3370 1586 3451 dilectus,
1619 3393 1689 3462 quo
1716 3369 1890 3452 delector,
1921 3363 2019 3438 hunc
2040 3368 2166 3438 audite.
2216 3353 2254 3427 At

255 3484 308 3542 est
328 3471 429 3540 furor
454 3470 639 3542 seditionis
663 3473 879 3558 rusticanae,
904 3473 943 3541 in
967 3496 1036 3567 qua
1053 3468 1239 3543 hominum
1289 3485 1424 3542 constat
1439 3465 1573 3540 Christi
1595 3469 1791 3542 doctrinam
1816 3468 1998 3538 verissime
2022 3493 2063 3539 ac
2085 3462 2254 3538 clarissime
2285 3469 2286 3522 l

256 3594 361 3662 supra
382 3587 524 3643 centum
541 3572 654 3642 millia
670 3574 799 3664 passim
816 3576 1009 3660 trucidata,
1036 3576 1162 3644 misere
1179 3599 1240 3666 pe·
1289 3573 1327 3641 in
1351 3572 1488 3664 scriptis
1504 3566 1762 3662 Prophetarum
1783 3595 1822 3640 ac
1838 3570 2095 3662 Apostolorum
2115 3583 2254 3654 compte-

254 3672 410 3758 rierunt;
460 3668 528 3742 hoc
561 3673 657 3742 enim
691 3677 872 3766 expetebat
908 3690 943 3747 et
971 3665 1242 3746 machinabatur
1289 3670 1531 3744 hensamesse.
1584 3670 1689 3760 Quod
1705 3673 1800 3741 enim
1816 3667 2132 3760 PapaRomanus,
2155 3681 2187 3737 et
2198 3675 2255 3734 tota

255 3773 415 3848 Satanas.
468 3772 549 3861 Npo
574 3774 681 3864 longo
698 3776 887 3848 intervallo
900 3792 979 3870 post
995 3777 1124 3848 exarsit
1138 3778 1241 3847 fune·
1288 3776 1394 3848 factio
1403 3775 1587 3845 Pontificio
1604 3774 1778 3854 clamitat,
1803 3771 2037 3864 scripturam,
2063 3774 2173 3856 idest,
2195 3787 2254 3835 str-
2285 3791 2286 3882 ζ

255 3891 349 3948 stum
370 3877 504 3946 bellum
529 3877 623 3946 inter
642 3900 748 3968 pagos
767 3877 978 3950 Helveticos.
1029 3876 1177 3950 Secutus
1190 3894 1242 3951 eat
1288 3901 1430 3948 monem
1453 3877 1616 3947 divinum
1642 3897 1715 3945 esse
1731 3875 1882 3944 similem
1898 3875 1995 3944 foliis
2010 3873 2181 3968 Sibyllae,
2203 3868 2254 3934 ob·
2285 3889 2286 3976 q

254 3979 358 4050 furor
388 3974 675 4069 Anabaptisticae
706 3995 835 4061 sectae.
882 3995 916 4052 et
949 3978 1241 4052 Monasteriensis
1288 4003 1450 4062 scnrum,
1481 3978 1676 4062 incertum,
1709 3989 1743 4046 et
1769 3977 1991 4067 ambiguum:
2024 3975 2200 4046 manifesta
2229 3976 2254 4034 tt

255 4081 435 4172 tragoedia
464 4080 566 4172 plena
595 4075 842 4168 horribilium,
873 4083 1083 4170 immanium
1113 4096 1146 4152 et
1177 4084 1241 4152 tri·
1290 4105 1365 4152 non
1386 4081 1567 4151 toleranda
1588 4073 1807 4169 blasphemia
1826 4093 1887 4150 est
1921 4074 2211 4162 ,Amantesenin
2228 4077 2253 4134 tt

257 4181 490 4252 stissimorum
525 4183 779 4273 exemplorum.
844 4181 918 4254 lam
953 4184 1061 4254 iidem
1096 4184 1240 4256 fanatici
1290 4195 1497 4277 quaerentes
1511 4181 1704 4264 veritatem,
1725 4182 1833 4249 modo
1847 4179 1924 4274 sani
1940 4179 2028 4261 sint,
2045 4193 2081 4250 et
2091 4168 2252 4248 mediocri·
2285 4231 2286 4276 q

255 4280 510 4373 Anabaptistae
539 4284 635 4354 velut
658 4285 862 4357 instauratis
886 4285 997 4376 copiis
1017 4288 1062 4356 ed
1085 4285 1240 4356 redinte-
1289 4299 1344 4356 ter
1357 4285 1510 4354 instituti
1528 4283 1566 4352 in
1576 4281 1744 4364 Ecclesia,
1771 4280 2056 4352 manifestissime
2070 4304 2109 4350 ac
2123 4273 2249 4368 explica·
2285 4363 2286 4366 Ἴ

256 4384 431 4472 pandum
452 4385 627 4474 praelium
650 4403 918 4472 concurrentes,
944 4411 1018 4458 non
1039 4388 1153 4457 solum
1179 4411 1240 4457 ve·
1288 4386 1622 4474 tissimereperient,
1649 4385 1872 4473 perspicient,
1895 4377 2249 4485 atquedeprehendsui

256 4499 348 4556 teres
370 4485 585 4575 perniciosos
602 4509 737 4558 errores
751 4489 869 4560 denuo
887 4501 1074 4582 spargunt,
1100 4491 1161 4558 sed
1176 4492 1240 4559 ad·
1289 4513 1365 4558 eam
1388 4489 1426 4556 in
1444 4481 1783 4578 librisPropheticis
1800 4498 1833 4555 et
1848 4483 2076 4576 Apostolicis.
2127 4480 2188 4553 Sed
2202 4493 2250 4588 qu}
2285 4479 2286 4524 ἶ

255 4588 347 4660 dunt
373 4588 490 4656 denuo
522 4613 614 4659 nova
644 4589 789 4676 deliria,
822 4592 932 4681 magis
957 4589 1177 4683 prodigiosa,
1206 4604 1240 4661 et
1286 4590 1545 4673 cavillationes,
1576 4590 1689 4671 rixas,
1715 4601 1749 4657 et
1775 4581 1990 4679 sophismata
2016 4594 2200 4680 quaerunt,
2222 4569 2252 4642 ht
2285 4635 2286 4680 ,

255 4689 416 4760 tetriores
442 4685 691 4780 blasphemias:
716 4706 839 4764 serunt
861 4694 1032 4764 factiones
1053 4708 1087 4763 et
1103 4693 1239 4763 discor·
1288 4693 1398 4783 magis
1408 4693 1586 4784 magisque
1596 4690 1825 4773 fascinantur,
1846 4700 2088 4772 excoecantur,
2109 4679 2252 4755 etvolen·
2285 4681 2286 4692 ’

254 4792 332 4876 dias
353 4791 391 4864 iu
416 4791 567 4882 populo,
598 4794 753 4887 denique
773 4808 856 4866 sunt
877 4795 968 4863 faces
990 4817 1030 4865 ac
1055 4796 1161 4866 tubae
1184 4819 1240 4865 se-
1288 4809 1339 4866 tes
1361 4808 1471 4866 ruunt
1492 4808 1597 4884 atque
1619 4804 1828 4882 merguntur
1848 4789 1888 4858 in
1907 4791 2081 4863 tenebras.
2128 4779 2251 4854 Etenim

254 4893 452 4979 ditionum,
485 4892 665 4984 cupientes
688 4890 862 4966 horribile
883 4895 1087 4968 incendium
1109 4898 1239 4968 excita·
1287 4919 1460 4968 summam
1478 4895 1663 4965 universae
1680 4893 1874 4983 scripturae
1889 4915 2006 4962 sacrae
2021 4893 2067 4960 de
2082 4886 2180 4966 locis,
2203 4897 2252 4947 ⁵0¹1

254 5017 313 5086 re,
345 5020 417 5090 quo
447 4995 552 5089 paulo
574 5009 654 5088 post
676 4997 891 5089 conflagrare
913 4995 1143 5070 Germaniam
1166 5000 1239 5070 lae-
1288 4999 1447 5070 articulis
1461 4995 1665 5081 necessariis
1679 4993 1934 5087 complectitur,
1959 5008 1994 5065 et
2009 4990 2163 5063 continet
2171 5003 2251 5052 com·

253 5105 410 5170 tentum
515 5117 517 5119 ·
850 5097 854 5102 ’
1287 5101 1408 5172 munis
1429 5098 1589 5170 doctrina
1609 5091 1826 5170 Catachismi
1847 5097 1976 5169 vestri.
2028 5090 2252 5198 Quandocuu·

355 5191 409 5266 Ex
430 5193 636 5272 huiusmodi
659 5201 783 5274 crassis
805 5217 839 5276 et
856 5203 1055 5292 insignibus
1071 5203 1243 5295 exemplis.
1288 5227 1357 5296 que
1376 5202 1486 5292 igitur
1507 5198 1636 5270 auditis
1659 5199 1857 5272 doctrinam
1880 5211 2094 5290 pugnantem
2109 5212 2182 5262 cum
2196 5184 2250 5299 ³li'
2285 5197 2286 5282 t

254 5295 368 5378 cuivis
396 5302 622 5391 perspicuum
652 5302 775 5390 fucrit,
806 5329 913 5400 quam
936 5304 1168 5375 necessarium
1191 5307 1237 5376 sit
1260 5326 1266 5382 t
1287 5329 1359 5399 quo
1387 5301 1617 5376 articulorum
1648 5295 1879 5387 Catachisuri,
1924 5323 2001 5372 earn
2028 5309 2122 5370 certo
2150 5287 2250 5360 sciatts
2285 5379 2286 5392 ἵ
