4714 5826
31 63 32 156 ³
88 121 144 196 ωε
579 60 581 70 ’
633 121 698 199 xc
748 118 1049 198 ruannrno
1073 121 1127 196 m
1150 119 1527 200 uumusnsrnu.
1976 131 2075 206 ·1oo

85 299 198 365 futuras
213 295 384 384 miserias,
411 307 444 366 et
459 295 603 388 quidem
619 295 728 364 semel
743 294 832 366 ortis
847 295 1041 365 mutuatio·
1063 301 1066 330 ¹
1087 289 1147 364 hic
1161 293 1262 372 dicit:
1289 291 1419 368 Risum
1444 294 1601 390 intellexi
1626 317 1699 366 esse
1714 297 1926 384 stulticiam,
1951 300 2069 386 idest,

86 398 170 466 nibus
188 396 282 488 sequi
305 397 455 467 maiores
480 396 725 482 ronfrrsiones,
759 410 799 467 ut
822 409 921 467 moto
944 395 1040 466 bello
1089 397 1288 485 voluptates
1319 396 1479 487 corporis
1512 421 1576 467 nec
1606 397 1794 470 diuturnas
1820 423 1886 470 nec
1914 401 2071 492 integras

86 497 250 583 aPericle,
275 511 391 568 secuta
415 512 498 570 sunt
520 497 657 568 excidia
680 499 945 590 peneomoium
964 521 1039 568 ma·
1089 520 1174 566 esse.
1224 495 1297 566 Nec
1312 499 1439 588 procul
1461 499 1530 568 alia
1551 501 1723 570 sententia
1745 517 1945 594 quaeratur.
1997 502 2069 574 Sed

85 623 208 688 gnarum
225 598 366 669 urbium
383 601 420 670 in
437 597 601 674 Graecia.
648 596 697 670 Fit
711 601 819 670 nimis
834 623 956 670 verum
974 613 1039 684 est,
1090 598 1261 689 significat
1275 622 1350 670 non
1365 623 1464 690 posse
1480 596 1642 672 homiues
1664 603 1882 696 acquiescere
1905 605 1945 673 in
1966 606 2070 686 volu-

84 703 160 793 qnod
175 701 257 772 dicit
270 699 465 773 Pindarus:
493 700 614 772 Pacile
628 714 681 772 est
697 703 873 773 civitatem
896 725 1039 772 movere
1089 701 1245 791 ptatibus
1259 703 1436 793 eorporis,
1463 725 1528 772 nec
1541 703 1658 793 frangi
1673 706 1820 790 debere,
1845 719 1885 776 ut
1903 707 2071 778 deficiant
2170 779 2172 784 ,

31 883 32 894 ¹
83 803 189 886 cnivis,
212 804 271 872 sed
285 803 576 897 intranquillum
592 803 715 874 sistere
729 805 840 876 solius
856 800 925 873 Dei
939 817 1002 878 est.
1090 827 1109 872 a
1126 799 1224 886 Deo,
1247 826 1328 871 cum
1349 804 1545 895 voluptates
1568 805 1815 896 impediuntur
1837 821 1897 878 aut
1910 809 2086 901 eripiun-¹

164 917 336 990 Hactenua
366 922 508 1015 querela
535 921 679 993 recitata
708 936 760 992 est
781 922 819 991 in
840 921 955 1018 primo
981 945 1039 992 ca·
1089 918 1165 989 mr,
1200 903 1292 975 ⁵50¹st
1316 906 1606 1022 ³⁰P¹³J¹¹⁰¹¹tlih
1638 929 1713 975 11011
1737 909 1971 980 deficiendum
1997 933 2071 982 esse

83 1023 155 1113 pite,
188 1046 225 1092 ac
257 1024 418 1093 nondum
455 1023 576 1093 addita
610 1038 662 1095 est
694 1023 907 1103 condolallt),
949 1045 1040 1116 quae
1089 1005 1203 1076 31)Εο
1229 1019 1372 1097 propiet·
1392 1020 1511 1076 irliless
1534 1022 1679 1078 eventus
1699 1020 1734 1078 ei
1754 1011 1982 1080 confusiones
2004 1035 2070 1101 gu-

85 1141 182 1216 postea
204 1123 373 1218 sequiturss
432 1123 496 1195 Est
517 1138 635 1196 aurem
665 1121 751 1195 haec
774 1148 921 1194 summa.
972 1123 1038 1192 vi.
1089 1107 1329 1192 bernationis,
1354 1111 1415 1177 sed
1431 1106 1507 1179 Deo
1523 1110 1699 1201 patienter
1723 1111 1963 1182 obediendum
1986 1136 2071 1193 esse,

84 1229 184 1296 demus
206 1249 348 1315 magnas
372 1227 410 1295 in
435 1227 507 1296 vita
536 1213 763 1297 confusiones
788 1249 879 1311 esse,
912 1213 1038 1315 magn'a
1093 1210 1187 1280 ‘lab
1203 1210 1282 1301 59⁸⁰
1300 1212 1515 1301 expectanda
1531 1212 1633 1284 ¹³⁰³&

84 1341 174 1398 errata
189 1340 221 1396 et
234 1327 366 1396 multos
382 1329 498 1399 tristes
514 1341 671 1398 eventus.
723 1327 807 1399 Ideo
822 1351 897 1397 non
914 1351 1039 1419 possu-

84 1453 144 1498 mus
165 1429 377 1522 acquiescere
399 1429 437 1498 in
460 1429 546 1521 ipsis
565 1427 689 1514 rebus,
719 1455 794 1500 non
820 1428 914 1521 parit
938 1442 1036 1498 tran-

85 1531 267 1620 quillitatem
295 1530 371 1620 ipsa
400 1553 519 1601 rerum
551 1531 731 1623 confusio,
777 1553 894 1625 neque
919 1545 1038 1602 tamen
1073 1573 1076 1577 -

86 1645 204 1722 propter
227 1626 291 1702 has
315 1633 475 1703 miserias
494 1657 514 1702 a
534 1624 611 1703 Deo
624 1633 860 1704 deficiendum
882 1646 952 1713 est,
978 1633 1039 1701 sed
1178 1605 1366 1700 'sequitur
1380 1608 1523 1701 querela
1539 1609 1583 1678 de
1600 1609 1668 1678 ³¹5³
1687 1611 1804 1680 'lelna
1820 1612 2012 1702 V⁰l¹¹Pl²les
2034 1612 2074 1680 ld

86 1734 111 1799 ei
130 1734 355 1804 obediendum
377 1734 570 1826 patienter,
603 1746 639 1805 et
657 1737 703 1805 ab
725 1739 803 1828 ipso
826 1735 1039 1826 expectanda
1090 1721 1164 1826 θεῖ’,
1189 1709 1233 1826 d?
1248 1708 1508 1827 magnificentia
1530 1723 1570 1828 fl
1591 1712 1780 1801 8ΡῙθῐὶὼ)ΓΘ
1803 1712 1841 1780 ἷῑῑ
1857 1713 1949 1795 vita,
1976 1730 2011 1784 θῑ
2029 1715 2074 1782 de

88 1835 215 1904 defensio
231 1849 274 1907 gt
297 1835 486 1924 uberatio,
512 1837 545 1905 eg
567 1836 607 1904 gn
629 1835 706 1928 5930
731 1839 800 1907 fide
815 1837 1039 1935 acqugegoen,
1089 1823 1292 1880 curiositate
1313 1823 1559 1903 roqursrtronrs
1581 1812 1774 1883 multarum
1799 1837 1930 1888 remma
1982 1814 2074 1884 Nam

87 1937 154 2004 dum
179 1951 224 2008 ,gg
243 1938 342 2006 gum
366 1940 515 2008 verbum
540 1937 661 2028 ipsius·
712 1936 809 2008 Hm
830 1952 882 2008 est
903 1958 1040 2007 summa
1090 1925 1125 1982 et
1149 1907 1236 1982 haec
1258 1911 1435 2001 cupiditas
1458 1936 1533 1984 non
1558 1929 1611 2016 cst
1631 1914 1721 1984 levis
1742 1915 1967 2002 carnificina,
1993 1939 2074 1985 cum

88 2059 146 2104 non
158 2039 260 2106 solum
279 2033 390 2108 huius
406 2039 542 2132 capitis,
568 2038 751 2110 sedetiam
770 2040 929 2112 universi
944 2038 1052 2118 libri,
1091 2013 1230 2100 Oml⁵⁸l⁸
1243 2012 1469 2098 ¹¹0⁶&ssst
1494 2038 1621 2104 magni*
1643 2039 1728 2084 ΝΜ
1745 2029 1779 2087 ⁰²
1799 2039 1928 2106 m³8¹¹⁰
1951 2019 2074 2088 labiim

88 2160 255 2226 congruens
280 2163 364 2208 cum
387 2134 442 2210 his
466 2140 587 2210 dictis:
615 2138 789 2212 Subditus
813 2152 886 2209 esto
909 2137 986 2209 Deo
1008 2152 1042 2210 et
1090 2138 1166 2185 ⁰⁰¹¹
1181 2113 1375 2184 ”emmila
1389 2114 1634 2206 minimum!-

88 2263 135 2307 ora
153 2263 235 2313 enm.
288 2239 398 2312 Item:
427 2239 519 2311 lacta
541 2264 661 2311 curam
680 2256 775 2314 tuam
791 2243 830 2316 io
846 2240 985 2319 Deum,
1008 2253 1042 2310 et

87 2339 144 2428 ipsc
157 2354 185 2411 te
197 2343 420 2414 sustentabit.
468 2340 566 2412 llaec
580 2344 776 2415 consolatio
793 2357 916 2435 postca
928 2341 968 2410 in
985 2366 1043 2412 ca-

88 2442 141 2530 pite
155 2444 268 2529 tertio,
300 2457 334 2514 et
350 2445 516 2534 deinceps
532 2445 693 2519 addetur.

1139 1364 1519 1469 Mogmfiraviopem
1535 1396 1636 1455 mea,
1664 1369 1861 1468 aedificari
1884 1370 1982 1446 milti
2005 1371 2073 1458 do-

1189 1497 1269 1544 mos
1287 1482 1319 1542 et
1332 1468 1510 1570 plantavi
1522 1475 1649 1545 vincas
1668 1484 1733 1568 retr.

1142 2270 1298 2447 Popsedi
1313 2297 1435 2346 servos
1452 2285 1485 2347 rt
1504 2257 1687 2361 ancillas,
1710 2275 1936 2382 multamque
1948 2281 2075 2380 fomi-

1214 2377 1291 2447 iam
1307 2386 1368 2448 etc.

1193 2508 1307 2582 Addit
1322 2525 1357 2581 et
1371 2512 1438 2580 alia
1457 2515 1622 2604 negocia,
1637 2530 1690 2612 ‘ut
1705 2517 1925 2606 diligentiam
1941 2539 2074 2608 augen-

1095 2615 1160 2683 dae
1175 2613 1228 2682 rei
1244 2612 1444 2698 familiaris,
1465 2641 1557 2707 qnae
1575 2618 1755 2688 interdum
1772 2633 1824 2688 est
1840 2619 1959 2705 irrita,
1973 2644 2075 2712 saepe

458 2691 596 2803 Capul
626 2696 678 2780 ll.
896 2707 899 2716 ’
1095 2735 1230 2810 magna
1244 2714 1457 2804 patrimonia
1482 2719 1633 2809 posteris
1654 2720 1850 2810 perniciosa
1875 2735 1970 2795 sunt.
2020 2721 2075 2792 De

126 2853 215 2927 Dim.
234 2847 323 2953 erg-⁰
344 2827 384 2926 ’.ᾖ
404 2852 514 2928 „corde
533 2880 628 2930 mem
661 2853 813 2928 Vadam
830 2866 861 2926 d
878 2852 1045 2956 adfluam
1094 2811 1151 2886 his
1176 2816 1344 2886 omnibus
1359 2817 1403 2885 dc
1423 2817 1655 2910 inquisitione
1671 2821 1939 2923 doctrinac,vde
1959 2823 2080 2894 facul-2

1095 2917 1228 2990 tatibus
1247 2930 1289 2987 ut
1312 2940 1437 3008 supra,
1458 2937 1579 2993 mouet
1600 2946 1656 2994 res
1671 2924 1785 2994 bonas
1802 2947 1895 3014 esse,
1920 2938 1955 2995 et
1968 2949 2075 2996 voca-

165 2954 662 3161 gzegzli’w‘sldsaezmm·
696 2957 752 3030 Et
768 2953 959 3056 ⁰⁸d⁸qu⁰d
977 2951 1047 3026 ἧσο
1094 3019 1186 3089 tioni
1207 3018 1434 3090 serviendum
1458 3044 1549 3108 esse,
1574 3027 1769 3096 necessaria
1786 3027 1973 3111 discenda,
1997 3051 2073 3096 rem

1095 3120 1305 3192 familiarem
1323 3126 1583 3212 quaerendam,
1606 3129 1667 3196 sed
1684 3129 1753 3212 ita,
1778 3152 1823 3196 ne
1836 3127 2074 3200 existimemus

167 3209 430 3295 Themistocles,
456 3212 629 3286 Lucullus
647 3214 803 3284 etmulti
822 3214 885 3285 alii
902 3213 1044 3284 tandem
1096 3245 1161 3292 nos
1198 3222 1492 3314 tranquillitatem
1524 3228 1564 3296 in
1596 3224 1654 3298 his
1685 3231 1839 3316 negociis
1865 3230 2075 3301 inventuros

89 3333 115 3378 te
135 3313 365 3406 voluptatibus
385 3315 608 3386 dediderunt
635 3315 785 3408 pertaesi
812 3314 1047 3406 Reipublicae
1087 3341 1180 3395 esse.
1231 3321 1370 3394 Multae
1389 3326 1484 3394 enim
1506 3332 1684 3405 accedunt.
1702 3330 1846 3399 inutiles
1869 3333 2073 3423 occupatio·
2159 3309 2160 3312 Ἴ

90 3428 206 3504 propter
228 3417 361 3487 multas
383 3417 531 3488 inutiles
552 3419 817 3503 contentiones,
843 3430 882 3487 el
899 3415 1047 3506 ingrati·
1096 3431 1179 3506 nes,
1205 3425 1317 3495 multa
1331 3440 1458 3497 errata.
1496 3427 1570 3499 Nec
1586 3431 1814 3501 conficiamus
1830 3433 1924 3502 curis
1940 3435 2074 3518 dolore,

90 3515 222 3586 tudinem
245 3514 449 3594 hominum.
501 3521 557 3590 Ita
580 3521 626 3590 ab
649 3521 812 3588 extremis
834 3521 877 3588 ad
892 3532 1047 3588 extrema
1096 3551 1176 3598 cum
1195 3549 1269 3602 non
1280 3531 1500 3617 respondent
1512 3546 1657 3603 eventus
1675 3534 1805 3602 nostris
1815 3535 1999 3606 conatibus
2013 3549 2077 3606 aut
2161 3613 2164 3618 ,

90 3615 278 3690 delabuntur
309 3615 501 3705 homines,
538 3621 689 3712 pertaesi
719 3620 884 3692 laborum
915 3619 1046 3688 deinde
1096 3629 1191 3721 spei,
1210 3631 1271 3699 sed
1289 3629 1462 3719 patienter
1476 3632 1675 3706 doleremus
1692 3635 1911 3706 voluntatem
1926 3635 2013 3718 Dei,
2040 3650 2074 3707 et

90 3717 303 3809 voluptatibus
342 3721 452 3791 effuse
491 3721 687 3811 indulgent.
747 3719 855 3792 Hunc
897 3722 1044 3790 modum
1096 3731 1289 3800 necessaria
1304 3730 1484 3816 faciamus,
1612 3737 1617 3742 ’

90 3825 282 3908 quaerendae
305 3822 574 3916 tranquillitatis
599 3820 657 3892 hic
682 3823 786 3893 etiam
804 3821 966 3892 nominat
984 3843 1046 3889 va·
1197 3830 1301 3900 Hanc
1333 3828 1597 3904 conclusionem
1632 3848 1747 3908 textus
1780 3840 1855 3926 ipse
1888 3841 1990 3930 ponit
2017 3840 2075 3909 in.

31 3995 34 4000 .
90 3919 229 4008 filialem,
263 3947 330 3992 ¹¹⁸0
355 3938 408 3994 ²⁸1
429 3949 547 3994 rerum
569 3920 819 4013 reprehens&
852 3924 926 3991 im0
949 3917 1045 3992 Dens
1096 3934 1237 4026 quiens:
1264 3927 1303 4002 T
1303 3931 1607 4030 tanquiliilcrsde
1623 3961 1737 4008 manu
1752 3935 1831 4008 Dei
1851 3947 1916 4014 esi.
1968 3940 2073 4013 ltem:

89 4019 144 4107 ipse
155 4023 323 4094 immensa
338 4026 496 4096 bonitate
512 4026 634 4096 multis
651 4025 866 4095 dulcissimis
882 4026 1046 4116 volupta·
1096 4031 1202 4104 Deus
1225 4027 1290 4103 dat
1313 4029 1460 4104 homini
1476 4033 1641 4132 placenti
1659 4037 1885 4136 sapientiam
1910 4049 1941 4109 et
1966 4039 2075 4112 loeti-

90 4121 165 4192 tibus
178 4121 269 4196 hanc
285 4127 393 4196 vitam
410 4127 581 4200 condivit.
634 4121 687 4196 Ac
701 4130 874 4199 utendum
890 4141 942 4198 est
957 4125 1048 4210 cibo,
1096 4136 1210 4217 ciam,
1242 4136 1425 4232 peccatori
1448 4161 1528 4208 vero
1549 4136 1803 4238 afflictionem.
1856 4141 1939 4213 Non
1966 4143 2076 4234 igitur

90 4236 157 4310 polu
178 4241 211 4296 el
232 4228 314 4297 aliis
334 4229 441 4298 rebus
464 4229 637 4298 divinitus
661 4230 816 4300 conditis
838 4231 934 4298 iuxta
951 4227 1043 4296 dlvi·
1096 4263 1171 4320 res,
1197 4263 1273 4308 non
1293 4240 1564 4332 inquisitionem
1586 4243 1986 4337 dOCll'lssflflimpmbal,
2013 4247 2076 4316 sed

90 4345 154 4394 nam
167 4330 445 4412 ordinationem,
463 4355 543 4401 cum
559 4331 784 4401 invocatione
801 4345 836 4402 et
852 4330 1046 4419 gratiarum
1096 4342 1173 4411 vult
1195 4363 1278 4410 suae
1300 4365 1475 4434 quemque
1498 4345 1678 4414 vocationi
1703 4371 1846 4437 parere,
1880 4362 1914 4418 et
1939 4371 2007 4418 nos
2035 4349 2075 4416 in

91 4427 221 4498 actione:
255 4434 317 4502 sed
344 4432 480 4503 vanitas
500 4446 552 4502 est
566 4433 657 4502 velle
681 4433 720 4502 in
744 4428 801 4501 itis
816 4431 1046 4528 acquiescere,
1097 4443 1172 4514 Deo
1204 4442 1441 4536 acquiescere,
1474 4445 1548 4514 sive
1573 4451 1770 4538 =procedant
1803 4450 1960 4534 labore„
2001 4449 2075 4519 ,ive

92 4549 154 4597 cum
170 4531 206 4599 in
221 4532 296 4603 Deo
312 4534 359 4603 sit
372 4534 674 4628 acquiescendum.
1096 4568 1170 4614 non
1193 4545 1403 4635 procedant,
1431 4569 1507 4617 non
1529 4549 1730 4618 deseramus
1756 4551 1975 4630 vocationes,
2000 4573 2078 4620 non

172 4647 353 4722 Praeterea
368 4652 414 4742 ‘in
432 4648 488 4721 his
505 4651 747 4742 voluptatibus
773 4651 878 4722 multi
903 4650 1044 4721 dolores
1096 4647 1291 4718 irascamur
1313 4645 1408 4732 Deo,
1439 4649 1576 4718 etiamsi
1603 4674 1677 4718 non
1702 4651 1833 4742 pariter
1862 4651 2076 4723 ditescimus.

93 4749 216 4822 admixti
237 4767 340 4833 sunt,
365 4767 405 4824 ut
426 4754 466 4822 in
482 4755 653 4851 poematis
677 4756 806 4826 multae
824 4767 1047 4846 suntqnere-
1098 4745 1187 4818 Non
1208 4751 1417 4818 deserantur
1447 4752 1563 4821 studia
1594 4755 1808 4840 neccssaria,
1841 4753 1979 4824 etiamsi
2000 4775 2075 4821 non
2164 4764 2181 4826 ’,

93 4846 143 4920 lae.
189 4848 342 4925 Ovidius
363 4854 497 4948 inquit:
523 4853 643 4948 Usque
666 4859 753 4926 adeo
777 4857 877 4925 nulla
900 4867 952 4924 εει
972 4854 1047 4922 sin·
1097 4850 1217 4920 omnia
1248 4849 1410 4919 invenire
1432 4875 1637 4942 possumus,
1672 4877 1737 4924 nec
1769 4879 1890 4926 rerum
1918 4854 2074 4944 cognitio

94 4973 155 5020 tera
174 4955 354 5049 voluptas,
380 4955 628 5049 solicitumque
649 4958 786 5053 aliquid
809 4957 910 5028 lactis
935 4955 1047 5027 inter·
1096 4953 1191 5022 tollit
1206 4967 1372 5037 mortem,
1388 4967 1449 5024 aut
1464 4955 1551 5024 alias
1568 4956 1752 5048 plerasque
1768 4956 1941 5038 miserias,
1964 4969 2002 5026 nt
2017 4949 2081 5025 hie

94 5054 180 5128 venit.
230 5053 278 5127 Et
293 5055 455 5130 Plautus:
482 5055 599 5147 Statio
614 5083 720 5151 parra
736 5085 792 5130 res
815 5072 867 5129 est
883 5057 1046 5148 volupta-
1096 5054 1230 5148 inquit:
1258 5049 1428 5124 Moritur
1450 5051 1574 5126 doctus
1593 5065 1631 5126 ut
1651 5054 1831 5128 indoctos.
1880 5055 2009 5128 Narrat
2036 5081 2075 5127 ea

95 5164 153 5223 tum
183 5158 219 5226 in
254 5159 325 5230 rita
359 5171 603 5252 praeterquam
637 5164 734 5255 quod
764 5161 951 5232 molestum
986 5171 1047 5232 est.
1096 5181 1186 5250 quae
1219 5157 1293 5228 fieri
1328 5157 1458 5228 nostris
1481 5160 1593 5230 oculis
1617 5161 1812 5243 cernimus,
1845 5172 1879 5229 et
1902 5161 2000 5245 vult,
2030 5183 2077 5230 ne

95 5250 185 5339 ltcm,
211 5261 389 5352 voluptati
403 5285 546 5332 moeror
566 5287 688 5334 comes,
705 5263 947 5356 consequitur.
995 5259 1046 5332 lta
1099 5271 1241 5352 propter
1250 5259 1336 5328 tales
1350 5263 1849 5338 eventusdeseraturvoratio.
1867 5257 2078 5333 Aristotelea

194 5630 300 5782 ιζ
