4674 5822
92 141 188 216 erse
273 191 276 200 -
376 149 462 256 uu.
513 155 910 244 auuoranouns
933 167 1001 246 ur
1026 171 1596 282 conoruum=·rn.nvaun.
1624 207 1836 294 loannis.
1936 176 1941 186 ’

87 316 307 410 comparatio
326 321 448 410 docet,
481 328 526 399 de
548 331 680 424 quibus
699 334 886 430 loquatur,
917 369 997 416 enm
1019 349 1078 420 in-

85 419 177 512 quiti
206 416 546 548 omnesquotqnot
569 439 762 554 venerunt,
788 443 833 512 de
856 440 912 514 bis
933 451 1077 540 scilieet,
1126 452 1308 578 Christum
1332 471 1376 540 de
1396 495 1435 544 su

81 827 247 916 verbum,
279 831 362 924 quia
392 837 523 910 ostium
556 855 623 926 est,
657 870 727 937 quo
757 851 935 924 revelatur
958 873 1068 948 pater,
1119 867 1271 960 dictum,
1302 894 1342 950 ut

80 929 187 1000 verbo
222 947 341 1004 autem
371 940 567 1025 revelatur,
598 969 709 1038 qnare
739 954 980 1045 noningredi
1005 985 1068 1054 per

79 1025 144 1102 boc
157 1034 311 1117 ostium,
337 1051 390 1110 est
404 1040 502 1112 aliud
520 1047 668 1118 verbnm
684 1051 825 1129 afferre.
878 1055 964 1129 Item
982 1066 1065 1156 quia

76 1153 111 1202 sa
130 1137 436 1229 compastoribus
459 1149 615 1234 confert,
641 1152 685 1220 de
708 1153 751 1224 iis
777 1156 956 1250 loquitur,
983 1188 1064 1236 cum

75 1234 140 1308 ait:
167 1232 309 1310 Omnes
323 1244 388 1336 qui
402 1264 574 1322 venerant
589 1265 672 1338 etn,
697 1257 760 1350 qui
777 1281 814 1327 se
831 1282 895 1351 pro
912 1270 1063 1354 pastori-

74 1336 137 1408 bus
157 1333 285 1412 baberi
310 1345 522 1437 voluerunt,
552 1348 592 1423 hi
612 1355 709 1426 fures
729 1373 764 1428 et
786 1360 943 1435 latrones
966 1387 1061 1444 sunt.

73 1433 288 1534 Dupliciter,
315 1447 470 1537 primum
492 1455 575 1546 quia
596 1459 795 1534 sentiebant
811 1485 910 1535 snam
927 1470 1060 1541 doctri·-

73 1563 150 1612 nam
165 1545 251 1614 satis
268 1569 343 1617 esse
358 1551 588 1637 adsalutem,
611 1581 688 1628 eam
706 1585 779 1633 esse
794 1590 884 1658 quae
899 1575 1058 1661 pasceris,

70 1664 145 1712 cum
168 1658 288 1718 tamen
305 1653 441 1725 nonsit
459 1654 660 1731 intellectus
675 1667 773 1736 verbi
791 1670 859 1738 nisi
876 1675 1056 1764 aperiente
1105 1679 1152 1754 Et
1175 1682 1197 1756 h

70 1739 206 1819 Christo
222 1763 260 1822 ct
276 1752 373 1823 velut
389 1758 591 1832 recludente
602 1764 750 1853 ostinm;
777 1777 945 1860 secundo,
972 1779 1054 1873 quia
1105 1799 1165 1856 tur

69 1869 173 1918 novas
193 1853 301 1923 etiam
326 1858 533 1932 traditiones
556 1867 932 1963 comminiscebantur,
966 1905 1053 1972 quas

69 1952 235 2038 putabant
255 1957 301 2026 ad
324 1964 516 2048 parandam
540 1966 688 2038 salutem
711 1977 922 2048 conducere.
979 1981 1052 2054 Cu-

68 2049 215 2124 iusmodi
245 2069 281 2128 et
310 2064 406 2150 apud
434 2087 499 2134 nos
526 2068 673 2142 fuerunt
695 2071 867 2162 latrones,
899 2083 961 2174 qni
983 2079 1051 2156 hoc

12 2193 13 2196 =
67 2173 158 2242 opus,
184 2153 283 2229 hunc
297 2162 417 2234 cibum
432 2166 537 2240 illum
551 2171 716 2244 ordinem
731 2176 940 2271 docuerunt,
964 2209 1050 2257 con-

12 2263 13 2266 ’
66 2252 184 2331 ducere
200 2261 247 2332 ad
264 2263 424 2342 salutem.

360 2461 484 2542 Fures
507 2481 539 2543 et
561 2469 739 2555 latrones.

154 2594 250 2685 Quia
282 2599 437 2692 primum
466 2602 533 2679 boc
558 2611 765 2707 agitimpia
787 2619 969 2712 doctrina,
1004 2641 1043 2701 nt

63 2693 222 2789 decipiat,
249 2704 288 2776 2.
301 2701 382 2776 Cor.
397 2705 477 2779 XL:
503 2709 604 2785 Sicut
618 2739 762 2809 serpens
775 2716 888 2794 Evam
905 2733 1041 2802 seduxit

62 2801 178 2871 astutia
194 2817 282 2885 etc„
317 2807 399 2900 qnia
419 2813 536 2882 omnis
551 2815 712 2888 doctrina
729 2827 907 2913 praedicat
922 2857 1039 2924 opera,

61 2896 170 2973 laudat
199 2907 293 2977 vires
320 2903 510 3000 humanas,
541 2921 719 3008 promittit
748 2928 896 2999 salutem
923 2935 960 3002 in
985 2935 1027 3006 iis

1029 2990 1038 3024 2

60 2997 237 3096 inquibus
261 3033 336 3079 non
359 3012 536 3087 invenias:
564 3023 741 3096 confortat
763 3053 889 3102 manus
908 3035 1037 3128 impio·

61 3123 148 3188 rum,
180 3111 368 3184 contristat
388 3139 450 3186 cor
473 3119 577 3207 iusti,
605 3119 734 3199 Ezech.
755 3127 856 3206 Xlll.
889 3175 939 3189 -
989 3135 1037 3211 Et

59 3223 122 3272 nou
137 3213 346 3299 audierunt,
372 3218 446 3288 scil.
465 3223 548 3313 quia
565 3247 670 3296 nemo
687 3231 780 3321 rapit
798 3259 853 3303 eas
868 3239 911 3306 de
926 3263 1034 3312 manu

57 3311 194 3390 pastoris
211 3310 360 3392 Christi.
411 3317 486 3391 Fur
510 3349 583 3394 uon
607 3331 703 3399 venit
729 3333 798 3402 nisi
821 3352 862 3409 ut
885 3341 1034 3428 furetur,

57 3403 167 3485 idest:
194 3430 234 3487 ut
249 3419 421 3510 decipiet,
448 3425 585 3520 decepti
602 3449 765 3522 pereunt.

224 3619 314 3720 Ego
336 3627 435 3712 oeni,
470 3641 510 3703 nt
532 3635 643 3708 vitam
665 3633 841 3734 habeant,

54 3748 84 3818 id
98 3768 164 3841 est,
189 3759 448 3838 benedicantur
462 3773 561 3840 omni
579 3774 827 3851 benedictione
841 3784 1030 3875 spirituali,
1098 3833 1107 3851 ·

54 3863 83 3919 ct
100 3859 312 3946 saginentur.
382 3867 563 3944 Hactenus
588 3876 700 3966 prima
726 3905 805 3970 pars
828 3888 1027 3964 collationis

54 3963 218 4048 proposita
248 3981 311 4042 est.
371 3967 515 4060 Primo,
550 3992 669 4063 pastor
692 3981 807 4054 honus
827 3986 1027 4078 ingreditur·

51 4075 106 4141 per
127 4066 270 4139 ostium.
325 4070 491 4164 Aptatio:
527 4074 604 4168 Ego
632 4081 707 4172 ipse
734 4108 813 4156 sum
837 4093 968 4162 ostium
992 4111 1025 4170 et

50 4173 171 4252 pastor3
212 4171 361 4258 ostium,
401 4177 484 4268 quia
523 4202 587 4270 ego
615 4186 734 4257 revelo
764 4203 915 4280 patrem;
958 4221 1022 4288 pa-

49 4270 129 4346 stor,
168 4273 250 4362 quia
280 4278 388 4347 verbo
419 4279 587 4367 iustifico,
627 4286 786 4375 vivifico,
829 4319 932 4386 pasco
957 4315 1022 4375 etc.

50 4357 250 4444 Antithesis:
279 4375 351 4466 Qui
372 4404 445 4449 non
463 4381 660 4472 ingreditur
676 4413 739 4480 per
753 4395 903 4483 ostium,
929 4400 1020 4474 latro

50 4476 102 4532 cst.
150 4469 313 4563 Aptati0:
345 4477 554 4571 Venerunt,
582 4488 644 4580 qui
670 4517 745 4563 non
768 4495 916 4588 ingressi
936 4521 1021 4578 sunt

49 4583 102 4646 per
121 4577 264 4666 ostium,
290 4578 351 4653 hic
370 4609 452 4674 ergo
476 4589 630 4660 latrones
645 4592 801 4670 suerunt.
855 4601 1018 4677 Summa:

49 4659 157 4742 Solum
187 4685 333 4754 verbum
365 4683 500 4761 Christi
530 4695 659 4782 pascit,
695 4699 869 4788 vivificat,
903 4731 1018 4800 neque

48 4765 184 4849 viviticat
220 4788 367 4858 verbum
407 4793 478 4862 nisi
517 4794 595 4887 ipso
629 4792 771 4874 Christo
812 4807 1016 4883 recludente
1092 4857 1101 4873 ·

49 4871 160 4946 ostium
177 4900 209 4955 et
225 4905 399 4978 pascente.

2020 234 2119 310 ltst

1460 365 1527 472 pro
1559 382 1688 456 ovibus
1716 415 1824 482 pono.
1881 393 1965 472 Dixi
1998 429 2117 501 supra,

1438 501 1460 544 ο
1475 485 1621 573 propriu
1637 501 1671 560 et
1687 509 1856 586 perpetuo
1870 502 1986 575 officio
2001 509 2115 604 loqui,

1128 355 1283 430 animam
1313 389 1426 440 meam

1373 891 1568 974 peccatum
1586 908 1620 965 et
1641 900 1844 978 maledictio
1866 935 2107 996 evacuaretur.

1116 963 1254 1066 Estque
1275 971 1333 1050 hie
1359 983 1458 1057 locus
1479 994 1696 1084 amplissima
1717 1012 1912 1084 consolatio
1930 1023 2107 1096 credenti-

1117 1071 1201 1154 bus,
1227 1079 1291 1148 ubi
1306 1075 1470 1160 Christus
1485 1115 1521 1164 se
1538 1109 1684 1172 testatur
1700 1113 1872 1184 excubare
1886 1141 1950 1210 pro
1965 1125 2106 1216 ovibus,

1115 1197 1160 1242 ne
1182 1201 1251 1269 qua
1268 1182 1380 1258 irruat
1399 1191 1522 1282 lupus,
1548 1213 1587 1271 ut
1603 1205 1748 1279 credant
1765 1217 2000 1294 confidentius
2017 1252 2105 1299 con-

1112 1276 1293 1370 scientiae,
1320 1289 1387 1360 sibi
1403 1317 1482 1364 cum
1499 1298 1538 1368 in
1553 1320 1667 1376 morte
1683 1323 1758 1380 tum
1775 1315 1812 1382 in
1830 1319 1908 1390 aliis
1923 1325 2102 1404 aerumnis

1110 1399 1329 1475 praesentem
1353 1407 1527 1484 pastorem
1550 1425 1635 1482 esse.
1686 1411 1814 1488 Ezech.
1829 1417 1999 1503 XXXIV.
2016 1457 2101 1524 pro-

1111 1481 1220 1556 mittit
1248 1490 1293 1559 ad
1317 1497 1471 1580 cundem
1492 1508 1639 1586 modum
1663 1515 1848 1608 dominus,
1883 1549 1956 1598 sese
1979 1549 2101 1624 pastu-

1108 1605 1188 1652 rum
1210 1612 1293 1661 oves
1307 1609 1389 1684 etc„
1421 1601 1513 1675 sicut
1536 1609 1656 1684 visitat
1680 1632 1800 1708 postor
1820 1646 1958 1718 gregem
1983 1657 2099 1712 suurn.

1201 1713 1261 1762 aec
1286 1699 1430 1790 quidem
1453 1705 1497 1776 de
1521 1715 1666 1807 proprio
1688 1719 1804 1794 officio
1822 1723 1952 1803 Christi
1968 1735 2097 1810 dicun-

1172 1843 1182 1872 ,
1224 1797 1286 1888 qui
1321 1818 1448 1880 servat.
1515 1805 1564 1883 Et
1593 1830 1633 1888 nt
1662 1822 1832 1897 sciremus
1859 1833 2104 1930 servaturum,
2206 1863 2210 1872 ‘

1105 1905 1218 1964 morte
1240 1910 1384 1973 testatus
1406 1922 1475 1993 est,
1503 1935 1650 2012 eamque
1673 1925 1770 1996 velut
1785 1931 1911 2020 pignus
1927 1941 2093 2014 volunta-

1102 1991 1147 2062 tis
1161 1991 1243 2065 suae
1258 2002 1413 2098 reliquit.
1461 2009 1566 2086 Nunc
1580 2021 1641 2116 qui
1656 2049 1781 2097 omnes
1795 2036 1975 2111 ministros
1991 2047 2090 2119 verbi

1101 2095 1178 2167 vult
1201 2095 1343 2177 Christo
1374 2111 1523 2202 addere,
1558 2120 1619 2192 ille
1643 2123 1701 2196 bic
1724 2131 1905 2223 observet,
1938 2161 2089 2220 mortem

1100 2219 1173 2266 esse
1186 2201 1326 2288 signum
1343 2217 1570 2302 apostolatus.
1622 2225 1692 2298 Sed
1710 2253 1773 2324 ego
1789 2237 1931 2312 interim
1947 2249 1991 2315 de
2004 2273 2088 2340 pro-

1099 2299 1176 2386 prio
1191 2301 1326 2380 Christi
1341 2315 1458 2386 oflicio
1475 2343 1660 2412 exponam.
1675 2369 1728 2388 -
1779 2335 1866 2410 Sum
1884 2364 2003 2434 pastor
2017 2352 2086 2423 bo·

1098 2423 1181 2489 nus,
1208 2412 1290 2500 qnia
1313 2437 1390 2486 mea
1407 2419 1525 2494 anima
1539 2430 1678 2505 redimo
1694 2460 1787 2512 oves.
1819 2521 1822 2528 ,
1840 2441 2085 2528 Merceuarius

1096 2517 1167 2592 est,
1193 2511 1333 2601 quisue
1349 2523 1499 2613 quaerit.

1345 2732 1401 2808 Et
1424 2763 1490 2838 ego
1515 2771 1689 2844 cognosco
1711 2784 1824 2840 meos.
1869 2807 1876 2810 ·

1193 2881 1316 2962 Tertia
1340 2916 1420 2991 pars
1442 2905 1630 2991 parabolae
1651 2911 1770 2986 locum
1789 2916 1896 2998 habet
1911 2927 2078 3020 dignissi-

1089 3006 1186 3054 mum
1215 2991 1481 3087 observatione,
1513 3011 1609 3098 qnod
1640 3029 1760 3104 pastor
1781 3048 1864 3096 oves
1889 3034 2008 3118 novit,
2042 3054 2077 3112 et
2107 3101 2114 3110 .

1087 3084 1188 3155 illum
1205 3091 1358 3166 vicissim
1374 3125 1458 3173 oves
1471 3126 1615 3185 norunt.
1667 3116 1841 3214 Primum,
1863 3137 1958 3223 quod
1970 3134 2076 3210 Chri-

1085 3199 1159 3256 stus
1183 3195 1285 3268 novit
1306 3225 1407 3286 oves,
1439 3216 1664 3289 commendat
1686 3243 1785 3296 suam
1809 3233 2073 3314 solicitudinem

1085 3291 1190 3362 nobis
1216 3321 1279 3387 pro
1304 3303 1448 3392 ovibus,
1474 3323 1509 3380 et
1533 3319 1629 3405 qnod
1654 3339 1755 3396 vocat
1779 3351 1836 3402 eas
1857 3341 2072 3416 nominatim

1085 3395 1235 3480 pertinet
1250 3403 1293 3470 nd
1309 3398 1387 3490 hnc,
1412 3413 1509 3501 quod
1525 3416 1610 3488 alias
1624 3445 1708 3495 oves
1723 3429 1826 3502 aliter
1839 3455 1952 3516 vocat.
1986 3441 2071 3518 Dis·

1083 3495 1231 3570 crimina
1254 3520 1337 3578 snnt
1361 3512 1556 3602 donorum,
1589 3528 1835 3623 vocationum,
1859 3542 2070 3637 officiorum,

1082 3623 1171 3690 quae
1188 3601 1263 3693 ipse
1279 3631 1344 3698 pro
1359 3633 1423 3684 suo
1441 3618 1591 3692 arbitrio
1607 3631 1772 3724 partitur.
1831 3655 1836 3712 ζ

1181 3732 1364 3828 Secundo,
1397 3749 1492 3839 quod
1525 3744 1808 3840 ovesnoverunt
1831 3771 1967 3865 ipsum,
1998 3777 2067 3856 boc
2186 3794 2188 3800 ’

1077 3835 1268 3923 significat,
1294 3867 1376 3914 oves
1397 3841 1526 3922 babere
1544 3861 1786 3938 testimonium
1804 3879 1919 3946 cordis
1935 3884 2008 3966 sui,
2030 3901 2066 3960 et

1076 3961 1157 4006 vere
1179 3944 1341 4031 credere,
1366 3954 1461 4042 quod
1479 3949 1537 4024 lric
1556 3984 1636 4030 vere
1653 3967 1699 4037 sit
1713 3965 1877 4046 Christus
1894 3998 2014 4072 pastor
2029 4003 2063 4062 et

1075 4039 1289 4128 vivificator,
1324 4063 1356 4119 et
1385 4053 1424 4120 in
1455 4059 1563 4128 verbo
1594 4061 1729 4139 Christi
1759 4099 1860 4165 posse
1891 4084 2062 4161 clamare:

1073 4141 1176 4212 Abba
1191 4161 1301 4235 pater.
1341 4147 1419 4223 Hoc
1432 4172 1494 4236 est,
1522 4167 1616 4251 quod
1627 4165 1749 4242 Esaias
1763 4175 1896 4272 inquit:
1924 4183 2062 4264 Omnes

1072 4259 1177 4316 erunt
1190 4244 1415 4327 theodidacti.
1469 4256 1515 4331 Et
1530 4261 1745 4345 Hieremias:
1769 4277 1989 4373 Cognoscent
2004 4319 2061 4366 me

1070 4371 1194 4418 omnes
1213 4373 1235 4419 a
1255 4354 1404 4426 minimo
1420 4383 1532 4454 usque
1550 4373 1594 4438 ad
1611 4377 1815 4455 maximum.
1869 4387 1978 4463 Vides
1995 4420 2059 4468 au·

1071 4460 1139 4518 tem
1173 4447 1264 4524 hanc
1291 4471 1426 4552 partem
1453 4488 1526 4536 non
1558 4496 1659 4564 posse
1682 4481 1817 4570 vulgari
1837 4487 1873 4558 in
1897 4495 2058 4592 reliquos
2142 4574 2146 4586 ,

1071 4551 1169 4620 verbi
1193 4553 1389 4646 ministros,
1424 4567 1484 4634 sed
1510 4578 1653 4668 proprie
1673 4583 1715 4650 ad
1740 4582 1922 4664 Christum
1945 4603 2057 4698 perti-

1069 4677 1163 4722 nere.
1220 4657 1310 4728 Nam
1339 4666 1517 4758 sequitur:
1549 4674 1650 4749 Sicut
1670 4685 1773 4759 novit
1793 4717 1849 4762 me
1872 4713 1988 4787 pater,
2021 4718 2057 4777 et

1067 4777 1130 4842 ego
1155 4780 1327 4852 cognosco
1350 4781 1506 4858 patrem,
1534 4774 1555 4849 i.
1574 4803 1602 4852 e.
1619 4807 1692 4852 non
1708 4789 1799 4870 sicut
1815 4802 1971 4872 mundus
1987 4827 2055 4875 no-

1066 4872 1118 4926 vrt
1140 4859 1196 4926 vel
1220 4885 1276 4931 me
1298 4867 1352 4934 vel
1376 4885 1530 4960 patrem:
1557 4885 1617 4951 sed
1642 4901 1742 4977 pater
1761 4899 1880 4982 novit,
1907 4927 1964 4974 me
1979 4931 2054 4981 csse

1065 4958 1200 5046 lilium,
1233 4981 1416 5058 propterea
1447 4978 1619 5063 glorificat
1647 5013 1701 5060 me
1730 5008 1900 5092 tanquam
1927 5007 2053 5099 lilium,
2115 5029 2123 5038 '

1064 5073 1098 5130 et
1130 5067 1299 5140 ostendit·
1316 5095 1371 5141 me
1394 5076 1474 5148 aliis
1494 5105 1568 5153 esse
1589 5087 1718 5164 filium:
1753 5111 1795 5168 et·
1809 5123 1872 5191 ego
1896 5107 2050 5186 vicissim

1458 5227 1469 5250 .
1534 5183 1594 5257 Sic
1620 5217 1703 5264 oves
1727 5219 1863 5278 norunt
1886 5224 1918 5281 et
1942 5213 2052 5304 glori-

1228 5274 1376 5344 efillum
1394 5287 1693 5374 quemadmodum
1714 5318 1813 5390 pater
1825 5319 1979 5390 ostendit
1993 5341 2051 5392 me

1059 5367 1128 5458 eis,
1151 5369 1200 5442 sic
1217 5375 1322 5447 etiam
1336 5403 1419 5454 oves
1436 5404 1570 5464 norunt
1585 5413 1736 5492 patrem.
