4616 5818
230 143 304 220 ἥδ

234 315 407 406 Vigilate,
431 309 512 404 quia
528 304 747 378 adversarius
760 319 873 377 vester
888 317 1055 395 tauquam
1072 300 1129 370 leo
1152 321 1214 368 ru·

233 419 332 508 giens
350 415 522 485 circumit.
833 441 834 446 κ

336 567 512 658 Reliquae
531 585 653 632 causae
675 556 882 628 desertionis
904 556 1021 626 minus
1046 569 1129 626 suut
1152 557 1216 626 ob-

236 697 375 754 scurae,
402 682 442 738 ut
458 679 570 735 metus
587 661 862 754 suppliciorum,
887 659 1137 742 immoderatae
1160 683 1218 726 so-

105 837 110 848 .
237 773 441 848 licitudiues
458 769 723 838 retinendarum
748 787 876 854 opum,
903 761 1065 854 imperii,
1100 762 1218 852 digui-

238 878 333 950 tatis.
668 874 674 891 ⁶

566 1017 893 1069 Desecundm

337 1129 453 1222 'Valde
469 1125 567 1196 utilis
584 1123 744 1192 doctriua
759 1118 818 1191 bic
835 1125 1004 1208 traditur,
1039 1123 1083 1190 de
1104 1120 1220 1191 incre-

156 1241 162 1250 '
238 1235 368 1306 mentis
390 1233 543 1324 piorum.
592 1224 709 1296 Lucae
728 1224 762 1297 8.
805 1223 931 1296 Videte
954 1226 1133 1318 quomodo
1158 1248 1221 1295 au-

240 1338 364 1412 diatis:
393 1330 546 1405 Habenti
563 1327 656 1399 euim
673 1327 834 1410 dabitur,
866 1342 899 1398 et
920 1353 938 1398 a
960 1351 1033 1395 nou
1057 1320 1223 1410 habente,

241 1441 336 1536 quod
360 1437 501 1504 videtur
524 1430 672 1515 babere,
702 1427 893 1500 auferetur.
948 1427 1134 1500 Discamus
1157 1427 1223 1516 igi-

133 1593 136 1600 ι
240 1559 300 1616 tur
318 1539 510 1610 exercenda
535 1559 607 1606 esse
630 1535 723 1600 dona
748 1529 964 1622 spiritualia,
999 1534 1081 1624 quia
1105 1532 1142 1598 in
1166 1525 1222 1597 bis

128 1667 135 1678 ·
242 1641 415 1714 exercitiis
432 1650 610 1716 crescunt,
636 1636 726 1704 sicut
742 1634 827 1702 alibi
849 1633 978 1702 Paulus
996 1634 1128 1728 inquit:
1151 1628 1224 1719 Qui

242 1744 393 1817 fideliter
407 1740 568 1810 serviunt
583 1737 838 1807 confirmantur
852 1735 891 1804 in
908 1736 984 1803 fide.
1037 1735 1082 1806 Et
1099 1731 1222 1824 Augu-

242 1848 375 1919 stinus:
397 1841 552 1914 Dilectio
569 1837 997 1908 mereturiucremeutum
1016 1836 1224 1910 dilectionis.

244 1949 329 2022 ideo
351 1943 514 2018 Christus
542 1940 677 2035 inquit:
717 1938 756 2010 si
781 1953 927 2032 possunt
945 1934 1110 2010 homines
1131 1939 1223 2007 bona

244 2053 346 2134 dare,
373 2059 505 2142 quanto
523 2045 634 2132 magis
648 2055 748 2136 pater
762 2053 876 2109 vester
894 2041 955 2133 qui
974 2042 1011 2110 in
1034 2041 1140 2110 coelis
1164 2053 1226 2130 est,

244 2151 344 2224 dabit
360 2149 534 2242 Spiritum
552 2159 711 2215 sanctum
728 2143 946 2234 petentibus:
974 2145 1069 2238 quod
1092 2143 1225 2232 signib-

245 2267 300 2326 cat
317 2277 393 2323 nou
416 2250 560 2331 ociosis,
595 2271 669 2314 uou
689 2245 839 2328 securis,
872 2269 945 2312 non
969 2244 1223 2318 contemnenti-

245 2360 332 2436 bus,
361 2355 433 2449 ¹sed
456 2348 683 2420 audientibus
707 2349 855 2416 verbum
879 2343 966 2433 Dei,
1004 2347 1227 2446 cupientibus

246 2455 410 2539 obedire,
436 2467 470 2524 et
488 2451 686 2544 petentibus
702 2449 884 2519 auxilium.

349 2603 478 2677 Extant
495 2599 764 2694 promissiones,
788 2613 906 2672 extant
921 2601 1106 2686 mandata,
1138 2623 1229 2692 quae

141 2729 146 2744 ·
247 2712 374 2784 iub'ent
390 2720 527 2798 petere,
560 2726 641 2794 ergo
660 2703 738 2773 vult
760 2704 844 2772 darc
867 2716 900 2774 et
924 2705 1104 2772 cumulare
1126 2705 1230 2786 dona,

250 2815 339 2886 sicut
354 2826 388 2882 et
401 2807 555 2902 precatio
571 2806 644 2896 ipsa
663 2819 829 2888 testatur,
858 2829 964 2897 quam
979 2801 1143 2875 Christus
1158 2818 1225 2874 tra·

174 2913 177 2921 ’
250 2915 353 2988 didit.
407 2909 651 2982 Sanctificetur
665 2930 795 2976 nomeu
812 2919 930 2991 tuum,
962 2907 1091 2992 idest,
1124 2909 1168 2977 da
1191 2921 1230 2976 ut

250 3041 331 3089 vere
362 3025 592 3102 agnoscamus
614 3006 749 3087 Deum,
784 3033 864 3077 vere
893 3009 1115 3092 invocemus,
1146 3008 1231 3080 tolle

249 3113 490 3191 idololatriam
521 3125 555 3182 et
584 3135 706 3180 omnes
737 3110 864 3202 impias
893 3111 1088 3202 opiniones.
1156 3107 1230 3180 Ad-

250 3218 371 3293 veniet
387 3238 535 3305 reguum
552 3227 670 3297 tuum,
692 3212 813 3296 idest,
847 3235 926 3300 rege
951 3225 989 3280 tu
1014 3235 1079 3282 uos
1095 3211 1229 3305 Spiritu

252 3335 392 3403 sancto,
416 3341 490 3387 uon
505 3316 674 3387 concedas
692 3337 838 3404 regnum
861 3314 1015 3384 diabolo.
1066 3314 1146 3387 Fiat
1170 3339 1230 3383 ro·

253 3427 371 3496 luntas
385 3433 465 3502 tua,
490 3419 579 3488 sicut
594 3418 631 3486 iu
646 3418 743 3487 coelo
768 3419 1014 3507 obtemperant
1036 3417 1172 3507 angeli,
1200 3430 1230 3486 et

254 3549 358 3598 suum
386 3521 534 3615 quisque
563 3520 643 3588 facit
666 3519 837 3602 officium,
870 3519 918 3589 ita
940 3520 995 3589 fac
1018 3533 1056 3590 ut
1081 3521 1118 3590 iu
1143 3535 1231 3590 terra

254 3632 498 3715 obtemperent
514 3621 579 3692 tibi
595 3644 716 3688 omues
732 3623 911 3712 doctores,
944 3622 1138 3712 principes,
1169 3645 1232 3712 gu-

254 3733 480 3809 bernatores,
503 3721 647 3814 privati,
663 3743 726 3790 suo
741 3721 890 3813 quisque
905 3721 1002 3807 loco,
1016 3723 1099 3792 tolle
1114 3724 1232 3792 omnia

255 3829 419 3905 scandata
442 3826 717 3916 gubernatorum
742 3837 775 3892 et
796 3821 967 3907 aliorum,
1007 3847 1097 3916 quae
1122 3825 1233 3894 offen·

256 3939 347 4006 duut
363 3945 458 4002 tuam
474 3927 704 3996 voluntatem.
756 3921 810 3994 Da
826 3947 949 4016 panem
975 3925 1234 4019 quotidianum,

257 4039 294 4107 id
311 4047 381 4118 est,
407 4030 526 4102 omnia
544 4026 700 4116 corporis
717 4027 920 4111 commoda,
953 4049 1231 4117 pacem„auuo·

257 4161 360 4219 uam,
395 4135 530 4204 boucam
553 4130 722 4220 regimen.
772 4126 928 4198 Remitte
951 4129 1087 4215 debita,
1120 4152 1165 4198 ne
1190 4129 1234 4200 si-

258 4261 322 4312 nas
338 4259 403 4305 nos
419 4235 645 4304 succumbere
663 4230 805 4301 diabolo
823 4229 1140 4302 intentationibus.
1174 4231 1229 4301 Li·

259 4345 344 4412 bera
366 4359 431 4406 uos
452 4336 496 4404 ab
521 4333 687 4403 omnibus
712 4331 831 4417 malis,
863 4345 899 4402 et
924 4334 1045 4404 traduc
1067 4333 1105 4403 iu
1128 4335 1234 4402 vitam

200 4489 208 4498 -
259 4449 452 4515 aeternam.

361 4591 430 4664 Hic
448 4591 606 4660 videmus
622 4587 821 4679 praecipere
839 4581 1039 4672 Christum,
1064 4601 1102 4660 ut
1122 4587 1237 4658 omuis

261 4697 398 4794 generis
429 4695 540 4778 bona,
575 4690 772 4785 spiritualia
796 4701 829 4758 et
849 4690 1044 4782 corporalia
1068 4705 1239 4782 petamus,

184 4885 192 4890 ,
262 4820 295 4876 et
314 4799 396 4874 haec
413 4795 593 4866 cumulare
610 4795 685 4864 vult
709 4791 908 4884 petentibus
932 4806 966 4861 et
988 4793 1239 4863 exercentibus.

263 4902 420 4976 Additur
453 4911 567 4966 autem
591 4910 625 4966 et
650 4891 709 4965 bie
732 4894 959 4982 comminatio
980 4908 1101 4966 contra
1126 4893 1238 4985 negli-

263 5020 393 5098 gentes.
449 4997 495 5071 Ut
514 4998 674 5067 videntes
690 5021 762 5065 nou
780 4995 931 5069 videant.
985 4993 1237 5067 ltcmzAnon

156 5127 161 5138 ·
263 5106 434 5188 habente,
461 5093 874 5196 quadrideturbabere,
900 5097 1095 5184 auferetur,
1121 5099 1240 5188 idest,

262 5219 496 5282 contemtores
540 5202 732 5298 punientur
771 5199 935 5274 caecitate
974 5215 1006 5272 et
1051 5201 1238 5294 multiplici

263 5309 426 5384 amentia.

787 201 791 210 ,
828 129 949 204 Plllb.
977 123 1091 202 MEL.
1120 121 1333 198 scutata
1359 124 1664 226 EXEGE'l'lCA.

1600 297 1872 352 Deterssu

1469 407 1596 476 Vestri
1612 414 1740 478 autem
1753 403 1855 478 beati
1870 406 1971 476 oculi
1987 413 2057 478 etc.

1371 531 1536 608 Christus
1553 538 1670 630 iuquit
1693 541 1737 606 de
1753 533 1956 624 Abrabam,
1989 534 2171 609 Abrabam
2194 540 2248 606 ri-

1271 637 1324 706 dit
1340 638 1438 708 diem
1456 663 1573 710 meum
1592 654 1627 709 et
1651 642 1799 709 laetatus
1822 655 1891 710 est:
1926 643 1974 710 ita
1999 664 2122 709 omnes
2145 641 2250 709 sancti

1272 743 1316 808 ab
1334 739 1437 810 initio
1457 742 1583 811 muudi
1600 743 1724 812 salvati
1741 756 1826 812 sunt
1838 743 1907 810 fide
1923 743 2062 812 venturi
2089 743 2251 810 liberato·

1272 842 1344 925 ris,
1369 866 1474 934 quent
1491 857 1621 913 norant
1639 844 1850 936 promissum
1871 867 1965 927 esse,
1992 844 2100 912 etalii
2122 841 2251 912 babue-

1273 957 1357 1013 runt
1374 945 1487 1013 lucem
1507 947 1692 1016 clariorem
1708 946 1799 1019 aliis.
1852 945 1958 1034 Quod
1985 961 2100 1016 autem
2125 940 2183 1013 hic
2201 945 2252 1012 di-

1274 1059 1404 1115 cuntur
1425 1071 1499 1115 non
1520 1048 1670 1133 vidisse,
1702 1047 1922 1138 intelligatur
1943 1060 2080 1117 tautum
2106 1050 2150 1116 de
2173 1069 2253 1114 con-

1274 1148 1474 1218 versatione
1506 1151 1693 1240 corporali.
1757 1146 1861 1218 Hauc
1890 1150 2128 1218 incoationem
2159 1148 2254 1236 regni

1276 1264 1392 1340 patres
1407 1252 1525 1320 mirati
1546 1265 1649 1336 sunt,
1675 1265 1709 1321 et
1732 1264 1824 1320 certe
1843 1275 1961 1320 coram
1985 1252 2174 1341 cupiebant
2197 1273 2255 1317 au·

1276 1353 1353 1420 dire
1378 1355 1659 1443 praedicantem,
1692 1353 1890 1444 cupiebant.
1905 1351 2025 1420 videre
2053 1375 2157 1420 snum
2184 1351 2255 1418 llo·

1277 1455 1441 1540 minum,
1458 1455 1648 1546 cupiebant
1664 1477 1818 1524 crescere
1835 1453 2017 1543 agnitione
2035 1455 2087 1522 sui
2098 1451 2254 1522 Domini.

1620 1622 1905 1686 Dequertu

1378 1726 1519 1798 Diversi
1551 1727 1687 1796 fructus
1718 1724 1937 1814 significant,
1971 1726 2061 1794 elios
2092 1727 2256 1796 excellere

1279 1829 1357 1898 aliis
1373 1829 1491 1901 donis.
1541 1827 1649 1912 Item,
1677 1827 1714 1895 in
1728 1829 1879 1916 siugulis
1904 1827 2152 1898 vocationibus
2174 1830 2257 1898 alios

1279 1933 1357 2024 plus
1373 1931 1534 2001 laborare
1553 1930 1654 2014 aliis,
1680 1943 1721 2000 ut
1737 1928 1870 2000 Paulus
1894 1929 2057 2021 pluribus
2080 1931 2257 2022 praedica-

1278 2035 1348 2116 vit,
1373 2056 1478 2125 quam
1495 2033 1624 2126 aliquis
1639 2032 1741 2104 alius.

1405 2287 1410 2294 ·
1443 2248 1665 2332 Dominica
1695 2245 2097 2360 Quinqrragesimae.

1548 2409 1780 2502 Evangelium
1799 2413 1913 2484 Lucae
1932 2413 1988 2485 18.

1334 2543 1520 2618 Assumsit
1536 2555 1657 2618 autem
1673 2542 1780 2616 Iesus
1797 2541 2003 2632 duodecim,
2027 2557 2059 2617 et
2077 2547 2134 2617 ait
2152 2543 2207 2618 ad
2216 2543 2261 2617 il-

1385 2648 1461 2722 los:
1475 2647 1569 2721 Ecce
1583 2644 1815 2721 ascendimus
1828 2646 2121 2745 lerosolymam,
2136 2659 2167 2720 et
2184 2675 2262 2722 eon·

1387 2751 1789 2838 sumabunturomnia,
1822 2775 1918 2851 quae
1935 2752 2074 2849 scripta
2097 2762 2184 2823 sunt
2204 2776 2262 2847 per

1384 2850 1590 2952 Prophetas
1631 2848 1674 2924 de
1703 2849 1810 2926 Filio
1852 2849 2028 2929 bominis.
2079 2851 2262 2925 Tradetur

1386 2957 1482 3027 enim
1497 2956 1685 3051 gentibus,
1712 2965 1744 3026 et
1757 2952 1957 3042 illudetur,
1988 2966 2021 3028 et
2039 2954 2261 3028 contumeliis

1386 3054 1591 3159 afficietur,
1631 3068 1663 3128 et
1692 3066 1918 3153 conspuetur.
1986 3055 2041 3131 Et
2069 3070 2262 3158 postquam

1376 3158 1678 3261 flagellaverint,
1714 3156 1985 3248 occidenteum,
2021 3171 2053 3231 et
2079 3158 2140 3230 die
2162 3161 2262 3231 tertia

1389 3272 1559 3358 resurget.
1618 3259 1672 3330 Et
1697 3261 1773 3357 ipsi
1794 3259 1896 3330 nibil
1921 3257 2053 3333 barum
2079 3260 2263 3333 intellexe-

1389 3375 1493 3451 runt,
1518 3374 1549 3433 et
1564 3375 1642 3436 erat
1660 3363 1804 3434 verbum
1822 3359 1927 3434 istud
1941 3361 2198 3435 absconditam
2219 3362 2263 3432 ab

1389 3467 1457 3554 cis,
1481 3475 1513 3535 et
1528 3492 1602 3536 non
1617 3466 1878 3561 cognoscebant
1894 3491 1989 3566 quae
2006 3452 2230 3540 dicebantur.

1337 3567 1497 3646 Factum
1542 3577 1593 3638 est
1640 3577 1782 3654 autem,
1837 3592 1916 3638 cunr
1956 3569 2264 3667 appropinquaret

1391 3664 1554 3756 Iericho,
1584 3693 1704 3742 coecus
1721 3667 1874 3766 quidam
1891 3666 2039 3742 sedebat
2053 3695 2156 3742 secus
2175 3669 2264 3740 riam

1389 3768 1616 3847 mendicans.
1673 3760 1768 3842 Cum
1798 3781 1920 3848 autem
1953 3771 2099 3844 audiret
2126 3770 2266 3844 turbam

1389 3883 1692 3975 praetereuntem,
1717 3872 1994 3963 sciscitabatur,
2019 3873 2199 3974 quidhoc
2218 3897 2267 3942 es-

1390 3989 1455 4052 set.
1506 3973 1831 4048 Annuntiacerunt
1848 3987 1970 4048 autem
1988 3979 2038 4063 ei,
2053 3975 2157 4078 quad
2171 3973 2267 4046 lesus

1390 4077 1617 4153 Nazarenus
1641 4078 1827 4152 tremsiret.
1891 4077 1948 4149 Et
1981 4078 2174 4166 clamavit,
2214 4073 2268 4146 di·

1393 4207 1491 4253 cens:
1524 4187 1605 4253 Iesu
1623 4175 1696 4272 fili
1719 4178 1856 4252 David
1883 4181 2158 4256 misereremei.
2217 4174 2266 4246 Et

1392 4283 1460 4382 qui
1467 4281 1685 4382 praeibant,
1709 4282 1950 4385 increpabant
1966 4309 2046 4354 eum
2070 4294 2109 4354 ut
2134 4288 2268 4353 taceret.

1393 4384 1479 4483 Ipse
1496 4410 1576 4456 uero
1592 4383 1709 4458 multo
1725 4389 1848 4481 magis
1867 4385 2075 4457 clamabat:
2095 4381 2139 4456 F
2136 4384 2184 4456 ili
2190 4381 2270 4452 Da-

1394 4485 1458 4558 rid
1471 4488 1636 4560 miserere
1652 4487 1732 4558 mei.
1786 4488 1903 4558 Stans
1921 4495 2044 4558 autem
2060 4485 2184 4573 Iesus,
2200 4483 2271 4554 ias-

1390 4591 1440 4663 sit
1463 4590 1572 4662 illum
1598 4585 1739 4659 adduci
1759 4587 1879 4665 adse.
1948 4583 2043 4662 Cum
2064 4601 2186 4660 autem
2208 4609 2271 4684 ap-

1388 4694 1692 4793 propinquasset,
1716 4689 1957 4784 interrogarit
1982 4687 2110 4776 illum,
2137 4687 2272 4760 dicens:

1393 4791 1500 4892 Quid
1512 4795 1582 4866 tibi
1597 4794 1650 4864 uis
1667 4791 1894 4893 alsaciam?
1918 4789 1972 4862 Ae
1986 4789 2176 4863 illedixit:
2193 4789 2273 4860 Da·

1395 4898 1513 4984 mine,
1547 4907 1592 4992 ,ut
1626 4893 1830 4994 respiciam.
1887 4891 1942 4964 Et
1966 4892 2074 4966 Iesus
2105 4889 2203 4964 dixit
2227 4892 2272 4960 ei:

1392 4996 1565 5096 Respice,
1579 4993 1680 5094 fides
1695 5007 1760 5068 tua
1779 5007 1811 5068 te
1824 4994 1970 5068 ealcum
1979 4997 2085 5097 fecit.
2123 4993 2176 5064 Et
2193 5017 2272 5065 eon·

1386 5101 1518 5203 sertim
1533 5097 1707 5199 respexit,
1727 5109 1759 5170 et
1774 5097 1992 5198 sequebatur
2006 5096 2115 5169 illum
2130 5089 2271 5194 glorifi-

1398 5230 1487 5276 cans
1500 5201 1644 5284 Deum,
1672 5211 1704 5272 et
1721 5205 1841 5274 omnis
1856 5201 1980 5300 plebs,
2018 5210 2056 5272 ut
2075 5198 2182 5288 cidit,
2215 5197 2271 5268 dc-

1398 5305 1453 5378 dit
1470 5302 1619 5378 laudem
1635 5302 1729 5376 Deo.
