4590 5808
168 121 322 200 ,608

347 287 451 360 llanc
466 305 540 358 esse
555 295 710 358 mantem
718 275 908 374 Evangelii
918 285 1156 358 certissimum
1172 301 1237 361 est.

248 392 465 486 Quanquam
488 387 583 458 enim
600 383 733 456 Moises
757 383 917 476 permisit
940 387 1114 474 divortia,
1136 390 1184 463 ita
1198 402 1241 462 ut

247 495 372 565 liceret
401 491 479 562 viro
513 487 691 559 dimittere
714 509 881 570 uxorem,
918 487 1025 558 etiam
1049 512 1138 583 quae
1164 515 1238 562 non

248 605 471 688 peccaverat,
500 603 623 661 tamen
648 584 744 658 huno
765 610 901 657 morem
917 583 1083 664 Christus
1105 592 1241 687 impro-

247 701 326 778 bat,
354 709 389 765 et
413 714 574 786 expresse
596 683 763 781 prohihet
787 687 871 758 talia
889 687 1048 762 Mosaica
1073 693 1240 780 divortia,

248 813 282 869 et
305 791 455 868 retrahit
477 789 683 880 coniugium
707 790 753 860 ad
778 789 933 882 primam
958 793 1240 866 institutionem:

248 895 367 970 Erunt
387 899 458 966 duo
474 895 514 963 in
533 915 676 965 monem
699 915 820 962 unam.

350 997 400 1072 Ut
427 1009 545 1067 autem
577 994 742 1082 coniuges
773 993 911 1084 possint
942 1019 1086 1066 manere
1112 997 1239 1084 simul,

248 1100 424 1170 discamus
440 1096 546 1170 etiam
566 1118 656 1188 opus
670 1116 744 1164 esse
762 1095 931 1184 patientia
947 1113 1089 1186 mutua,
1110 1113 1241 1202 etpre-

841 109 969 192 snu.
994 111 1113 196 uno
1141 115 1354 202 scauro
1369 127 1684 222 ,amorum
1818 69 1821 80 ’

2182 161 2247 236 tot

1340 307 1344 314 ’
1387 297 1453 377 Est
1480 319 1598 380 tutem
1629 313 1791 388 domos
1821 317 1878 388 vel
1912 319 2079 395 desertrix
2109 351 2250 419 persona,

1286 425 1378 494 qnae
1401 406 1478 478 sine
1501 408 1593 484 iusta
1613 436 1717 484 causa
1738 417 1891 490 discedit
1909 445 1928 490 a
1953 426 2115 516 coniuge,
2146 445 2177 502 et
2197 435 2252 503 din

1286 504 1386 579 abest
1405 507 1483 580 sine
1506 511 1598 584 iusta
1622 538 1743 601 cansa,
1778 543 1819 589 ex
1844 521 2003 611 malicia,
2036 543 2072 603 ut
2094 552 2188 622 saepe
2210 533 2250 606 iit.

1288 601 1395 678 Tales
1412 625 1498 684 sunt
1511 614 1616 684 etiarn
1629 616 1829 713 plerunque
1853 624 2006 696 adulteri
2027 643 2062 700 et
2081 633 2252 708 adulterae.

1391 707 1433 780 ln
1457 705 1514 784 his
1530 717 1670 788 duobus
1693 721 1831 792 casibus
1849 739 2008 798 servatur
2029 731 2130 801 etiam
2150 735 2183 802 in
2196 761 2252 804 oo-

1287 809 1368 878 stris
1393 807 1624 887 consistoriis
1654 815 1742 906 hoc,
1780 837 1819 894 ut
1848 830 2061 902 concedatur
2089 832 2253 908 innocenti

1287 932 1458 1001 personae
1472 917 1570 988 aliud
1587 921 1804 1012 coniugium.

1388 1013 1459 1086 Sed
1483 1032 1605 1110 postea
1627 1028 1867 1116 quaerendum
1896 1044 1948 1104 est
1977 1033 2020 1102 de
2052 1058 2160 1124 poena
2185 1061 2253 1128 per-

1287 1136 1416 1201 sonae,
1440 1142 1530 1211 quae
1547 1125 1703 1212 peccavit
1721 1127 1775 1196 rel
1792 1130 1967 1202 adulterio
1991 1135 2047 1204 vel
2063 1137 2253 1214 desertione.

136 4001 140 4010 ,
247 3948 380 4017 terum,
406 3948 440 4003 et
457 3930 660 4022 turpissime
676 3929 864 4002 viventem.

141 4363 143 4367 ⁴
250 4340 417 4426 leguntur
439 4337 509 4406 alia
526 4336 695 4425 exempla.

250 1200 389 1272 catione
408 1203 452 1270 ad
472 1197 588 1272 Deum
604 1209 727 1266 contra
745 1197 941 1296 diabolum.
1287 1209 1421 1288 Deltae
1439 1244 1552 1312 poena
1572 1222 1687 1294 dicam
1704 1229 1874 1318 proxime.

580 1377 743 1432 secante
769 1381 906 1446 regola.
1553 1401 1604 1454 lta
1626 1401 1786 1459 tocttctts
1812 1409 1847 1460 at
1869 1409 2007 1474 pacata.

268 1539 274 1546 ·
351 1501 499 1577 Certum
522 1514 591 1588 est,
624 1502 721 1595 qnod
746 1517 893 1590 peccant
916 1502 1055 1574 adulter
1080 1515 1115 1574 et
1137 1504 1240 1575 adul-
1388 1509 1511 1607 Nuper
1534 1518 1759 1606 dictumest,
1790 1525 1829 1592 in
1851 1527 1981 1618 quibus
2001 1527 2136 1600 casibus
2161 1537 2254 1622 possit

199 1647 203 1658 ι
237 1621 346 1688 tera,
388 1606 474 1677 item
503 1605 600 1698 quod
632 1616 779 1695 peccant
812 1606 971 1674 desertor
993 1619 1027 1676 et
1058 1606 1241 1680 desertrix.
1286 1615 1432 1685 concedi
1454 1639 1626 1710 personae
1641 1623 1825 1696 innocenti
1848 1628 2067 1719 coniugium.
2118 1629 2164 1703 Et
2177 1636 2254 1704 clarc

188 1701 189 1704 ¹
248 1707 442 1800 Postquam
458 1720 574 1778 autem
595 1728 658 1796 per
681 1703 767 1776 tales
790 1705 1021 1775 dilaceratum
1043 1718 1094 1777 est
1117 1709 1242 1778 foedus
1287 1726 1321 1782 et
1344 1739 1504 1806 expresse
1529 1721 1624 1806 dixi,
1656 1727 1750 1817 quod
1782 1728 1903 1797 trullus
1926 1723 2034 1801 homo
2054 1735 2160 1824 possit
2180 1739 2254 1806 iuste

250 1807 429 1898 coniugii,
450 1807 609 1901 quaestio
632 1818 703 1890 est,
735 1806 794 1874 An
815 1803 918 1877 lic'eat
939 1831 1111 1898 personae
1133 1809 1241 1878 inno·
1287 1812 1482 1888 distrahere
1507 1821 1726 1911 coniugium.
1793 1826 1861 1898 Sed
1891 1832 2032 1901 adulter
2058 1848 2091 1903 et
2118 1838 2254 1907 desertor

250 1910 365 1994 ceriti,
392 1932 516 1980 rursus
533 1931 614 1978 cum
628 1906 696 1976 alia
712 1907 915 1996 coniugium
932 1905 1168 1987 contrahere?
1286 1913 1489 1990 distrahunt
1507 1937 1629 1992 contra
1644 1926 1862 1998 voluntatem
1881 1927 1967 2016 Dei,
1996 1946 2029 2002 et
2053 1926 2254 2006 horribiliter

351 2009 422 2081 llic
436 2008 531 2101 Papa
556 2007 662 2088 dicit,
689 2009 785 2100 quod
807 2031 881 2078 non
905 2010 952 2080 sit
975 2011 1240 2082 concedendum
1287 2035 1445 2109 peccant.
1486 2020 1640 2094 Persona
1656 2027 1826 2100 innocens
1842 2054 1915 2102 non
1933 2030 2118 2116 distrahit,
2144 2042 2196 2107 scd
2214 2053 2256 2109 cst
2290 2103 2291 2114 ,

203 2169 207 2175 .
250 2113 349 2184 alind
373 2111 579 2201 coniugium
607 2131 778 2201 personae
802 2109 1000 2181 innocenti.
1050 2109 1132 2182 Non
1155 2113 1237 2182 volo
1288 2120 1411 2207 libera,
1433 2135 1618 2216 postquam
1632 2127 1701 2194 iam
1720 2152 1780 2218 per
1795 2133 2010 2204 aclarlterium
2028 2137 2166 2210 alterius
2180 2141 2256 2210 sacta

249 2228 365 2286 autern
373 2211 517 2301 longam
533 2199 809 2301 disputationem
819 2203 887 2280 hoc
896 2212 974 2281 loco
983 2214 1140 2300 recitare,
1157 2216 1240 2285 satis
1288 2237 1339 2291 est
1355 2223 1555 2310 distractio,
1582 2229 1636 2295 vel
1655 2253 1716 2320 per
1732 2233 1966 2304 desertionem
1983 2239 2139 2314 alterins.

250 2316 365 2386 clarus
390 2327 441 2384 est
474 2308 533 2382 hic
558 2324 689 2393 textus,
722 2311 783 2402 qui
810 2312 897 2381 dicit
920 2336 1018 2402 posse
1044 2315 1238 2390 divortium
1391 2322 1460 2414 Sed
1489 2320 1548 2394 hic
1574 2328 1755 2400 sciendum
1783 2347 1852 2416 est,
1888 2333 1983 2429 quod
2020 2355 2155 2430 oportet
2187 2345 2258 2412 tales

250 2416 327 2487 lieri
345 2415 439 2485 inter
455 2413 560 2498 tales,
592 2433 778 2503 personam
803 2411 1050 2492 innocentem,
1082 2439 1116 2485 es
1138 2416 1240 2484 adul·
1288 2446 1409 2494 causas
1424 2426 1541 2496 afferri
1556 2433 1599 2497 ad
1617 2427 1774 2500 Iudicem
1791 2437 1835 2503 ad
1854 2430 1921 2505 hoc
1936 2441 2151 2512 ordinatum.
2198 2442 2258 2511 Ne-

251 2534 362 2589 teram
380 2514 436 2584 vel
454 2513 668 2586 adulterum.
1288 2549 1346 2592 mo
1370 2538 1420 2593 est
1443 2527 1600 2618 sibiipsi
1626 2532 1731 2600 iudex
1757 2539 1927 2606 adversus
1942 2540 2108 2616 alterum.
2156 2543 2218 2614 sat
2232 2545 2255 2612 si

359 2615 434 2686 lam
451 2613 481 2686 si
496 2615 679 2700 innocenti
701 2637 872 2706 personae
891 2639 966 2685 oon
989 2618 1241 2688 concederetur
1288 2622 1341 2691 vis
1364 2625 1593 2698 condemnari
1618 2655 1804 2722 personam
1829 2653 2040 2726 nocentem,
2083 2658 2115 2713 ct
2140 2661 2170 2714 te
2189 2669 2256 2737 pro-

251 2719 351 2790 aliud
362 2717 588 2808 coniugium,
615 2719 652 2788 id
668 2731 756 2788 esset
773 2715 927 2786 Nomine
944 2709 1240 2800 divortium,1ion
1288 2725 1451 2796 nuntiari
1468 2729 1631 2818 liberum,
1650 2751 1788 2825 oportet
1804 2733 1871 2807 hoc
1883 2739 1958 2810 lieri
1975 2767 2043 2834 per
2057 2746 2257 2816 ordinarium
2290 2797 2291 2802 κ

1288 2826 1452 2901 iudicem.

251 2820 318 2896 Re·
362 2921 461 3012 Quid
484 2945 573 3012 opus
595 2919 717 2991 suisset
739 2919 900 3009 excipere
920 2941 1036 2989 casum
1063 2920 1241 3008 adulterii,
1388 2925 1461 2999 Nec
1475 2930 1573 3022 prius
1588 2935 1670 3006 licet
1687 2962 1857 3027 personae
1872 2941 2058 3020 innocenti
2068 2950 2256 3021 contrahere

251 3025 280 3094 si
300 3023 469 3094 voluisset
492 3024 615 3092 eodem
631 3023 737 3088 modo
755 3021 945 3110 obligatam
972 3043 1159 3113 personam
1182 3025 1239 3092 in·
1288 3026 1385 3096 aliud
1403 3032 1626 3123 corriuginm,
1652 3063 1757 3130 quarn
1783 3043 1841 3111 liat
1864 3047 2022 3134 cognitio
2048 3075 2110 3139 per
2124 3053 2256 3121 iudicem

251 3137 454 3207 nocentem,
493 3123 586 3192 sicut
610 3121 648 3190 in
678 3121 758 3190 aliis
781 3123 919 3192 casibus
950 3123 1026 3192 vult
1053 3141 1125 3193 esse
1146 3125 1241 3196 obli·
1288 3129 1521 3203 ordiuarinm.
1575 3133 1652 3206 lloc
1669 3142 1772 3207 etiam
1790 3145 1978 3232 diligenter
1996 3165 2031 3221 et
2047 3175 2147 3242 saepe
2167 3155 2257 3224 debe·
2290 3205 2291 3210 η

250 3240 385 3316 gatam,
409 3224 589 3309 videlicet,
622 3223 652 3292 si
676 3245 765 3292 uxor
787 3224 834 3294 sit
852 3222 1081 3311 iracundior,
1112 3244 1173 3297 aut
1196 3228 1241 3297 sit
1288 3232 1373 3301 hant
1396 3229 1559 3303 Pastores
1583 3238 1621 3304 in
1643 3243 1715 3310 sois
1737 3247 1970 3317 concionibus
1993 3256 2126 3342 populo
2149 3258 2256 3337 dicere,
2290 3307 2291 3334 2

251 3325 421 3416 aegrota?
712 3335 714 3338 ’
1288 3333 1370 3424 quia
1395 3357 1496 3424 saepe
1521 3341 1666 3424 accidit,
1699 3357 1739 3414 ut
1760 3341 1970 3420 contrahant
1997 3353 2086 3423 tales
2108 3381 2258 3448 personae
2290 3441 2291 3446 ἵ

164 3391 167 3402 .
353 3423 400 3498 Et
423 3427 509 3497 olim
535 3427 574 3494 in
588 3421 744 3498 Ecclesia
768 3422 865 3498 httoc
891 3451 1025 3496 morem
1050 3426 1174 3512 luisse,
1201 3444 1240 3500 ot
1290 3433 1365 3500 sine
1387 3435 1541 3520 iudicio,
1568 3456 1601 3508 et
1629 3461 1747 3532 postea
1771 3446 2005 3521 inveniuntur
2024 3479 2147 3527 causae
2162 3459 2258 3528 insuf-

251 3532 529 3599 cotrcederentur
543 3527 627 3597 talia
645 3527 797 3598 divortia
806 3529 1238 3620 personisionocentibus,
1289 3533 1445 3604 ficientes
1465 3541 1718 3630 separationis,
1761 3562 1794 3616 et
1820 3549 1928 3619 multe
1954 3555 2047 3625 mala
2072 3575 2258 3652 sequuntur.

249 3631 367 3724 aliqua
386 3629 533 3721 antiqua
548 3629 640 3696 dicta
658 3635 692 3697 et
707 3627 865 3718 exempla
882 3632 1093 3702 ostendunt.¹
1288 3635 1373 3704 Ideo
1392 3650 1484 3707 recte
1499 3639 1629 3710 iactum
1648 3662 1719 3727 est,
1745 3651 1839 3740 qnod
1858 3664 2010 3739 potestas
2027 3657 2066 3726 in
2084 3656 2137 3730 bb
2152 3657 2258 3731 Eccle-

352 3725 561 3823 leronymtts
590 3741 731 3811 narrat,
770 3725 908 3798 Romae
945 3727 1053 3798 fuisse
1080 3732 1237 3800 nobilem
1288 3735 1349 3806 siis
1363 3738 1557 3828 singulares
1575 3741 1712 3814 lodices
1728 3762 1762 3818 et
1777 3747 1994 3825 Consistoria
2012 3782 2078 3848 pro
2097 3757 2150 3833 bb
2165 3764 2291 3832 causis'

249 3831 448 3901 matronam
467 3829 670 3912 Fabiolam,
695 3851 785 3920 quae
803 3829 970 3898 niaritum
991 3824 1117 3900 habuit
1135 3834 1239 3900 adul·
1288 3840 1485 3923 ordinarit,
1511 3857 1549 3910 ut
1568 3845 1679 3916 sciant
1697 3843 1877 3930 homines,
1904 3856 1966 3923 ubi
1992 3867 2185 3951 quaerendi
2201 3866 2261 3932 sins

1289 3934 1414 4006 harum
1431 3965 1548 4010 rerum
1565 3945 1715 4028 indices,
1743 3965 1775 4020 et
1790 3956 1986 4043 optandum
2002 3978 2110 4045 esset,
2137 3962 2198 4036 hos
2215 3968 2262 4036 iu·

350 4032 447 4105 Haec
462 4035 605 4106 tandem
621 4030 721 4102 alteri
738 4033 815 4100 viro
836 4032 966 4120 nupsit.
1020 4027 1096 4101 Etsi
1120 4045 1236 4101 autem
1271 4029 1383 4107 'dices
1399 4042 1509 4127 magis
1526 4046 1631 4114 etiam
1649 4049 1984 4142 invariapotestate
2006 4067 2201 4153 superiori,
2235 4081 2262 4135 et

249 4139 459 4230 leronymus
475 4135 632 4226 disputat
656 4135 699 4201 de
716 4126 783 4201 hoc
800 4135 913 4214 iacto,
945 4149 1062 4200 tamen
1088 4127 1235 4202 historia
1287 4139 1407 4218 abiis,
1434 4142 1494 4232 qui
1510 4163 1636 4231 gerunt
1651 4149 1820 4234 gladium.

249 4239 423 4322 ostendit,
448 4229 1149 4306 fnissehunemoremadhncusitatum.
1191 4227 1238 4305 Et
1322 4307 1325 4314 ,
1390 4237 1887 4330 Papistaesaliaiudicffasm
1908 4263 2059 4332 omnino
2084 4271 2262 4359 negligunt,

1287 4339 1378 4410 sieut
1394 4343 1480 4411 alias
1496 4347 1626 4416 multas
1642 4350 1753 4420 bonas
1768 4357 2011 4434 ordinationes
2029 4369 2135 4437 valde
2156 4395 2263 4440 corcu-

1290 4457 1427 4534 perant.

600 4513 725 4568 refrte
746 4519 885 4581 reguis.
1389 4539 1436 4614 Et
1471 4561 1613 4635 propter
1646 4548 1793 4622 istorum
1827 4561 2101 4651 negligentiam,
2141 4587 2266 4642 nostrae

351 4639 452 4710 Sicut
478 4633 641 4706 Christus
681 4655 841 4724 expresse
878 4635 1037 4728 loquitur
1074 4639 1117 4704 de
1155 4661 1235 4705 casu
1288 4659 1473 4733 potestates
1488 4651 1594 4717 etiam
1611 4665 1694 4719 suot
1711 4656 1995 4748 negligentiores,
2049 4669 2265 4745 sedoremus

225 4741 427 4824 adulterii,
453 4740 502 4807 sic
516 4735 648 4806 Paulus
668 4736 711 4803 de
726 4736 796 4804 alio
812 4761 894 4805 casu
911 4738 1081 4829 loquitur,
1102 4737 1236 4808 scilicet
1285 4743 1421 4829 Derim,
1447 4764 1485 4819 ut
1510 4749 1585 4840 ipse
1609 4773 1674 4820 nos
1698 4753 1814 4844 iuvet,
1843 4776 1878 4832 et
1900 4767 1958 4836 det
1979 4773 2088 4859 nobis
2112 4776 2264 4846 salutaria
2290 4797 2291 4800 ’

248 4851 293 4916 de
319 4849 497 4915 desertore
522 4839 577 4908 vel
603 4837 802 4908 desertrice.
868 4835 916 4908 Et
946 4839 1054 4930 dicit,
1091 4842 1235 4930 quando
1286 4847 1472 4937 regimina,

144 4989 149 4994 ·
249 4951 338 5018 alter
353 4944 544 5031 coniugum
560 4939 598 5008 tit
611 4939 781 5027 fugitivus
799 4951 835 5007 'et
851 4939 1026 5019 desertor,
1055 4957 1138 5012 tunc
1153 4965 1234 5033 per-

248 5075 335 5119 sona
359 5050 530 5117 innocens
561 5054 701 5110 nonest
722 5042 1082 5126 subiectaservituti,
1111 5043 1146 5114 id
1173 5057 1234 5128 est,

250 5173 324 5218 aton
340 5162 392 5217 est
406 5148 439 5215 ei
453 5143 605 5234 amplius
620 5141 795 5230 obligata,
822 5145 882 5212 sed
903 5146 1167 5214 concedendum
1182 5160 1233 5218 est

248 5253 280 5320 ei
298 5245 627 5335 aliudconingium'.
720 5284 722 5296 ι

1555 5029 1801 5092 Quaestione
1824 5047 2003 5110 aegrotis.

1366 5143 1455 5215 ¹llic
1471 5147 1574 5224 etiarn
1594 5155 1752 5242 quaestio
1770 5177 1932 5233 movetur
1952 5162 2003 5235 del
2020 5175 2191 5260 aegrotis,
2216 5171 2265 5242 bn

1284 5260 1428 5338 propter
1443 5250 1608 5320 morbum
1624 5270 1834 5353 perpetuum
1846 5263 2004 5338 iacienda
2018 5269 2067 5341 sit
2080 5275 2274 5367 separatio?
