4674 5822
85 139 170 222 tuit
258 197 264 206 -
354 137 439 222 ΧΠ.
499 131 897 218 ΑΝΝΟΤΑΤῙΟΝΕΒ
920 133 991 262 ΕΤ
1013 127 1827 216 oottctottt'stttuvttttu.1oattu1s
2012 141 2112 224 iota

81 341 166 388 mera
181 313 464 407 ignorantianei
478 313 526 388 sit
545 325 785 388 commentum
808 314 854 386 de
877 313 994 386 libero
1006 333 1065 383 ar·
1115 301 1271 401 phistae,
1312 308 1414 382 nullo
1446 308 1610 382 fortiore·
1625 330 1687 382 eos
1722 326 1993 406 oppugnaturus
2027 339 2107 390 aum

78 418 191 496 bitrio.
240 416 323 492 Nou
347 420 474 491 doctor
495 417 558 490 aed
583 413 730 488 effector
746 416 872 488 ulutis
885 429 937 490 est
954 410 1063 489 Chri-
1114 433 1221 504 quam
1236 406 1397 504 hocipso
1414 407 1521 483 huius
1537 407 1727 505 Evangelii
1743 416 1935 511 principio.
1986 413 2105 516 Atque

80 536 162 607 stur,
185 522 282 617 quod
306 519 337 592 si
361 521 488 592 doctor
510 531 650 592 tantum
676 529 786 605 esset,
811 531 846 590 et
862 516 1016 590 loannes
1029 528 1063 588 et
1109 507 1181 586 hoc
1200 512 1422 605 potissimum
1438 507 1667 601 hinedisees,
1692 511 1875 590 Christum
1891 518 2006 593 lucem
2020 545 2105 612 erae,

79 645 188 694 onnes
203 621 265 694 alii
274 617 473 715 Prophetae
487 622 550 694 lua
563 633 691 698 essent.
716 619 834 710 Nunc,
859 645 940 692 rum
955 617 1063 692 Ioan-
1112 637 1202 709 quae
1218 615 1407 698 illuminet,
1434 617 1471 688 id
1486 629 1550 704 est,
1571 639 1706 691 novum
1721 619 1844 692 lumen
1859 638 1953 698 creet
1967 623 2007 694 in
2022 649 2103 698 cor-

77 748 131 796 nes
149 748 220 796 non
244 723 440 810 illuminet,
469 724 535 820 qui
560 736 679 795 tamen
702 725 821 809 docet,
851 748 947 794 noro
969 733 1062 794 certe
1110 716 1216 789 dibus
1232 719 1445 806 electorum,
1470 719 1547 791 sinc
1561 744 1633 814 quo
1657 744 1752 794 novo
1768 723 1906 797 lumine
1920 749 2037 800 merae
2051 741 2105 801 te·

75 827 198 898 lumine
221 850 311 919 opus
340 820 534 913 hahemus,
573 827 670 920 quod
702 849 777 896 non
806 826 969 898 doctrim
997 827 1058 895 sed
1107 821 1260 906 nehrae,
1286 820 1487 911 ignorantia
1508 845 1606 894 mera
1627 823 1748 894 lumen
1772 838 1922 898 naturae
1944 840 2006 901 est.
2055 825 2104 904 Ει

75 929 191 1000 creatio
206 928 292 999 novi
307 928 425 1000 cordis
439 927 496 1004 sit.
523 1001 529 1015 ‚
548 922 710 998 Observa
730 927 842 1018 igitur
863 928 1055 1000 accuratis·
1108 935 1149 993 ut
1163 919 1295 996 Christi
1311 924 1435 996 lumen
1450 925 1524 996 vita
1539 939 1610 1011 est,
1633 925 1682 996 ita
1697 926 1821 998 lumen
1835 943 1984 1002 naturae
1997 930 2102 1024 plane

74 1031 151 1100 sime
165 1028 311 1102 loannis
333 1043 369 1101 et
383 1025 519 1104 Christi
534 1028 782 1117 collationem,
808 1043 849 1102 ut
870 1028 1059 1122 intelligas,
1108 1047 1205 1096 mors
1219 1037 1283 1098 est.
1334 1023 1425 1098 Nam
1446 1027 1508 1120 qui
1524 1028 1675 1099 credunt
1689 1027 1729 1098 in
1743 1024 1928 1103 Christum
1948 1047 2101 1108 mortem

75 1153 194 1204 novum
214 1133 336 1205 lumen
352 1131 390 1202 in
405 1131 574 1206 cordibus
590 1132 723 1204 nostris
743 1133 855 1204 creari
883 1147 1058 1226 oportere.
1106 1150 1180 1196 non
1195 1128 1398 1218 gustabunt,
1422 1129 1507 1222 quia
1523 1129 1730 1217 illuminati,
1753 1131 1905 1228 ideoque
1920 1134 2027 1206 etiam
2042 1138 2099 1207 vi·

365 1292 402 1373 Ο
655 1299 663 1318 ι
1106 1228 1254 1316 vificati,
1281 1243 1314 1302 et
1330 1231 1534 1304 transibunt
1548 1255 1612 1326 per
1634 1245 1786 1306 mortem
1810 1235 1887 1306 sine
1910 1237 1986 1310 ullo
1999 1261 2099 1310 mor·

403 1323 523 1372 mrtem
556 1295 754 1372 hommem.
1106 1331 1151 1400 ῃ,
1166 1353 1282 1402 semu,

161 1437 305 1526 Primo,
337 1461 414 1512 non
444 1461 568 1510 omnes
600 1436 801 1510 illuminari
832 1436 949 1528 palem
985 1450 1054 1525 est3

74 1545 250 1638 quae‘ergo
268 1537 377 1615 huius
394 1541 463 1612 toci
478 1541 652 1614 sententia
667 1539 745 1613 est?
770 1537 928 1629 Quidam
945 1539 1054 1634 elapsi

73 1659 146 1716 sunt
168 1639 237 1714 hoc
260 1645 388 1728 modo,
422 1657 463 1713 ut
486 1643 746 1734 intelligerent,
771 1641 869 1737 quod
890 1640 982 1712 sicut
1000 1642 1054 1712 sol
1201 1629 1445 1730 Ἐρχόμενον,
1472 1638 1510 1709 in
1527 1635 1674 1710 Graecis
1690 1641 1917 1736 participium
1931 1639 2023 1716 illud
2041 1667 2097 1715 ra-

1292 1497 1506 1574 Venientem
1529 1501 1570 1574 r'rt
1596 1495 1696 1577 hunc
1720 1501 1913 1584 mundum.

73 1769 168 1840 super
205 1769 330 1817 omnes
362 1744 520 1816 exoritur
551 1759 588 1820 et
621 1743 776 1820 effundit
808 1744 928 1814 radios
959 1766 1054 1835 suna,
1102 1735 1188 1808 ferri
1212 1751 1327 1831 potest
1351 1741 1410 1809 vel
1434 1742 1479 1812 ad
1501 1741 1623 1812 lumen
1638 1741 1695 1812 vel
1716 1743 1761 1813 ad
1777 1738 1973 1817 homiuem.
2025 1742 2096 1842 cy-

71 1871 263 1943 quanqnam
280 1848 374 1920 caeci
394 1869 467 1918 non
485 1848 648 1933 videant,
673 1846 723 1919 ita
741 1841 976 1936 Evangelium
992 1869 1054 1916 er·
1102 1838 1205 1912 rillus
1221 1841 1303 1910 ideo
1317 1843 1363 1912 ad
1381 1837 1564 1914 hominem
1586 1843 1729 1931 retulit,
1754 1845 1839 1941 quia
1862 1847 1907 1918 de
1929 1846 2008 1920 luce
2030 1871 2104 1940 pom

70 1949 194 2020 oriatur
207 1950 314 2023 etiam
330 1971 435 2041 supra
451 1948 580 2040 impios
589 1970 791 2044 quanquam
806 1970 881 2017 non
897 1944 1053 2040 capiunt,
1102 1953 1174 2012 alea
1198 1942 1374 2036 sequitur:
1405 1943 1448 2016 In
1469 1946 1607 2016 mundo
1629 1958 1705 2017 erat
1728 1961 1812 2034 eto,
1842 1960 1949 2044 atque
1971 1972 2029 2019 me
2054 1973 2096 2024 aa

70 2051 158 2122 iuxta
172 2050 280 2122 illud:
323 2049 458 2122 Audite
481 2051 685 2136 audientes,
718 2064 753 2121 et
774 2049 887 2121 nolite
915 2049 1053 2121 intelli·
1102 2044 1176 2135 ipsa
1204 2045 1295 2116 ratio
1319 2047 1487 2132 moverit,
1520 2059 1561 2118 ut
1582 2048 1627 2117 ad
1650 2049 1772 2119 tanen
1795 2051 1927 2122 referre
1948 2050 2095 2144 possim,
2218 2088 2227 2102 ·

70 2175 152 2242 gere.
204 2152 278 2226 Sed
299 2152 347 2224 ita
364 2177 405 2224 ex
422 2146 567 2224 Christo
585 2154 767 2223 doctorem
783 2151 927 2233 feceris,
953 2154 1052 2246 qood
1102 2146 1203 2239 quasi
1227 2147 1377 2225 diceret:
1415 2147 1556 2218 Novum
1581 2149 1705 2221 lumen
1727 2163 1845 2242 creat,
1874 2153 1959 2246 quia
1977 2149 2026 2248 ⁴²)
2055 2153 2095 2226 in

71 2268 233 2348 repugnat
263 2255 384 2328 ordini
409 2255 603 2328 sentcntiae
625 2249 695 2326 hnc
718 2255 810 2324 loco.
868 2251 961 2323 Nam
993 2249 1052 2324 hir
1103 2251 1276 2319 mundum
1299 2249 1416 2336 venit,
1449 2249 1486 2320 id
1520 2263 1590 2339 est,
1620 2251 1705 2344 quia
1725 2253 1787 2322 illa
1808 2253 1870 2323 lux
1894 2277 1976 2326 caro
2003 2255 2095 2329 tacu

69 2370 150 2428 certe
167 2356 468 2430 illuminationem
484 2381 550 2449 pro
564 2357 650 2429 novi
673 2355 822 2428 luminis
846 2351 1052 2426 conditione
1073 2304 1078 2428 i
1101 2363 1164 2420 est·
1216 2348 1288 2421 Sed
1304 2351 1388 2445 quia
1404 2349 1529 2434 video,
1561 2353 1729 2424 omnibus
1750 2354 1923 2447 placuisse
1945 2358 2094 2428 alteram

68 2456 195 2552 accipit.
249 2458 435 2544 Secundo,
457 2459 656 2532 illuminari
678 2452 737 2528 hic
758 2479 833 2529 non
850 2457 979 2527 dehere
992 2481 1051 2528 ac·
1101 2451 1309 2535 lectionem,
1336 2475 1525 2548 sequtmm'
1545 2476 1623 2525 ΕΜ
1646 2468 1681 2527 ⁰2
1694 2476 1780 2544 ¹1⁰⁸,
1806 2470 1848 2529 ¹²²
1870 2457 1916 2528 ⁵32
1938 2481 2091 2530 ”mmai

70 2558 130 2652 cipi
144 2585 208 2653 pro
224 2563 364 2648 docere,
387 2561 479 2634 sient
495 2557 685 2654 Sophistae
699 2557 961 2640 intellexerunt,
987 2582 1049 2651 pa-
1101 2554 1216 2622 lncem
1260 2548 1446 2626 Christum
1483 2557 1690 2628 illuminare
1720 2559 1790 2630 tide
1829 2559 1869 2630 in
1900 2555 1968 2631 hac
2006 2561 2093 2654 vita,

68 2661 130 2730 lam
154 2675 222 2736 est:
260 2657 344 2734 narn
368 2663 532 2757 alioquin
560 2663 667 2734 etiarn
691 2657 843 2732 loannes
871 2673 906 2731 ct
927 2684 1050 2731 omnes
1099 2669 1219 2747 postea
1235 2659 1536 2749 tradereregnum
1554 2659 1664 2750 patri,
1690 2661 1753 2730 uhi
1769 2678 1888 2732 cmatn
1901 2685 2092 2754 cognosce·

69 2759 257 2856 Prophetae
282 2763 343 2836 lux
377 2765 535 2838 inerunt.
602 2759 748 2856 '1¹ertio‚¹
791 2787 866 2833 non
900 2763 1065 2854 sensisse,
1100 2780 1178 2828 mus
1203 2772 1349 2850 patrem.
1400 2756 1520 2854 Atque
1546 2783 1610 2852 per
1630 2761 1721 2832 illud
1745 2763 1861 2854 ipsum
1885 2765 2007 2836 lumen
2032 2789 2093 2837 ca·

67 2857 343 2958 Evangelistam,
376 2868 475 2961 quod
497 2889 621 2940 omnes
643 2865 915 2950 illuminentur,
941 2889 982 2935 ex
1006 2888 1048 2935 eo
1100 2859 1282 2949 gnoscitnr
1306 2875 1427 2952 pater,
1461 2863 1618 2956 quadiu
1642 2863 1748 2936 nohis
1762 2860 1925 2937 Christus
1947 2868 2092 2946 creavit.

69 2984 204 3060 apparet
225 2969 325 3064 quod
347 2968 412 3040 ait:
453 2964 501 3042 Ει
520 2969 688 3041 tenebrae
702 2991 778 3038 eam
794 2991 868 3038 nou
883 2990 1046 3059 compre·
1099 2959 1153 3032 De
1167 2963 1276 3033 verbo
1301 2963 1486 3035 incarnato
1506 2965 1667 3057 intellige
1688 2969 1928 3063 etquodante
1944 2969 2090 3042 dixerit:

68 3059 279 3156 henderunt3
320 3069 424 3142 item:
473 3069 636 3144 Mundus
666 3093 747 3142 eum
777 3093 861 3160 =non
887 3069 1048 3161 agnovit3
1100 3061 1256 3135 Veniens
1271 3065 1309 3134 in
1325 3067 1520 3149 mundum,
1546 3079 1580 3138 et
1594 3082 1731 3162 postea:
1759 3067 1802 3140 In
1822 3071 1967 3162 propria
1981 3072 2092 3148 venit.

68 3167 158 3240 item:
200 3172 267 3245 Sui
292 3196 367 3242 non
389 3185 597 3264 receperunt
621 3197 719 3257 eum;
747 3185 840 3246 certe
862 3172 1050 3264 recepturi,
1098 3161 1204 3236 Certe
1229 3165 1324 3236 enim
1343 3168 1484 3251 venire,
1509 3192 1678 3262 apparere
1701 3184 1765 3246 est.
1815 3165 1864 3243 Et
1884 3196 1981 3244 nunc
2005 3174 2092 3245 dicit

67 3270 91 3338 si
110 3273 259 3345 fuissent
279 3273 491 3360 illuminati,
525 3273 621 3345 iuxta
644 3272 735 3342 illud
752 3276 787 3346 1.
800 3267 965 3346 Corinth.
983 3269 1049 3345 ll:
1099 3266 1353 3359 significanter:
1378 3268 1420 3341 ln
1437 3272 1572 3342 mundo
1589 3285 1684 3358 erat,
1708 3273 1805 3366 qnod
1822 3286 1903 3366 apte
1919 3275 1965 3345 de
1978 3275 2089 3348 verbo

65 3367 99 3441 Si
119 3376 364 3466 cognovissent
392 3371 667 3468 haudquaquam
697 3375 885 3446 dominum
915 3374 1048 3466 gloriae
1098 3395 1174 3440 non
1198 3370 1384 3442 incarnato
1408 3371 1480 3443 dici
1501 3397 1577 3444 non
1600 3375 1759 3462 videtur,
1784 3375 1815 3446 si
1830 3383 1965 3474 spectes
1981 3372 2090 3470 phra-

68 3476 328 3552 crucifirissent.
379 3475 535 3568 Quarto,
557 3478 638 3549 ideo
658 3475 868 3568 simpliciter
890 3477 1049 3558 dicamus
1098 3472 1164 3540 alm
1180 3471 1325 3544 Ioannis
1339 3471 1508 3568 cantius
1535 3473 1731 3565 Quamdiu
1747 3499 1826 3548 sum
1840 3475 1879 3549 in
1895 3472 1965 3550 hoc
1981 3502 2089 3551 mun·

67 3575 116 3660 id,
149 3581 247 3673 quod
269 3578 377 3650 sentit
399 3579 622 3671 Augustinus
644 3593 680 3651 rt
699 3575 807 3650 huius
830 3581 1048 3650 textusordo
1098 3577 1165 3658 do,
1194 3575 1256 3645 lux
1280 3599 1357 3646 sum
1378 3576 1504 3647 mundi
1512 3601 1521 3664 3
1557 3593 1591 3650 et
1612 3575 1732 3655 XIIL:
1759 3575 1934 3652 Transeat
1958 3605 2000 3651 er
2020 3576 2089 3653 hoc

66 3679 203 3763 evincit,
252 3680 406 3754 voluisse
432 3680 692 3772 Evangelistam
726 3681 842 3752 solum
865 3675 1048 3753 Christum
1097 3677 1246 3751 mundo.
1297 3673 1453 3748 Proinde
1469 3691 1695 3774 posteaquam
1712 3702 1818 3773 supra
1836 3682 1881 3752 de
1902 3681 2089 3754 divinitate

66 3800 130 3850 esse
150 3783 287 3874 lucem,
320 3783 383 3877 qui
407 3785 505 3855 solus
525 3784 706 3856 illuminat
722 3795 898 3877 quotquot
911 3783 1048 3853 illumi.
1096 3778 1198 3848 verbi
1214 3791 1249 3849 ei
1265 3780 1422 3871 poienlia
1437 3780 1512 3851 eiua
1526 3783 1679 3868 dixerat,
1704 3783 1839 3854 scilicet
1853 3784 1949 3876 quod
1965 3796 2000 3855 ei
2013 3783 2089 3856 viia

65 3897 197 3957 uantur.
251 3882 301 3958 Ut
325 3885 356 3956 si
377 3887 473 3958 dicat
497 3887 543 3958 de
558 3887 668 3958 unico
683 3885 805 3982 aliqua
820 3886 860 3954 in
878 3885 1048 3956 urhedo·
1097 3881 1271 3951 etlumen
1288 3881 1352 3968 ait,
1376 3883 1481 3955 idest
1503 3883 1681 3954 vivificum
1704 3885 1844 3954 lumen:
1878 3905 1975 3955 nunc
1995 3885 2089 3956 inci-

64 3996 166 4076 ctore:
192 3985 264 4057 Hic
279 4010 401 4059 omnes
416 3990 520 4061 docet
531 3987 573 4061 in
589 3985 657 4059 hac
671 3989 772 4080 urbe,
795 3987 917 4073 idest,
935 4001 1044 4082 quot·
1097 3982 1168 4073 pit,
1194 4008 1269 4053 ¹1⁰⁰
1291 3982 1371 4054 diet>
1395 3986 1440 4054 de
1459 4009 1565 4056 carne
1583 3999 1743 4071 limium·
1765 3985 1829 4056 ⁵⁰⁶
1843 3986 1954 4056 W¹b⁰
1969 3987 2088 4058 illm·

64 4087 192 4174 quntin
209 4083 582 4172 hacurbedocentur,
605 4086 712 4162 huius
728 4112 836 4182 opera
857 4090 1042 4162 docentur.
1096 4096 1179 4155 nato
1197 4098 1232 4157 et
1248 4081 1435 4158 humiliato
1459 4087 1572 4181 loqui.
1623 4089 1662 4158 ld
1677 4088 1806 4158 iterum
1821 4086 1957 4183 prolixe
1971 4099 2007 4161 et
2024 4111 2089 4182 per

64 4181 107 4256 Ut
121 4186 225 4266 Rom.
240 4187 286 4266 V.
310 4190 461 4273 Paulus,
488 4192 553 4263 uhi
574 4191 702 4263 docere
730 4192 807 4263 vult
824 4191 922 4286 quod
944 4189 1041 4262 solus
1096 4187 1376 4258 cirurmstantias
1392 4201 1528 4263 tractat.
1568 4183 1616 4261 Et
1631 4189 1787 4283 primum
1804 4189 1948 4285 quidem
1965 4193 2088 4263 ohser-

64 4280 217 4362 Christus
256 4291 439 4381 instificet,
477 4294 582 4366 dicit:
639 4291 755 4366 Unius
793 4292 967 4363 iusticiam
1006 4295 1046 4364 in
1095 4289 1195 4360 vahis
1211 4290 1384 4381 egregiam
1407 4285 1613 4362 antithesin.
1666 4289 1785 4363 Verba
1806 4292 2000 4386 simplicia,
2025 4293 2087 4364 aed

64 4409 176 4464 ornnes
188 4390 247 4488 ⁴¹),
273 4393 395 4481 idest,
419 4419 525 4466 nemo
539 4396 748 4468 iustificetur
761 4395 832 4466 nisi
850 4417 1043 4487 perunum
1094 4413 1150 4462 res
1168 4392 1339 4463 maximae
1352 4405 1446 4464 sunt.
1546 4479 1550 4488 ι
1736 4401 1742 4414 ’

67 4484 248 4570 Christum.
298 4491 348 4568 Et
360 4497 473 4570 inira:
508 4497 801 4592 Deplenitudine
815 4494 893 4568 eins
907 4498 1046 4590 accepi-

65 4613 134 4664 mus
161 4622 295 4672 omnes.
355 4595 409 4673 lta
433 4595 492 4671 hir
509 4599 661 4673 loannes
683 4600 723 4668 in
749 4599 940 4671 collatione
955 4598 1046 4669 Pro·
1415 4553 1467 4630 1²⁸
1493 4552 1634 4630 ”mm
1658 4564 1752 4634 Μ’·

64 4685 240 4780 phetarurn
254 4725 336 4773 cum
349 4697 515 4790 Christo,
539 4701 639 4794 (narn
654 4715 689 4773 et
702 4701 758 4772 illi
772 4703 834 4773 lnx
849 4696 965 4773 videri
980 4726 1047 4795 po·
1198 4695 1383 4765 Hactenus
1397 4695 1442 4766 de
1455 4691 1556 4763 verbi
1572 4691 1743 4784 potentia,
1758 4715 1855 4765 nunc
1870 4695 1915 4764 de
1928 4695 2087 4788 ingressu

64 4803 184 4889 terant)
197 4803 260 4876 ait:
287 4801 371 4875 Non
384 4819 459 4879 eru
472 4805 534 4876 ille
550 4805 624 4891 lux,
650 4806 710 4874 sed
727 4799 891 4876 Christus
907 4804 969 4875 lux
984 4815 1047 4890 aar,
1095 4796 1169 4868 eius
1191 4797 1229 4865 in
1253 4797 1427 4866 mundum
1456 4793 1632 4888 *loquitur
1691 4792 1826 4867 Venire
1849 4796 1889 4865 in
1910 4797 2086 4868 mnndum

65 4898 119 4986 qni
134 4927 211 4974 cum
235 4903 428 4993 loannem,
453 4922 528 4981 tum
551 4929 677 4978 omnen
701 4906 902 4991 illuminat,
930 4905 978 4978 ita
995 4919 1046 4992 ug
1095 4913 1146 4970 est
1169 4893 1355 4970 humiliari
1378 4910 1444 4968 etr.
1495 4893 1538 4968 ln
1564 4895 1702 4968 mundo
1724 4919 1820 4983 aare,
1853 4898 1965 4968 estid
1989 4901 2086 4993 quod

65 4997 211 5096 nisiipse
231 5006 434 5100 illuminet,
460 5033 565 5081 nemo
582 5009 819 5083 illuminetur.
871 5005 1047 5095 Breviter,
1093 4995 1253 5093 Philipp.
1279 4997 1328 5071 ll.
1354 4999 1503 5069 dicitur:
1550 4993 1595 5068 ln
1625 4998 1899 5072 similitudinem
1929 4993 2087 5073 hominis

66 5099 189 5178 timihi
204 5133 268 5200 pro
286 5111 399 5182 libero
423 5113 572 5184 arbitrio
593 5112 701 5185 citent
726 5107 822 5185 hunc
842 5112 961 5184 locum
977 5108 1045 5184 So.
1093 5103 1206 5173 factus
1221 5114 1254 5171 el
1269 5095 1394 5172 habitu
1411 5099 1579 5172 invenitis
1593 5114 1634 5172 ui
1653 5094 1775 5173 bomo.
1826 5095 1874 5174 Et
1888 5097 2086 5176 Hehr.lv.:

68 5255 280 5280 '‘Mun-...u-

95 5339 139 5397 tu
156 5341 222 5395 rua.
237 5346 316 5396 arene
334 5346 423 5410 runs
440 5345 560 5397 antarta
578 5347 610 5397 an
631 5355 735 5396 nanee
1055 5323 1061 5332 '
1131 5339 1180 5398 tr)
1200 5338 1287 5404 quta]
1304 5337 1480 5402 recenant.

68 5407 233 5487 Materna.
253 5419 356 5486 Orsa.
385 5414 418 5486 V
421 5444 471 5485 or..
489 5419 580 5484 xlv.
1521 5405 1571 5475 67
