4622 5818
173 233 175 238 .
240 167 316 242 sto
390 83 393 88 Ι
684 117 702 248 J
837 113 965 232 antu
990 149 1108 230 stou
1130 152 1342 236 scurrus
1365 147 1668 258 mosmos
2193 155 2260 230 oso

287 351 292 372 ¹
346 334 525 414 Secundo,
552 331 642 406 alise
651 341 739 402 'anot
752 323 962 400 traditiones
974 326 1021 398 de
1034 326 1164 398 mediis
1178 351 1236 399 re-
1284 327 1386 412 otoli‚
1412 351 1488 402 non
1503 329 1621 400 solnm
1635 328 1681 400 de
1698 323 2010 412 ceretooniis„sed
2022 325 2129 406 etiam
2144 325 2189 398 de
2201 319 2262 400 bn·

245 443 331 524 bus,
355 459 446 534 quae
468 459 545 508 non
567 447 652 506 sunt
673 443 795 503 contra
811 425 948 514 Deum,
971 441 1007 500 et
1025 444 1108 501 sunt
1123 429 1237 502 iactae
1285 430 1401 504 manis
1416 429 1682 514 traditionibus.

246 537 496 614 boni'ordiois
517 559 640 616 causa,
666 545 707 604 ut
729 531 825 625 qnod
847 540 1008 602 servator
1028 545 1124 602 certo
1147 546 1238 602 tem-
1386 530 1572 603 Disoamns
1592 531 1703 622 igitur
1724 553 1767 600 ex
1790 521 1860 600 boc
1883 531 2062 624 exemplo,
2086 531 2182 626 quod
2200 553 2265 600 non

249 666 336 744 pore
361 643 440 712 dies
468 632 661 732 paschalis,
693 647 788 712 certo
817 645 978 723 tempore
1007 631 1083 703 dies
1109 633 1238 702 natalis
1285 635 1332 708 sit
1354 633 1507 720 mirum,
1538 632 1577 702 io
1598 631 1820 724 Augustino,
1851 627 2066 719 Ambrosio,
2092 645 2127 702 et
2147 633 2265 702 simili-

250 740 410 828 Cbristi,
436 743 531 836 qnod
556 733 640 808 haec
658 731 743 805 hora
764 733 953 804 constituta
969 735 1078 804 estad
1096 733 1239 805 concio-
1286 739 1353 810 bus
1367 735 1475 808 inisse
1484 733 1590 804 etiam
1600 733 1740 828 aliquos
1749 756 1899 810 errores.
1951 739 2097 832 Semper
2107 733 2270 807 inomni-¹

250 869 353 928 nem,
377 843 461 937 qnia
483 851 623 932 oportet
643 838 681 907 in
702 836 775 905 vita
797 829 950 904 humana
972 857 1047 906 esse
1064 835 1239 911 ordinem.
1286 840 1355 910 bus
1383 832 1593 907 hominibus
1624 835 1743 930 aliqua
1770 846 1855 907 sunt
1884 850 2046 928 peccata,
2088 850 2123 908 et
2155 837 2265 934 aliqua

251 947 298 1018 Et
314 941 372 1016 bic
384 945 474 1015 ordo
490 943 540 1013 sie
554 940 748 1038 servandus
761 949 832 1021 est,
857 936 947 1008 sicut
964 938 1110 1008 servatis
1124 931 1239 1008 houe-
1286 938 1508 1028 ignorantia,
1539 937 1579 1006 iu
1605 937 1686 1010 aliis
1709 935 1811 1029 plus,
1841 935 1882 1008 io
1905 939 1985 1012 aliis
2008 937 2140 1013 minus.
2204 941 2266 1012 Sed

252 1061 345 1119 stum
370 1045 541 1134 ordinem
558 1042 598 1112 io
619 1027 745 1123 d‘omo,
769 1060 873 1107 mane
894 1038 1142 1129 pueri.dicunt
1159 1063 1239 1129 pre-
1288 1036 1348 1111 bie
1363 1040 1435 1109 duo
1453 1051 1848 1132 praeceptateneamus·

253 1149 447 1232 cntionem,
479 1127 597 1238 postea
627 1143 837 1224 comedunt,
870 1139 1000 1209 deinde
1029 1141 1165 1212 vadunt
1186 1143 1239 1210 ad
1341 1165 1344 1172 ·
1391 1138 1572 1224 Primum,
1596 1139 1694 1234 qnod
1714 1161 1855 1210 necesse
1869 1137 1915 1210 sit
1929 1154 2050 1212 tenere
2061 1137 2266 1212 fundamen·

253 1246 424 1321 scholam.
475 1245 536 1318 Sic
559 1256 744 1316 serventur
765 1254 800 1312 et
813 1241 927 1310 bonae
942 1242 1186 1314 ordinationes
1200 1242 1241 1312 in
1288 1257 1379 1326 tum,
1403 1241 1521 1327 idest,
1544 1241 1713 1313 articulos
1726 1239 1823 1323 fidei,
1847 1254 1889 1313 ut
1907 1243 1940 1315 1.
1954 1237 2117 1314 Corinth.
2133 1243 2169 1318 8.
2185 1245 2265 1314 diei·

253 1347 434 1439 Ecclesia‚
460 1370 533 1417 non
558 1347 653 1441 qnod
677 1345 749 1416 sint
771 1343 924 1415 iustitiae
943 1343 1000 1412 vel
1015 1366 1069 1434 res
1084 1366 1242 1414 necessa-
1288 1359 1366 1420 tur:
1392 1339 1681 1414 Fundamentum
1703 1341 1804 1415 alind
1823 1343 1910 1436 poni
1925 1367 1998 1413 non
2016 1357 2150 1436 potest,
2174 1370 2268 1437 prae·

251 1455 329 1530 riae
347 1455 390 1522 ad
413 1449 602 1534 iustitiam,
627 1449 687 1518 sed
709 1459 855 1539 propter
876 1445 1013 1516 bonnm
1030 1446 1193 1516 ordinem
1208 1457 1242 1518 et
1290 1459 1344 1518 ter
1365 1443 1422 1531 id,
1453 1446 1548 1540 quod
1572 1444 1727 1536 positum
1753 1455 1824 1526 est,
1849 1447 1948 1538 qttod
1972 1457 2024 1516 est
2051 1443 2147 1518 lesus
2170 1442 2266 1518 Chri-

254 1552 560 1645 tranquillitatem.
882 1633 885 1640 ,
1290 1560 1375 1621 stus.
1427 1543 1470 1618 ld
1492 1569 1633 1616 necesse
1653 1560 1706 1618 est
1725 1545 1775 1619 ite
1792 1547 1926 1628 teneri,
1952 1570 1999 1616 ne
2014 1548 2157 1638 penitus
2176 1549 2266 1638 igno-

220 1723 227 1736 ,
356 1651 459 1723 Hanc
489 1645 686 1722 doctrinam
714 1669 855 1719 necesse
884 1659 935 1725 est
954 1647 1060 1733 sciri,
1094 1661 1129 1718 et
1147 1672 1243 1718 nun·
1291 1662 1390 1750 retur
1404 1647 1500 1719 ullus
1513 1647 1683 1719 articulus
1698 1647 1791 1732 fidei,
1816 1662 1879 1720 ant
1894 1671 1941 1718 ne
1954 1641 2267 1721 contrariomasse·

233 1781 362 1851 onam
380 1748 572 1846 recipiatur
586 1749 731 1842 opinio,
755 1749 871 1844 qualis
888 1750 976 1818 olim
992 1749 1080 1834 luit,
1104 1751 1165 1820 ubi
1183 1775 1243 1820 co·
1286 1763 1444 1821 veretur.
1496 1746 1571 1836 Qui
1594 1772 1679 1819 vero
1703 1749 1920 1820 contrarium
1945 1765 2147 1822 asseverant
2169 1754 2266 1844 perti-

255 1861 434 1950 gitab'ant,
480 1851 728 1924 abstinentiam
772 1877 791 1923 a
833 1874 938 1921 carne
972 1873 1046 1920 esse
1083 1865 1241 1922 sanetum
1291 1851 1446 1935 naciter,
1477 1845 1572 1922 haud
1595 1849 1706 1922 dubie
1729 1851 1888 1921 damnati
1912 1865 2016 1936 sunt,
2048 1851 2146 1926 iuxta
2173 1854 2265 1925 illud:

257 1983 365 2052 opus,
391 1981 462 2052 quo
478 1952 575 2026 Deus
596 1953 682 2023 velit
703 1949 839 2024 honore
854 1953 966 2037 affici,
993 1965 1028 2023 et
1043 1952 1244 2043 cogitabant
1292 1948 1423 2025 Omnis
1437 1951 1498 2045 'elui
1514 1973 1588 2024 non
1604 1952 1734 2034 credit,
1760 1950 1831 2022 iam
1847 1953 2035 2025 damnatus
2052 1967 2116 2028 est.

258 2085 332 2132 rem
350 2056 579 2130 necessariam
597 2079 681 2128 esse.
1393 2051 1440 2124 ll.
1484 2049 1647 2126 Secunda
1669 2054 1847 2124 doctrina:
1875 2051 2032 2144 Quando
2055 2068 2174 2126 autem
2195 2057 2267 2126 ion-

360 2157 457 2230 Haeo
472 2157 594 2250 opinio
611 2154 821 2252 simpliciter
833 2153 919 2224 falsa
936 2167 970 2227 et
979 2153 1173 2225 reiicienda
1183 2167 1245 2240 est,
1292 2157 1497 2226 dementum
1512 2169 1668 2241 tenetur,
1693 2168 1729 2226 et
1741 2155 1872 2226 deinde
1884 2156 2020 2250 aliquid
2035 2159 2167 2228 erroris
2180 2182 2267 2227 acce·

257 2277 292 2336 et
306 2267 436 2334 interea
451 2259 645 2355 quaerendi
662 2269 744 2328 sunt
759 2255 833 2326 veri
847 2256 979 2340 cultus,
1002 2255 1089 2327 tides
1102 2271 1136 2328 et
1151 2259 1245 2328 bona
1293 2257 1365 2344 dit,
1389 2256 1455 2328 etsi
1469 2248 1538 2327 ltoe
1550 2257 1713 2328 obscurat
1726 2257 1914 2329 articulum
1931 2257 2084 2351 aliquem
2102 2260 2198 2346 lidei,
2222 2273 2266 2330 ta-

258 2362 475 2436 conscientia
491 2360 530 2430 in
546 2359 714 2452 operibns
728 2381 749 2427 a
764 2357 844 2428 Deo
859 2357 1065 2449 praeceptis.
1294 2382 1377 2428 meo
1405 2353 1513 2429 homo
1540 2372 1650 2450 potest
1675 2358 1823 2443 salvari,
1843 2353 1897 2430 'ut
1920 2358 1972 2430 ibi
1993 2359 2129 2432 dicitur
2153 2363 2184 2436 l.
2206 2359 2267 2432 Co-

1294 2454 1405 2532 rinth.
1423 2459 1479 2530 Sa
1510 2455 1615 2532 Alios
1639 2459 1905 2552 superaedificat
1926 2459 2096 2554 stipulas,
2129 2463 2268 2534 salvabi-

508 2593 558 2656 '.
640 2554 861 2624 *Numi
1296 2577 1373 2650 tur,
1398 2561 1449 2633 sic
1466 2575 1583 2635 tamen
1599 2561 1700 2656 qua'si
1717 2561 1924 2654 perignem.

364 2662 461 2735 llaec
475 2675 525 2734 est
538 2685 674 2734 summa
685 2662 869 2734 doctrinae
879 2660 917 2730 in
930 2655 998 2732 boc
1008 2674 1116 2748 testu,
1140 2660 1246 2736 Chri·
1397 2661 1467 2734 Sed
1487 2662 1569 2734 talis
1585 2658 1694 2734 homo
1708 2664 1813 2736 debet
1827 2686 1901 2734 esse
1915 2663 2058 2752 docilis,
2084 2679 2123 2737 et
2137 2667 2266 2762 qnando

195 2845 197 2850 ,
261 2783 335 2841 stns
358 2771 479 2852 docet,
505 2766 619 2836 cultus
641 2787 714 2834 esse
730 2788 837 2856 opera
855 2788 875 2834 a
891 2759 967 2834 Deo
987 2781 1186 2856 praecepta,
1212 2781 1247 2838 et
1296 2761 1392 2862 Deus
1423 2765 1588 2857 patefacit
1619 2787 1774 2844 errores.
1803 2764 2198 2855 sicutDeussubinde
2218 2769 2265 2836 in-

239 2877 334 2940 ‘non
365 2891 471 2960 opera
493 2865 727 2944 traditionum
752 2862 1007 2968 humanarum,
1040 2865 1131 2938 sicut
1153 2867 1245 2941 infra
1296 2879 1429 2939 staurat
1455 2861 1648 2936 Ecclesiam
1685 2879 1720 2938 et
1751 2881 1918 2960 repurgat
1946 2869 2168 2952 doctrinam,
2204 2893 2265 2938 non
2300 2857 2301 2874 ¹

262 2973 365 3042 dicit:
391 2968 536 3040 Frustra
552 2968 674 3038 colunt
688 2991 745 3037 me
760 2967 935 3037 mandatis
950 2962 1150 3040 hominum.
1296 2969 1401 3040 debet
1431 2968 1658 3060 pertinaciter
1685 2968 1878 3040 adversari.
1935 2966 2030 3058 Quia
2060 2971 2124 3042 isti
2147 2991 2267 3042 errores

363 3067 411 3140 Et
424 3084 518 3142 taxat
526 3063 763 3138 Pharisaicam
780 3069 1018 3143 traditionem.
1060 3068 1248 3160 Dicebant,
1296 3069 1433 3141 etiamsi
1448 3069 1615 3142 videntur
1630 3067 1704 3141 esse
1718 3073 1763 3138 de
1777 3071 1882 3140 rebus
1900 3071 2036 3161 parvis,
2061 3085 2181 3144 tamen
2197 3085 2267 3142 sunt

262 3172 391 3242 melius
411 3194 502 3256 esse,
529 3169 655 3240 offerre
670 3170 820 3259 templo,
847 3194 951 3264 quam
969 3171 1061 3240 alere
1073 3188 1247 3264 parentes,
1294 3172 1435 3261 magni,
1477 3184 1513 3242 et
1546 3173 1737 3241 obscurant
1774 3194 1912 3264 semper
1945 3172 2084 3266 aliquos
2116 3173 2267 3246 articulos
2299 3193 2300 3228 1

263 3273 351 3344 sient
383 3295 478 3342 necno
505 3271 648 3343 dicunt:
682 3270 814 3342 Melius
841 3285 893 3341 est
918 3272 1068 3344 lundare
1092 3276 1246 3358 missam,
1296 3273 1398 3358 fidei,
1421 3285 1457 3344 et
1473 3271 1672 3363 impediunt
1686 3272 1791 3342 fidem
1808 3285 1842 3344 et
1861 3295 1962 3343 veros
1977 3275 2094 3346 tultus
2110 3275 2186 3348 Dei.
2230 3273 2266 3343 Et

263 3376 320 3444 vel
335 3373 427 3443 alere
443 3373 573 3442 multos
584 3369 782 3445 Monachos
796 3387 940 3465 propter
954 3375 1113 3457 missam,
1140 3401 1246 3470 quam
1296 3373 1392 3445 Deus
1415 3387 1465 3444 est
1481 3369 1802 3456 hostismendacii,
1829 3397 1905 3444 nou
1920 3375 1997 3446 vnlt
2013 3400 2078 3448 nos
2091 3377 2266 3448 defendere

197 3467 224 3568 ⁸,
264 3477 309 3566 de
327 3476 429 3544 bonis
443 3472 618 3545 Ecclesiae
631 3481 752 3546 iuvare
767 3498 936 3565 pauperes
950 3471 1176 3548 scholasticos
1192 3479 1248 3548 vel
1299 3474 1501 3558 mendacia,
1526 3477 1616 3546 sicut
1631 3475 1799 3566 scriptum
1819 3491 1886 3547 est:
1913 3473 2149 3550 Abominatio
2165 3499 2266 3548 coram

264 3577 355 3647 alios
386 3577 542 3648 miseros.
601 3573 764 3647 Omnino
796 3577 922 3646 similis
952 3579 1150 3650 intellectus
1181 3582 1249 3652 fuit
1297 3573 1373 3646 Deo
1396 3577 1637 3661 mendacium,
1662 3575 1923 3652 Procerum:
1960 3577 2036 3650 lmo
2058 3583 2201 3674 qnando
2220 3603 2299 3666 ac·3

265 3677 468 3749 traditionis
496 3670 730 3770 Pharisaicae.
795 3675 927 3748 ¹lieiicit
956 3681 1065 3770 igitur
1086 3679 1249 3754 Christus
1271 3636 1275 3716 l
1299 3679 1391 3749 cedit
1422 3679 1613 3770 pertinacia
1637 3681 1752 3764 tanta,
1785 3692 1824 3750 ut
1844 3680 1973 3770 corrigi
1995 3681 2110 3768 nolit,
2140 3677 2219 3755 'tuno
2236 3681 2267 3748 fil
2298 3673 2299 3732 l

246 3775 359 3850 'ltaoc
380 3777 627 3864 traditionem,
653 3777 736 3872 qnia
760 3794 893 3870 pugnat
913 3802 992 3850 cum
1009 3785 1174 3854 mandato
1186 3787 1248 3856 'di·
1298 3776 1517 3870 blasphemia
1531 3793 1565 3850 et
1580 3794 1757 3870 peccatum
1770 3779 1988 3872 inSpiritum
2002 3797 2175 3869 sanctum,
2198 3782 2267 3877 quia

268 3882 368 3952 vino.
1301 3882 1388 3952 tales
1404 3883 1551 3960 scientes
1566 3881 1734 3953 resistunt
1748 3883 1888 3954 ‘veritati
1903 3897 1969 3962 etc.

368 3979 519 4052 Excusat
543 3991 577 4048 et
590 4001 674 4048 suos
689 3979 903 4073 discipulos,
928 3984 1024 4072 quod
1041 4008 1115 4056 oon
1132 3985 1250 4058 lavent
1401 3981 1497 4052 Haec
1518 3984 1611 4068 dixi,
1638 3997 1676 4052 ut
1698 3983 1815 4054 sciatis
1831 4009 1948 4054 veram
1965 3987 2162 4059 doctrinam
2177 3987 2266 4066 etiam

265 4105 412 4167 manus,
447 4098 480 4154 et
508 4080 621 4152 reiicit
646 4083 770 4154 stultas
791 4084 997 4174 opiniones,
1030 4090 1124 4180 quod
1148 4102 1251 4178 pota·
1302 4088 1346 4156 de
1369 4078 1426 4154 bis
1448 4084 1719 4167 traditionibus,
1744 4100 1784 4157 nt
1806 4087 1850 4156 de
1871 4086 1979 4173 cibis,
2004 4089 2153 4184 ¹vestitu,
2176 4102 2209 4158 et
2228 4085 2266 4155 si·

266 4185 354 4255 bant
385 4185 467 4258 talia
499 4206 604 4276 opera
633 4185 826 4254 necessaria
848 4209 941 4266 esse,-
975 4201 1009 4258 et
1031 4191 1249 4262 sanctitatem
1299 4187 1444 4257 milibus
1466 4185 1688 4256 retinendam
1708 4209 1791 4264 esse.
1844 4185 1906 4260 Uti
1923 4203 2020 4278 potes
2034 4214 2142 4261 carne
2158 4189 2209 4259 vel
2222 4187 2266 4280 pi·

268 4307 354 4360 esse.
406 4284 475 4358 Sed
491 4284 636 4383 quando
651 4279 737 4355 haec
750 4285 937 4367 dicuntur,
963 4301 1048 4358 tunc
1060 4291 1251 4362 offendnn·
1301 4289 1435 4373 acibus,
1461 4289 1519 4359 sed
1545 4301 1663 4373 tannen
1687 4285 1755 4359 boc
1779 4291 1884 4376 scias,
1911 4291 1980 4361 tale
2003 4313 2092 4383 opus
2115 4315 2187 4363 noo
2207 4311 2266 4359 esse

268 4399 328 4457 tor
344 4381 542 4466 Pharisaei,
568 4379 628 4456 hic
644 4397 696 4456 est
712 4409 801 4479 opos
814 4389 974 4460 doctrina
990 4393 1035 4462 de
1048 4396 1224 4468 scandalo.
1302 4391 1435 4462 cultum
1455 4388 1533 4464 Dei.
1583 4389 1670 4460 ltem
1695 4415 1770 4460 non
1795 4390 1921 4462 mereri
1942 4393 2183 4464 remissionem
2200 4413 2265 4482 pec-

1301 4506 1473 4568 catorum.
1527 4487 1625 4576 ltem,
1650 4515 1725 4562 non
1737 4515 1809 4562 csse
1820 4516 1875 4564 res
1889 4493 2112 4580 necessarias,
2138 4509 2169 4565 et
2182 4511 2264 4584 posse

485 4547 573 4626 ΝΜ
591 4548 692 4652 ¹l⁰0d
707 4553 913 4648 inolidum
927 4559 965 4627 ’Ἃ
982 4583 1033 4630 ⁰5·
1300 4595 1416 4665 omitti
1435 4605 1530 4664 extra
1547 4615 1666 4664 casum
1684 4595 1852 4666 scandali.

370 4681 501 4756 lterum
534 4685 637 4757 initio
666 4691 838 4758 admoneo
862 4692 906 4759 de
927 4691 1130 4764 infirmitate
1151 4691 1250 4785 Apo·
1573 4761 1581 4782 ‚
2113 4767 2120 4782 ‚
2175 4764 2182 4780 Ι
2296 4747 2297 4762 ,

267 4788 450 4862 stolorum.
499 4783 562 4856 Est
586 4802 620 4858 et
643 4791 880 4882 inApostolis
903 4815 1019 4876 mcor,
1049 4796 1110 4886 qui
1135 4792 1250 4868 adbuc
1370 4757 1671 4836 Num‘mwd
1685 4760 1843 4836 “mmm
1858 4775 2206 4859 llammfflmfflmi·
2296 4791 2297 4835 l

137 4935 139 4941 ·
265 4904 392 4982 putant
407 4887 609 4960 discrimina
622 4885 793 4974 ciborum,
818 4915 889 4961 esse
905 4893 1094 4968 cultusDei
1107 4921 1251 4989 magnos
1402 4899 1562 4971 Primum
1586 4902 1689 4972 dicit:
1714 4899 1814 4973 Cibis
1838 4929 1911 4976 non
1926 4905 2148 4999 coinquinari
2166 4900 2263 4974 bomi-
2295 4969 2296 5008 1

268 5006 303 5062 et
324 4992 534 5082 singulares,
561 5003 595 5060 et
619 4985 715 5063 bunc
737 4993 906 5084 populum
924 4993 1032 5067 lsraiil
1056 4998 1136 5068 ideo
1152 5016 1251 5072 ante·
1301 5025 1400 5086 nem,
1426 5004 1463 5072 id
1488 5021 1557 5086 est,
1584 4997 1756 5073 non‘esse
1775 5021 1914 5096 peccata
1930 5030 2048 5076 coram
2066 5007 2162 5088 Deo,
2187 4999 2262 5072 vesci

268 5090 395 5161 cellere
417 5093 614 5182 gentibus,¹
630 5097 723 5186 quod
748 5108 819 5166 tam
842 5111 958 5168 sancta
981 5123 1086 5188 opera
1107 5103 1250 5184 iaciant,
1301 5105 1442 5176 sebosa
1459 5104 1538 5175 Deo
1557 5105 1742 5175 ordinatis.

268 5191 430 5262 videlicet
445 5196 540 5288 quod
556 5219 576 5264 a
591 5197 758 5268 carnibus
773 5199 887 5268 suillis
903 5213 937 5270 et
954 5225 974 5266 a
989 5200 1169 5290 leporibus
1184 5217 1249 5279 otc.
1404 5203 1431 5275 l.
1482 5195 1584 5277 Hanc
1597 5204 1795 5276 doctrinam
1811 5203 1973 5294 sciamus,
1995 5233 2039 5280 oe
2052 5204 2261 5298 conscientiae

265 5291 476 5363 abstineant.
527 5293 604 5368 lmo
619 5292 750 5404 bahent
765 5293 859 5372 hanc
872 5303 1132 5394 persuasionem
1150 5305 1249 5398 Apo·
1301 5309 1547 5401 illaqueentur.
1905 5329 1912 5336 ·
