4622 5818
59 223 124 308 sn
295 211 382 293 xn.
434 195 830 286 anuorruorors
854 193 921 270 ev
947 178 1232 304 conciones
1258 175 1311 252 nv
1333 169 1519 250 avano
1544 171 1831 254 narratu.
2000 181 2076 258 oso
2166 124 2168 133 ’

57 414 164 474 tamen
181 402 300 490 postea
317 399 548 508 reparaturum
564 401 664 500 esse,
681 387 716 446 ct
729 371 960 445 collecturum
976 389 1036 438 ae.
1184 349 1285 438 llaec
1306 345 1463 422 breviter
1479 344 1573 418 dicta
1597 346 1672 422 sint
1693 353 1738 421 de
1758 343 1816 423 lais
1830 351 1966 448 nuptiis
2011 357 2075 428 sed

59 517 182 618 ternam
209 491 417 613 Ecclessavn.
467 483 584 558 Multa
616 492 726 573 agatur
755 476 859 548 docet
884 492 951 544 nos
975 464 1036 539 hic
1087 457 1281 532 dolendum
1302 465 1374 541 est,
1401 443 1614 546 quodlsanc'
1630 407 2062 530 tantambonitatem'Dei

60 605 164 680 brena
180 593 391 676 versiculus,
416 587 600 682 videlicet:
1087 573 1122 632 et
1145 569 1279 630 tantam
1294 551 1578 645 magnitudinem
1593 554 1724 626 amoris
1740 579 1820 648 erga
1836 581 1901 630 nos
1918 579 1990 629 non
2012 512 2076 632 cu:

151 713 257 807 Quod
271 709 420 784 Messias
431 717 603 780 venturos
619 695 726 772 luerit
741 707 775 766 et
789 709 977 787 passurus,
1000 697 1036 755 et
1087 675 1168 734 ‘³¹¹1
1183 656 1359 731 homines·

62 820 148 917 quod
162 819 249 990 ppos
269 814 455 910 synagoga
478 807 525 878 sit
546 804 773 874 adversatura
796 791 968 875 Messias,
1001 800 1036 858 et
1188 775 1267 848 Hoc
1290 785 1410 844 narrat
1431 771 1502 843 iam
1526 770 1741 858 similitudo,
1764 773 1851 846 dicit
1873 791 2013 850 voratos
2030 779 2076 852 ad

59 921 145 1018 qood
202 911 527 992 essiassitiuturus
542 903 674 988 victor,
697 885 1036 972 etcollecturusEc-
1088 878 1293 952 convivium
1309 901 1385 946 nou
1400 875 1542 961 venire,
1565 874 1639 944 imo
1655 874 1760 944 etiam
1777 877 1937 949 occidere
1952 883 2076 952 docto·

59 1023 189 1096 clesiavn
203 1045 246 1093 ex
260 1016 427 1112 gentibus
443 1024 479 1085 et
494 1004 648 1081 ludaeis.
1088 1005 1164 1069 res,
1196 974 1391 1072 Prophetas
1423 991 1457 1048 et
1481 974 1689 1070 Apostolos,
1724 976 1786 1072 qui
1815 992 1944 1050 vocant
1964 1005 2076 1070 genos

1089 1079 1285 1154 humanum
1322 1081 1366 1150 ad
1401 1073 1472 1149 hoc
1506 1077 1722 1151 convivium.
1787 1075 1836 1150 Et
1862 1079 2077 1155 nominatim

378 1265 518 1376 caput
564 1255 709 1348 XXII·
1090 1183 1261 1304 praedicit
1281 1179 1340 1300 hic
1356 1176 1520 1300 Cdristus
1535 1173 1621 1248 huie
1637 1177 1773 1271 populo
1789 1177 2003 1254 ludaeorum
2019 1185 2091 1255 in.,
2162 1213 2164 1216 -

1090 1301 1245 1358 tentum.
1297 1281 1343 1354 Et
1366 1284 1452 1353 drcat
1474 1295 1615 1374 postea,
1640 1275 1834 1352 Ecclesiam
1857 1286 2078 1376 exgentibus

107 1435 235 1516 Simile
258 1444 311 1508 cst
328 1455 478 1530 regnum
495 1423 674 1500 coelorum
688 1411 836 1490 homini
850 1405 949 1508 regi,
975 1405 1042 1506 qui
1092 1387 1327 1479 colligendam
1344 1407 1429 1458 esse.

147 1540 240 1645 facit
255 1538 408 1640 nuptias
416 1529 506 1630 filio
519 1551 604 1609 suo,
631 1531 694 1596 etc.
1108 1605 1118 1626 Ι
1188 1503 1238 1624 ln·
1259 1497 1316 1574 his
1338 1497 1570 1572 concionibus
1593 1521 1732 1594 semper
1753 1500 1797 1570 de
1818 1500 1943 1592 poeuis
1959 1503 2080 1598 ingra-

1091 1607 1257 1680 tstudvnrs
1280 1603 1408 1676 mundi
1430 1601 1659 1692 cogitandum
1679 1614 1749 1684 est,
1772 1614 1814 1674 ut
1827 1625 1894 1674 nos
1909 1607 1956 1676 ad
1973 1608 2080 1680 timo-

1093 1733 1166 1782 rem
1183 1708 1250 1782 Dei
1267 1707 1362 1777 etad
1379 1703 1634 1801 poeniteutiam
1651 1701 1913 1780 exsuscitemus.

1195 1823 1285 1944 Item
1308 1821 1473 1941 discenda
1490 1830 1542 1889 est
1557 1818 1738 1904 doctrina,
1760 1822 1855 1912 quod
1872 1823 1980 1912 gratis
1995 1847 2081 1918 pro-

1093 1941 1173 2032 pter
1186 1925 1301 1996 filium
1319 1922 1384 1994 Der
1392 1973 1405 2008 ,
1430 1945 1505 1991 nou
1521 1933 1668 2013 propter
1680 1921 1792 2010 legem
1807 1924 2030 2016 recipiamur.

154 1691 292 1770 Usitata
323 1704 376 1762 est
403 1681 622 1764 similitudo,
663 1668 824 1746 conferre
852 1662 978 1734 foedus
1006 1671 1041 1730 et

65 1822 208 1876 amorem
223 1793 290 1868 filii
306 1791 378 1865 Dei
396 1809 476 1879 erga
491 1779 708 1862 Ecclesiam,
734 1795 813 1842 cum
830 1762 978 1857 nuptiis.

157 1900 245 1973 ltem
254 1890 439 1986 Evangelii
455 1878 755 1984 praedicationem
767 1893 847 1944 curn
861 1866 940 1958 ipso
954 1883 1042 1935 con-

67 2003 151 2078 vivio
167 2026 216 2073 nu
260 1997 334 2073 ial'.

156 2014 352 2178 Eristhaic
369 2092 496 2166 misera
512 2097 639 2158 natura
653 2073 791 2150 nonita
805 2090 912 2164 vagos
927 2081 960 2140 et
974 2067 1045 2136 im-
1195 2040 1388 2137 Postquam
1407 2051 1525 2110 autem
1548 2036 1637 2108 dixit
1658 2037 1703 2108 de
1726 2036 1788 2108 illa
1808 2061 1900 2112 nova
1922 2039 2083 2122 Electus,

12 2305 14 2312 ,
67 2228 164 2302 pum,
184 2224 324 2278 amore,
346 2195 509 2278 haberet,
540 2181 715 2257 infimior
736 2171 824 2248 hae,
845 2169 1043 2244 similitudo
1096 2145 1241 2221 collecta
1267 2167 1311 2213 ex
1334 2141 1520 2232 gentibus,
1551 2131 1611 2207 hic
1631 2159 1754 2209 rursus
1776 2143 1932 2216 ostendit
1955 2147 2084 2220 discri-

70 2321 157 2380 esset.
206 2301 257 2379 Et
277 2298 365 2375 haee
381 2301 457 2393 ipsa
474 2287 670 2366 similitudo
687 2283 730 2353 ad
749 2271 883 2371 Ephes.
900 2267 936 2347 5.
954 2269 1044 2342 reci·
1096 2273 1178 2320 men
1209 2267 1293 2317 vere
1319 2241 1542 2315 credentium
1565 2250 1598 2310 ei
1620 2234 1910 2333 hypocritarum,
1942 2250 2004 2340 qui
2025 2273 2084 2320 sa-

69 2421 153 2482 mu,
175 2422 208 2482 ,p
231 2409 273 2477 jn
288 2393 510 2476 p„1m‚45„
535 2381 722 2464 Emcfflvtp
744 2402 806 2452 ω,
827 2399 945 2447 meum
964 2395 1046 2442 ver.
1096 2351 1254 2426 cundum
1277 2357 1457 2416 externam
1480 2339 1632 2436 speciem
1654 2354 1738 2413 stant
1759 2342 1797 2412 iu
1815 2339 1971 2420 Ecclesia
1993 2365 2028 2423 et
2043 2353 2084 2424 in

69 2509 146 2582 burn
167 2511 325 2594 bonum,
349 2502 415 2576 ubi
437 2500 592 2573 dicitur:
605 2483 840 2578 Concupiscet
859 2501 920 2549 rex
939 2477 1046 2547 deco-
1098 2450 1283 2536 ⁶⁰¹¹Vlvl⁰s
1308 2461 1343 2520 ‘l
1373 2459 1494 2518 limen
1512 2467 1587 2514 ¹¹⁰⁰
1611 2465 1692 2513 Vm
1714 2445 1884 2532 Credunt,
1908 2472 1983 2521 non
2002 2479 2086 2526 vere

73 2636 137 2683 rem
158 2626 282 2698 tunm,
306 2605 389 2704 quia
414 2605 488 2698 ipse
510 2607 561 2670 est
581 2587 760 2663 Dominus
776 2581 873 2654 Deus
893 2593 994 2664 tuus,
1013 2589 1048 2648 et
1099 2557 1248 2628 ⁸d⁰f³¹¹²
1277 2571 1469 2643 illm-tum>
1501 2569 1577 2617 1¹⁰ss
1598 2538 1750 2630 habent,
1784 2547 1919 2642 inquit,
1953 2569 2087 2629 vestem

72 2715 261 2786 ,potabunt
275 2731 368 2783 eum·
1099 2655 1309 2750 nuptialem.
1373 2646 1515 2721 Omitto
1534 2660 1650 2719 autem
1674 2647 1796 2736 longas
1818 2664 1853 2723 et
1872 2653 2087 2747 multiplice,

162 2812 211 2887 Et
234 2809 295 2884 hic
316 2829 418 2880 amor
441 2797 507 2873 lilii
531 2818 633 2890 saepe
657 2786 866 2882 cogitandus
888 2794 956 2853 est:
989 2773 1048 2850 Sic
1101 2754 1416 2853 dispulflll⁰lle³d0
1431 2763 1544 2836 velles
1570 2761 1606 2820 el
1623 2745 1703 2818 dico
1718 2748 1944 2840 simpliciter:
1972 2756 2090 2834 Vestis

74 2937 131 2987 nos
144 2916 277 2988 amavit
291 2913 331 2982 in
346 2909 463 3003 primo
477 2903 600 2996 lapsu,
624 2909 664 2969 ut
680 2901 769 2964 esset
783 2911 848 2981 pro
863 2883 969 2955 nobis
984 2881 1049 2950 de·
1102 2857 1273 2952 ¹¹¹¹Pll⁸lis
1294 2868 1345 2926 ⁰⁵2
1365 2875 1448 2924 Vm
1470 2865 1506 2923 ‘l
1519 2851 1599 2921 viva
1614 2849 1719 2934 fidet,
1745 2850 1888 2944 quaein
1904 2879 1987 2930 vera
2003 2883 2090 2952 poe.

1102 2961 1255 3034 nitentia
1274 2955 1445 3042 sentitur,
1470 2966 1504 3024 et
1526 2950 1630 3042 erigit
1651 2951 1775 3040 corda,
1800 2968 1836 3026 et
1852 2961 2013 3033 accendit
2028 2963 2089 3034 in-

1103 3061 1325 3134 vocationem
1339 3079 1471 3141 veram,
1496 3077 1594 3145 spem
1611 3065 1645 3124 et
1661 3053 1928 3146 confessionem,
1954 3075 1988 3132 et
2000 3064 2092 3137 alios

1103 3167 1257 3248 fructus,
1282 3159 1344 3254 qui
1363 3157 1463 3252 sequi
1485 3157 1627 3228 debent.
1677 3151 1775 3230 Haec
1791 3157 1875 3231 fides
1890 3186 1990 3246 vera,
2015 3190 2092 3237 non

1008 3325 1054 3372 n,
1104 3267 1289 3350 simulata,
1313 3271 1365 3332 est
1387 3256 1494 3329 vestis
1513 3255 1702 3348 nuptialis,
1727 3258 1818 3332 sicut
1841 3261 1880 3332 iu
1897 3260 2013 3340 Hosea
2035 3270 2094 3341 di-

76 3031 237 3108 precator.
297 3011 359 3085 Sic
385 3031 452 3080 nos
482 3016 576 3078 amat
598 2997 780 3088 deinceps,
810 3001 852 3061 ut
873 2986 919 3058 sit
937 2984 1050 3056 factus

75 3117 205 3190 victima
224 3139 291 3213 pro
314 3109 436 3196 nobis,
460 3120 497 3180 et
516 3117 558 3176 ut
580 3121 717 3192 semper
733 3104 850 3176 curet,
875 3084 1053 3170 exaudiat,

75 3215 180 3307 iuvet,
203 3222 317 3292 salvet
331 3237 398 3286 nos
413 3211 530 3304 ipsum
545 3206 762 3276 invocantes.

163 3333 214 3411 Et
236 3325 560 3427 videte'quomodo
581 3319 746 3392 Psalmus
768 3306 871 3382 dicit:
896 3299 947 3377 Et
967 3327 1007 3374 co
1127 3371 1144 3389 ,ἵ
1395 3357 1396 3362 1

80 3439 222 3532 toptseet
241 3463 303 3512 res
321 3437 484 3508 decorem
498 3441 612 3498 tuum.
662 3415 781 3508 Quam
796 3399 1055 3480 miraesthaec
1106 3383 1215 3442 ‘¹²⁰²‘
1238 3361 1468 3456 D²⁸P⁰¹¹⁸³b⁰
1483 3353 1621 3432 temihi
1637 3356 1675 3427 in
1692 3357 1773 3432 fide.

79 3539 283 3634 descriptio?
330 3535 457 3628 Qualis
479 3541 530 3600 est
545 3527 653 3598 decor
666 3509 870 3592 Ecclesiae?
920 3505 1054 3579 Misera
1133 3587 1142 3608 .
1207 3480 1309 3602 Etis}
1324 3477 1393 3588 ls⁰⁰
1409 3477 1487 3574 ἶν’ο
1501 3473 1642 3548 P⁸²l¹¹¹⁰
1657 3475 1804 3552 dicitur:
1831 3478 1930 3553 Audi
1946 3484 2017 3557 filia
2059 3503 2095 3564 et

79 3637 224 3758 Ecclesia
255 3636 373 3714 adhuc
398 3649 452 3709 est
471 3629 658 3712 morbosa,
692 3613 895 3691 circumfert
913 3631 1055 3681 carnem
1107 3589 1209 3673 vltis,
1240 3581 1429 3656 ermelina
1450 3602 1571 3654 aurem
1594 3591 1705 3653 tuam.
1753 3577 1824 3653 Hie
1846 3605 1996 3674 sponsus
2015 3541 2095 3664 inlr

81 3744 254 3834 vitiosam,
289 3753 325 3812 et
353 3751 530 3833 praeterea
557 3741 609 3802 est
632 3732 776 3799 onerata
798 3711 1057 3787 calamitatibus
1108 3714 1145 3761 ὅθ
1166 3685 1305 3767 audiris
1330 3685 1409 3756 vuli
1429 3704 1495 3754 ¹1⁰⁸
1518 3703 1620 3752 aures
1641 3679 1835 3772 inclinare,
1857 3685 1895 3759 ld
1916 3699 1988 3778 cst,
2012 3715 2096 3767 vera

82 3848 237 3935 summis,
265 3857 397 3928 morte,
423 3852 457 3910 et
473 3827 775 3928 persecutionibus
789 3817 908 3888 variis.
956 3808 1058 3902 Qua·
1109 3792 1179 3864 fide
1193 3786 1359 3884 amplecll
1375 3783 1611 3876 Evangcllllm
1629 3795 1697 3857 cic·

81 3941 121 4014 lli
141 3950 270 4040 *99ῑῖθὸ
291 3955 343 4016 ²⁸2
359 3939 459 4016 Adst-
480 3949 516 4008 ²1
530 3931 668 4018 Hevee,
692 3921 863 4002 ‘lamium
887 3917 984 3990 ium
1001 3935 1056 3984 ‘³'
1262 3953 1447 4030 Discamus
1464 3953 1572 4044 igitur
1586 3945 1655 4024 hoc
1670 3951 1749 4024 loco
1764 3947 1850 4024 haee
1865 3954 1952 4026 tria·

318 4047 336 4098 a

71 4045 370 4244 Ιἀεεεεᾶξὶεῇὶιῖεὸὶὦ
384 4131 639 4238 ,paciesnavid
648 4123 828 4220 sagmis,
853 4116 1061 4192 etomnium
1215 4093 1251 4165 1.
1301 4091 1412 4184 Quod
1433 4088 1507 4159 veri
1528 4085 1646 4159 cultus
1667 4087 1706 4156 in
1721 4081 1877 4160 Ecclesia
1892 4090 1986 4180 sint,
2011 4085 2098 4170 haec

84 4245 302 4350 Martyrum?
350 4243 477 4339 Qualis
499 4233 631 4333 speeies
651 4249 749 4302 nunc
767 4241 818 4298 est
834 4220 978 4293 nostra?
1001 4242 1062 4291 su·
1113 4200 1200 4272 fid&
1222 4209 1258 4270 Εἴ
1274 4218 1357 4268 Vtra
1381 4187 1618 4286 Ρῡθῦῐῑθῦῑίθ,
1640 4211 1723 4261 vera
1745 4188 1938 4282 invocatio,
1962 4217 2041 4298 spes
2062 4213 2099 4274 et

86 4373 158 4423 mus
178 4351 381 4427 miserrimi.
431 4343 503 4417 Sed
525 4335 611 4409 huic
630 4329 756 4427 speciei
772 4323 836 4397 has
849 4321 1063 4395 consolatio·
1114 4298 1270 4374 dilectio.

88 4474 144 4522 nes
160 4475 396 4552 opponamus,
419 4446 515 4541 quod
530 4463 590 4512 rex
605 4445 736 4517 noster,
762 4425 951 4511 filiusDei,
977 4447 1063 4518 pro·
1215 4415 1264 4508 2..
1305 4408 1414 4501 Quod
1433 4406 1472 4476 in
1485 4404 1660 4493 Ecclesia,
1685 4404 1725 4476 iu
1741 4399 1808 4476 hac
1824 4406 1895 4480 vita
1910 4410 1983 4485 sint
1997 4415 2101 4490 misti

79 4559 222 4632 nuntiat
246 4552 478 4648 nospulcros
502 4565 597 4626 esse,
622 4533 825 4627 etquidem
849 4524 1065 4619 concupiscit
1115 4539 1198 4590 vere
1221 4513 1404 4585 credentes
1425 4522 1460 4580 at
1475 4505 1699 4604 hypocritae,
1726 4520 1759 4578 et
1772 4530 1848 4578 uon
1864 4509 2089 4589 offendamur

90 4677 165 4745 uos,
200 4663 310 4732 simus
336 4648 512 4733 consenti,
547 4641 645 4738 quod
673 4648 795 4706 nostro
826 4652 955 4724 sponso
987 4627 1066 4720 pla·
1105 4620 1214 4716 ,quod
1236 4639 1311 4688 non
1332 4633 1456 4684 omnes
1480 4611 1520 4683 in
1534 4608 1690 4682 Ecclesia
1711 4610 1784 4682 siut
1805 4607 1917 4683 sancti
1940 4629 1974 4687 et
1993 4568 2100 4689 firmi,

92 4778 233 4840 mamus,
1117 4723 1180 4794 sed
1194 4719 1346 4794 sciamus
1353 4712 1545 4787 Ecclesiam
1558 4713 1627 4784 tale
1641 4732 1768 4802 eorpus
1782 4735 1872 4801 esse,
1895 4719 1992 4811 quod
2006 4674 2102 4792 mul:

119 4959 127 4976 ι
184 4862 347 4937 Vicissim
363 4835 861 4930 autemdocethiePsalmus,
887 4828 1068 4926 quomodo
1119 4840 1174 4898 tos
1195 4820 1354 4896 continet
1376 4818 1498 4890 malos.
1548 4810 1597 4886 Et
1618 4826 1738 4886 tamen
1760 4829 1894 4886 certum
1916 4831 1969 4889 est
2015 4843 2103 4894 nun

95 4950 148 5032 luc
168 4987 313 5059 sponsus
337 4955 565 5052 excipiendus
589 4961 621 5018 et
647 4942 820 5014 amandus
842 4937 898 5007 ait.
956 4931 1070 5016 lubet,
1120 4949 1225 5022 quam
1242 4944 1317 4996 esse
1331 4915 1522 4992 Ecclesiam
1533 4915 1601 4988 Dei
1614 4915 1778 4999 electam,
1804 4918 1875 4986 nisi
1889 4917 1928 4986 iu
1943 4870 2035 4990 hdci
2062 4944 2102 4998 so

96 5074 132 5131 ut
151 5089 226 5138 eum
242 5071 447 5146 adoremus,
471 5071 506 5129 et
524 5046 737 5124 nominatim
754 5040 841 5112 dicit
856 5059 930 5106 esse
942 5031 1071 5116 Deum,
1122 5041 1227 5100 coetu
1248 5038 1472 5106 vocatorum,
1496 5018 1535 5088 iu
1559 5041 1630 5112 quo
1652 5017 1759 5091 simol
1773 5018 1876 5090 multi
1891 5017 2012 5093 sunth
2038 4948 2061 5016 p
2086 5070 2106 5087 .

97 5175 135 5232 ut
152 5179 260 5243 textus
275 5166 405 5262 inquit.
459 5157 547 5229 Vult
562 5151 671 5243 igitur
683 5169 767 5226 eom
784 5139 920 5224 timeri,
946 5137 1023 5207 vult
1039 5133 1070 5202 ei
1123 5129 1241 5202 critas.
1291 5123 1373 5196 Non
1392 5122 1500 5212 igitur
1514 5120 1728 5191 currendum
1744 5134 1796 5192 est
1810 5120 1849 5190 in
1863 5049 2092 5198 solitudidiris

99 5270 202 5356 credi,
232 5273 411 5346 vulteum
434 5256 613 5342 invocari,
646 5263 681 5322 et
705 5247 858 5320 vicissim
879 5239 1001 5332 diligi,
1025 5247 1074 5318 ,ut
1124 5246 1165 5304 ut
1189 5229 1355 5300 eremitae
1375 5225 1551 5308 lecerunt,
1576 5245 1641 5292 nec
1658 5221 1839 5292 faciendae
1855 5223 1944 5295 aliae
1959 5183 2108 5319 congre1

100 5382 255 5454 ,pomum
269 5387 304 5448 a
316 5371 541 5446 „mmm
1125 5335 1285 5428 gatioues
1306 5329 1416 5414 claro,
1438 5319 1798 5498 ‘iaedimbwfim
1818 5325 1987 5405 lecerunt,
2034 5331 2110 5416 sed

1328 5745 1450 5786 ,Α
