4674 5822
790 207 793 216 .
856 99 1123 212 stamme
1149 129 1695 216 scmmsmuoarrm.
1759 192 1766 208 .
1843 68 1881 153 ,¹
1948 139 1985 209 .·

260 334 382 416 portes
399 313 608 389 interorum.
663 305 752 384 Item
769 305 916 384 verbum
938 307 1009 380 tele
1029 306 1258 402 praedicavit,
1310 321 1366 380 rat
1386 305 1523 402 Deum,
1556 321 1790 384 contemnunt
1811 315 1848 382 et
1870 311 2020 384 verbnm
2041 308 2130 382 eius:
2163 323 2197 381 et
2216 310 2289 404 quia

262 423 360 519 quod
375 441 451 490 non
467 429 520 490 est
532 414 610 502 lex,
633 414 694 484 sed
710 409 870 485 remissio
892 411 1039 504 peceati.
1091 409 1258 488 Secundo
1310 412 1420 486 verbo
1441 413 1509 484 Dei
1525 413 1720 504 iudicatur,
1745 413 1826 486 ideo
1850 413 1943 486 illud
1967 413 2045 487 odit
2068 427 2102 485 et
2122 413 2290 506 persequi-

264 535 383 598 autem
419 522 576 592 adventu
609 512 799 594 iudicabit,
840 512 971 584 scilieet
993 513 1058 584 ubi
1088 512 1158 586 iam
1183 535 1258 584 non
1310 529 1381 589 tur.
1432 511 1480 587 Et
1495 516 1652 589 minatur
1666 510 1833 589 Christus
1854 515 2042 598 omnihus,
2068 515 2130 611 qui
2146 515 2203 584 vel
2219 538 2289 606 per·

264 627 449 701 restabunt
462 643 552 717 quos
567 618 688 692 salvet.
739 612 888 686 Interim
910 616 1015 710 quale
1035 628 1086 686 est
1109 617 1258 688 verbum
1310 631 1508 712 sequuntur
1531 619 1588 688 vei
1613 632 1852 690 contemnunt
1873 615 2065 704 iudicium,
2089 615 2190 712 quale
2207 616 2290 686 iudi·

243 743 247 749 ’
264 727 422 810 Christi,
447 724 544 818 quod
560 724 606 793 ad
626 721 734 790 finem
750 740 864 810 usque
888 718 1014 789 mundi
1038 716 1258 810 praedicebi·
1311 719 1406 790 cium
1424 717 1494 789 iam
1511 733 1592 792 ante
1608 721 1648 790 in
1663 715 1850 792 Pharaone
1862 721 1902 793 in
1916 719 1999 793 filiis
2015 717 2124 792 lsrael
2139 743 2291 812 corpora·

225 873 230 884 ·
266 849 346 915 tur,
370 830 451 902 talis
467 840 501 897 et
517 826 667 918 ipserex
682 836 741 895 est.
797 818 955 890 Verbum
976 833 1094 892 autem
1109 821 1258 891 verbum
1309 818 1393 892 liter
1415 824 1588 908 ostendit,
1612 820 1742 898 Psalm.
1757 820 1849 896 CV.:
1875 819 1958 895 Nun
1976 821 2204 896 erediderunt
2224 843 2291 889 ver-

265 934 399 1026 gratiae
412 943 482 1010 est,
509 952 584 999 non
600 925 690 1010 irae3
713 922 824 1021 igitur
836 933 871 992 et
886 923 962 1020 ipse
975 944 1037 994 rex
1051 921 1182 1018 gratiae
1194 932 1258 992 est.
1310 923 1358 996 bo
1374 923 1452 995 eius
1467 941 1532 1002 etc.
1549 938 1583 995 et
1598 923 1747 996 elevavit
1763 948 1908 998 monum
1926 950 2025 1000 suam
2041 949 2147 1018 super
2162 947 2229 998 eos,
2323 991 2325 994 .

172 1081 178 1095 =
266 1037 407 1110 Patrem
439 1054 502 1123 per
535 1025 719 1100 Christum
757 1025 920 1114 cognosci
955 1025 1033 1096 vult
1074 1024 1259 1116 scriptura,
1301 1029 1307 1044 “
1418 1099 1422 1112 ,
1803 1092 1811 1110 ‚
1958 1091 1965 1110 ,
2049 1089 2056 1110 ,
2118 1089 2125 1108 ,

209 1133 213 1141 ’
267 1137 414 1210 loanni,
432 1133 477 1204 1⁶3
502 1130 617 1204 Deum
633 1151 738 1199 nemo
758 1126 849 1197 vidit
872 1149 1041 1220 unquam·
1092 1124 1260 1198 Eum,
1351 1084 1489 1164 Multa
1515 1085 1634 1165 habeo
1657 1089 1701 1165 de
1726 1089 1827 1165 vobss
1860 1091 1962 1193 loqur
1986 1099 2018 1163 et
2041 1084 2261 1185 rudrcaffl).

268 1242 325 1312 nis
341 1234 457 1310 xm:
492 1233 534 1306 Si
556 1231 705 1306 nossetis
721 1251 797 1308 me,
822 1241 856 1300 et
880 1241 1015 1318 patrem
1038 1251 1156 1298 meum
1176 1250 1260 1300 nos·
1415 1223 1566 1299 Accusat
1595 1223 1779 1311 Christus,
1821 1225 1992 1314 remiis,
2033 1227 2095 1321 qui
2127 1239 2291 1321 peceatum

268 1342 363 1416 setis.
396 1338 502 1410 ltero:
526 1331 606 1424 Ego
623 1357 701 1434 oum
717 1332 793 1413 via,
818 1330 947 1400 veritas
962 1343 998 1401 et
1012 1331 1094 1402 vita.
1147 1328 1261 1400 Porro
1304 1327 1386 1402 'non
1403 1344 1620 1420 agnoscunt,
1646 1331 1800 1402 ostendit
1816 1344 2008 1422 peecatum.
2049 1325 2206 1399 Ostenso
2224 1351 2292 1420 pec-

269 1459 405 1539 patrem
421 1462 525 1511 nosse
544 1449 614 1528 est,
641 1435 861 1504 voluntatem
878 1433 953 1505 eius
968 1455 1082 1504 nosse.
1118 1429 1262 1502 Volun-
1314 1445 1391 1504 cato
1407 1432 1586 1502 convictas
1601 1435 1833 1506 conscientias
1850 1431 1995 1504 iudicat.
2040 1429 2133 1502 Nam
2148 1431 2209 1524 qui
2224 1453 2291 1522 per·

268 1561 323 1620 tas
345 1558 462 1617 autem
487 1539 597 1634 patris
619 1560 693 1608 non
717 1547 834 1626 potest
855 1535 925 1604 nisi
950 1535 989 1604 in
1013 1536 1141 1618 verbo,
1165 1534 1262 1613 item,
1313 1533 1696 1628 sequuntnrverbum,
1725 1537 1962 1628 praetendunt
1976 1534 2049 1616 ius,
2075 1534 2166 1604 sicut
2181 1527 2292 1604 Phari·

268 1651 309 1720 iu
321 1640 572 1737 exemplosui‚
601 1641 638 1710 in
655 1635 815 1718 Christo,
840 1638 1018 1726 cognosci,
1042 1636 1166 1729 inquo
1186 1659 1262 1705 cer·
1315 1637 1386 1706 saei
1403 1635 1443 1705 in
1458 1631 1671 1724 Evangelio:
1709 1636 1816 1710 Hune
1838 1637 2015 1706 nescimus
2037 1639 2135 1706 unde
2155 1635 2209 1708 sit.
2254 1627 2293 1703 Et

268 1743 681 1822 nimusmisericordiam
700 1739 830 1832 patris,
856 1739 953 1832 quod
974 1739 1078 1823 velit,
1112 1753 1146 1810 et
1172 1761 1263 1831 quoe
1315 1739 1378 1833 qui
1400 1753 1631 1810 contemnunt
1657 1757 1690 1811 et
1714 1739 1842 1810 vivont
1863 1739 1995 1823 securi,
2038 1740 2074 1810 id
2103 1737 2293 1816 sentientes,

271 1853 379 1924 modo
394 1847 480 1918 velit
493 1847 641 1920 salvare.
699 1840 861 1912 Primum
882 1843 979 1936 quod
998 1841 1102 1926 velit,
1137 1836 1263 1912 loann.
1315 1839 1590 1934 quediliiapud
1607 1837 1749 1914 Esaiam
1764 1839 1915 1916 XXIX:
1942 1838 2035 1929 Quis
2051 1841 2242 1922 videtum,
2265 1851 2294 1906 et

270 1954 355 2028 tlt:
381 1949 444 2023 Sic
457 1951 559 2022 Deus
574 1943 699 2019 dilexit
723 1945 918 2028 mundum,
953 1957 993 2014 ut
1015 1946 1115 2014 daret
1138 1941 1264 2032 unige·
1316 1941 1619 2035 quisnovitnos?
1671 1942 1879 2034 Quieenim
1899 1943 2130 2013 rationenon
2149 1963 2292 2032 eompre-

270 2058 390 2130 nitom
406 2052 520 2123 filium
535 2073 601 2143 pro
618 2048 764 2118 mundo.
817 2044 956 2115 Deinde
972 2046 1150 2139 quomodo
1167 2045 1265 2128 velit,
1316 2040 1480 2114 hendunt
1494 2045 1582 2116 iram
1591 2043 1659 2118 Dei
1674 2049 1841 2116 adversus
1856 2067 2018 2131 earnem,
2042 2045 2125 2114 ideo
2138 2067 2210 2113 non
2229 2065 2293 2111 tre-

271 2158 407 2232 sciiicet
429 2177 492 2247 per
513 2176 652 2224 erucem
676 2172 740 2220 seu
762 2161 934 2232 mortem,
958 2145 1067 2222 Rom.
1085 2145 1163 2218 Vi:
1191 2144 1265 2237 Qui
1317 2149 1410 2218 dunt
1423 2144 1630 2238 Evangelio.
1682 2148 1776 2220 Sunt
1791 2161 1909 2218 autem
1925 2156 2184 2238 contemptores
2197 2143 2292 2237 etqui

271 2273 436 2334 mortuus
452 2270 523 2341 est,
549 2253 756 2330 iustificatos
770 2263 822 2320 est
844 2273 863 2320 a
889 2263 1042 2340 peceato.
1093 2247 1177 2320 Non
1201 2273 1264 2340 po·
1314 2248 1433 2342 palam
1448 2262 1763 2335 contemnunt‚·et
1785 2251 1848 2345 qui
1865 2272 1938 2320 non
1955 2263 2153 2340 agnoscunt
2166 2267 2292 2318 earnem

169 2436 170 2440 ,
272 2375 339 2436 test
353 2359 449 2434 Deus
465 2357 631 2448 cognosci
649 2353 720 2426 nisi
741 2353 781 2420 in
804 2344 950 2421 homine
965 2346 1108 2422 Christo
1126 2365 1265 2422 mortuo
1314 2374 1461 2444 peecare
1474 2352 1513 2419 in
1531 2353 1698 2422 omnibns
1720 2353 1847 2424 studiis
1869 2365 1902 2424 et
1926 2352 2111 2444 operibus:
2140 2353 2197 2420 sed
2221 2373 2294 2418 ron·

268 2461 309 2538 ¹et
326 2461 553 2544 resuscitato,
577 2459 614 2528 id
640 2469 707 2540 est,
734 2455 831 2546 quod
855 2453 1019 2522 voluntas
1036 2451 1102 2522 Dei
1124 2453 1188 2538 sit,
1211 2454 1265 2524 iu·
1317 2451 1515 2525 tenti·'sunt
1532 2449 1683 2526 'iusticia
1710 2455 1847 2539 earnis,
1885 2468 1918 2525 et
1948 2453 2027 2523 iiia·
2042 2475 2087 2523 se·
2102 2454 2292 2526 iustificam:

275 2565 419 2640 stificari
434 2587 497 2656 per
515 2573 664 2631 mortem
679 2572 714 2626 et
731 2556 930 2626 resuscitari
949 2579 1011 2645 per
1028 2555 1146 2626 fidem.
1187 2553 1266 2630 Hot
1317 2557 1618 2650 quemadmodum
1642 2556 1800 2627 sentiunt
1822 2556 1884 2650 qui
1907 2551 2080 2628 rationem
2101 2568 2294 2649 sequuntur,

275 2669 445 2762 estquod
474 2667 508 2742 1.
522 2655 685 2734 Corinth.
701 2657 729 2730 Ι.
743 2657 891 2730 dieitur:
918 2656 1014 2747 Quia
1036 2655 1265 2748 insanientis
1316 2657 1492 2746 dieentes,
1529 2681 1823 2751 supervacaneam
1844 2659 2122 2752 disputationem
2147 2680 2218 2728 esse
2239 2657 2293 2724 do·

272 2772 341 2844 Dei
366 2793 439 2840 non
462 2765 629 2857 cognovit
650 2762 811 2836 mundus¹
829 2759 943 2830 Deum
961 2783 1023 2851 per
1046 2758 1266 2851 sapientiam.
1319 2784 1418 2844 cere,
1451 2765 1547 2854 quod
1570 2763 1690 2831 omnia
1714 2758 1901 2836 hominum
1929 2785 2035 2853 opera
2057 2760 2130 2832 sint
2153 2773 2292 2852 peecata:

274 2869 509 2963 Cognoscitur
524 2881 640 2940 autem
651 2863 747 2936 Deus
760 2863 871 2958 'verbo
888 2881 964 2947 suo,
983 2863 1080 2955 quod
1097 2874 1156 2932 est·
1165 2877 1267 2952 pree·
1319 2862 1547 2958 sentiuntque
1574 2865 1657 2939 satis
1671 2885 1744 2934 esse
1761 2861 1991 2948 eoram.Deo‚
2015 2865 2047 2957 Ιεἰ
2063 2864 2113 2933 sic
2129 2863 2239 2946 vives,
2262 2872 2293 2927 ut

239 3041 241 3045 .
274 2975 406 3046 dicatio
425 2971 558 3050 crucis,
583 2982 625 3041 ut
648 2960 906 3042 1.Cortnth.l.
956 2961 1038 3037 Nou
1059 2983 1161 3056 posse
1174 2962 1266 3035 laedi
1320 2967 1496 3035 amundo
1521 2961 1732 3061 reprehendi
1757 2988 1830 3036 non
1864 2951 2011 3064 possim]
2047 2963 2096 3036 Hi
2129 2977 2210 3036 sunt
2233 2961 2293 3030 veri

275 3077 346 3148 nisi
359 3076 501 3150 rodente
517 3073 615 3155 Deo,
642 3082 695 3149 et,
720 3067 752 3136 si
766 3069 965 3145 laedamur,
991 3068 1123 3136 boum
1138 3064 1268 3137 voiun-
1320 3057 1596 3160 contemptores,
1628 3069 1672 3138 de
1692 3067 1822 3161 quibus
1841 3067 1974 3138 Hahac.
1988 3066 2012 3136 1.
2040 3067 2188 3140 dicitur:
2213 3063 2294 3136 Con-

275 3192 383 3251 tatem
397 3176 465 3247 Dei
481 3195 555 3244 esse
570 3175 767 3256 ‘credemus
818 3163 998 3250 Pharisaei
1015 3181 1191 3262 quaerunt
1213 3192 1266 3238 sa·
1313 3167 1507 3274 temnunt,
1538 3169 1657 3267 etqui
1682 3161 1894 3260 desperent?
1928 3161 1992 3268 ‹Et
2014 3159 2189 3251 Breviter,
2221 3189 2292 3236 con-

276 3283 386 3352 lutem
411 3301 474 3371 per
487 3285 613 3370 {opera
633 3270 721 3358 sua‚[
750 3295 824 3341 non
851 3291 913 3361 per
935 3269 1038 3343 fidem
1055 3284 1094 3348 ,et
1116 3293 1268 3354 erucem,
1321 3286 1486 3344 temnunt
1511 3271 1657 3343 verbum
1687 3274 1819 3361 gratiae
1848 3295 1991 3358 omues,
2017 3263 2092 3364 'qui
2117 3271 2190 3342 ulla
2212 3271 2245 3338 in
2266 3290 2294 3334 re

176 3459 179 3466 Δ
277 3387 358 3454 ideo
375 3406 449 3478 non
467 3390 614 3471 possunt
629 3377 673 3445 ad
689 3373 837 3443 salutem
858 3371 1050 3464 pervenire.
1103 3369 1182 3441 Hoc
1206 3384 1268 3455 est,
1323 3373 1507 3446 aedificant
1537 3374 1576 3442 in
1606 3397 1692 3448 sese.
1751 3368 1853 3463 'Quia
1873 3364 1981 3442 enim
2004 3361 2232 3464 Evangeiiurn
2255 3383 2294 3436 est

278 3486 375 3577 quod
388 3479 534 3574 inquit!
563 3476 645 3566 Quo
659 3481 726 3564 ego
742 3476 850 3555 vado,
877 3494 940 3542 vos
957 3492 1030 3544 non
1041 3475 1193 3565 'potestis
1209 3498 1266 3542 ve·
1323 3477 1469 3545 verbum
1485 3477 1638 3566 gratiae,
1659 3476 1787 3565 exigit,
1815 3490 1857 3548 stt
1869 3477 1938 3548 fide
1955 3477 2082 3546 nennio
2100 3475 2254 3546 coelestia
2269 3485 2294 3538 et

278 3587 369 3658 nire.
421 3581 578 3654 Carnem
590 3603 666 3652 esse
681 3579 903 3666 ignorantem
928 3591 962 3646 et
985 3589 1267 3650 contemnentem
1322 3591 1460 3650 terrena
1484 3593 1703 3671 expectemus
1726 3575 1851 3656 eDeo.
1891 3577 1997 3679 ‚Quia
2021 3603 2105 3661 vero
2133 3601 2211 3652 caro
2231 3597 2294 3643 rna·

269 3688 364 3768 Dei,
379 3698 555 3761 testantur
567 3683 655 3756 istae
670 3678 879 3752 sententiae:
910 3676 980 3750 Vos
996 3679 1269 3760 deorsumestis,
1322 3681 1545 3777 gnitudinem
1577 3680 1708 3771 gratiae
1735 3705 1815 3771 non,
1833 3665 1947 3780 yenit,-
1969 3661 2207 3779 ‘'ideo''putat,
2236 3675 2292 3746 sibi

278 3784 676 3867 eosdemundoestis,
709 3805 771 3852 vos
793 3782 989 3856 secundum
1010 3805 1150 3854 earnem
1174 3781 1269 3853 iudi·
1322 3783 1450 3851 iustam
1480 3777 1619 3854 causam
1644 3797 1735 3872 esse,
1775 3774 1839 3854 cur
1863 3798 1937 3852 nota
1961 3775 2092 3856 eredat.
2152 3781 2295 3857 Honest,

279 3893 374 3964 catis.
435 3887 526 3980 Quis
557 3887 603 3958 sit
631 3882 796 3960 Christus
828 3885 1045 3974 respondete
1075 3881 1269 3972 Principio,
1323 3885 1419 3977 quod
1437 3901 1573 3957 accusat
1586 3881 1761 3959 Christus.
1798 3883 2084 3963 ,Namcaronon
2103 3873 2293 3976 botestpec·

278 3994 377 4089 quod
403 3994 532 4084 loquor
554 3989 666 4060 vobis.
724 3984 825 4054 Hanc
845 3986 1054 4056 sententiam
1076 3984 1127 4054 sic
1148 3985 1269 4060 retulit
1323 3983 1716 4058 catumincredttiit‘atis
1735 3972 1901 4058 iudiedie.

280 4101 454 4169 Novanus:
490 4088 865 4183 Hoesomquodiam
889 4087 963 4158 dixi
986 4087 1104 4160 vobis:
1134 4089 1270 4160 dixerat
1512 4099 1517 4108 ’
1566 4099 1596 4111 ’·
1946 4092 1978 4109 ““

279 4200 394 4272 enim:
426 4195 501 4286 Ego
516 4217 593 4264 sum
609 4193 688 4277 lur,;
724 4191 822 4262 item:
855 4189 931 4278 Qui
958 4189 1050 4274 sirit,
1084 4191 1203 4264 veniat
1225 4193 1268 4260 ad
1315 4259 1320 4270 ,
1377 4223 1379 4234 ¹

282 4325 357 4384 me;
391 4301 491 4370 item:
524 4294 617 4368 Caro
640 4315 718 4365 ntea
741 4315 824 4365 vere
844 4307 895 4365 est
919 4293 1028 4364 cibus.
1066 4290 1156 4364 'Sed
1182 4295 1269 4367 ordo
1372 4333 1377 4341 ·
1425 4288 1626 4387 Occupatio
1654 4311 1736 4378 est,1
1756 4291 2062 4388 oderisiodieat:
2100 4291 2174 4364 Vos
2194 4307 2290 4360 meum

282 4404 472 4472 verborum
488 4399 539 4468 sic
557 4395 710 4488 postulat
727 4394 814 4482 legi:
833 4393 996 4468 ¹Prorsus
1013 4395 1068 4477 id,
1094 4397 1193 4487 quod
1215 4396 1269 4470 ior
1324 4396 1501 4466 iudicium
1513 4410 1547 4467 et
1561 4398 1771 4474 rmiuirsutn
1786 4403 1912 4466 rnenm‘
1927 4419 2126 4466 sermonem
2149 4389 2292 4464 iudicatis

273 4527 374 4597 ⁴quor
404 4500 604 4584 vobiscum,
635 4499 658 4572 i.
673 4521 702 4572 e.
730 4497 834 4586 piane
863 4495 951 4568 illud
978 4497 1093 4585 ipsum
1123 4498 1269 4573 verbum
1318 4499 1669 4576 eunomiumne·
1697 4499 1852 4570 Sicea'ro
1866 4489 2291 4592 iudicat,:qnardoaudit‚

281 4629 359 4676 sum
389 4602 484 4696 quod
513 4603 641 4695 io'quor
671 4598 872 4672 vobiscum:
900 4599 994 4691 ,quia
1023 4594 1185 4672 Christus
1220 4607 1290 4670 esti
1324 4600 1586 4674 omninnostra
1612 4601 1803 4686 damnari3.
1826 4603 1909 4673 item
1933 4623 2006 4685 esee
2027 4597 2183 4675 soteDei
2205 4595 2290 4664 mise*

220 4775 224 4780 .
284 4709 432 4780 verbum
455 4704 584 4795 petris,
616 4701 762 4776 Ioannis
783 4701 912 4791 prime.
958 4699 1271 4791 'disquieseuerr
1323 4703 1694 4778 ricordistiidtndomr
1752 4701 1854 4774 Hn'oc
1877 4686 2290 4790 doetrinar'n'iodtcatva·

284 4813 643 4895 bumesseteetatur,
670 4803 926 4880 vuteiorerho
944 4803 1119 4890 cognosci·
1256 4848 1260 4865 ι
1317 4827 1406 4877 nam
1431 4817 1505 4876 esse'
1527 4822 1618 4879 etro.
1678 4805 1762 4876 {rien
1785 4802 2127 4878 Christoseddidita
2148 4801 2223 4890 Qui
2245 4815 2290 4864 mr

1209 4958 1226 4980 ,ι
1256 4954 1260 4965 ·
1323 4908 1421 4978 misit
1436 4932 1540 4978 verax
1555 4922 1623 4994 est,
1650 4909 1673 4980 i.
1688 4933 1716 4981 e.
1732 4931 1849 4977 meum
1867 4907 2225 4988 iudiciumiudieium
2236 4893 2289 4970 Dei

1253 5017 1258 5084 ἶ
1324 5024 1395 5092 est,
1421 5035 1519 5081 meus
1537 5035 1653 5082 sermo
1668 5033 1783 5079 sermo
1805 5012 1918 5102 patris
1933 5022 2002 5094 est3
2028 5011 2117 5088 sicut
2132 5026 2228 5096 sopra
2244 5001 2288 5065 in-

1450 4229 1454 4264 :
1507 4148 1584 4228 see
1606 4133 1799 4255 aarum
1826 4117 2051 4251 mestitias,
2074 4123 2162 4234 ist,

456 4949 609 5048 ¹Multo
632 4967 749 5045 habeo
769 4930 938 5083 de‘uobl's
963 4969 1082 5072 loquis,
1119 4969 1129 5060 J

384 5113 620 5208 Posteaquam
642 5111 805 5203 exposuit
821 5110 970 5203 quierit
985 5070 1219 5200 anngilium
1237 5123 1273 5186 et
1323 5113 1418 5205 quit:
1445 5111 1577 5200 Filius,
1603 5111 1675 5207 qu'i'·
1683 5123 1734 5183 est
1749 5111 1787 5208 in
1803 5109 1886 5184 sin'u
1902 5107 2028 5204 patrii,
2056 5107 2221 5182 &narravit
2237 5123 2288 5169 no·
2319 5161 2320 5177 ,

281 5215 439 5309 quieuit,
465 5215 609 5286 subiicit
624 5214 900 5302 increpationem
917 5212 1108 5303 impiorum
1129 5230 1161 5286 et
1177 5215 1270 5292 blas·
1318 5258 1556 5304 ψ.
1592 5272 1597 5284 ,
1681 5254 1684 5265 ,
1721 5266 1724 5277 .
1770 5275 1793 5286 ,,
1851 5229 2032 5292 ,ιωιπ
2077 5221 2104 5284 ι’
2147 5246 2189 5278 t'

281 5313 524 5414 phemantium
540 5319 690 5402 uerbum
708 5314 790 5388 Dei.
814 5378 818 5391 ,
843 5313 939 5404 Quia
959 5316 1054 5404 enim
1071 5342 1151 5389 carn
1168 5317 1291 5406 igno.
1326 5362 1331 5386 .
1356 5345 1390 5404 ς)
1406 5343 1594 5407 emma„
1610 5345 1718 5410 ωη,
1737 5343 1856 5412 κως
1867 5349 2090 5412 ΜΝ...
2102 5300 2235 5398 moen.
