4674 5822
148 295 153 304 .
203 231 325 312 'llll
546 250 550 259 ·
827 215 1096 308 entutmt
1129 220 1342 304 sculcta
1373 217 1756 304 EXBGE'l'lCAi-‘
1807 227 1832 293 i.
1896 223 1971 292 -¹¹1'
2164 227 2267 304 atta

231 413 348 480 locum
370 397 583 496 scripturae:
623 393 905 471 Misericordiam
931 402 1034 486 volo,
1055 421 1142 473 non
1166 424 1220 472 sa-
1271 412 1358 487 eto,
1382 419 1466 492 erto
1482 399 1575 493 cogit
1589 398 1890 474 l'arsaltbatiaara
1904 401 2138 494 reopant-
2171 399 2269 492 Quia

231 507 423 593 orificium,
449 503 582 576 scilicet
595 501 779 573 sabbatum
805 502 954 574 iuvandi
974 503 1094 576 fratris
1118 524 1220 574 causa
1271 517 1386 574 toturn
1410 498 1611 590 honsinean,
1645 503 1682 574 id
1697 505 1780 590 eat,
1804 498 1892 589 hac,
1919 505 2267 598 qsqrd=eireuaacisio

233 607 384 699 violaret
417 604 509 680 siout
538 604 686 699 inquitz·
712 599 907 676 Sabbatum
933 599 1082 698 propter
1104 601 1221 676 laomi-
1271 605 1463 697 signifieat,
1488 605 1574 692 leci,
1597 619 1633 678 at
1656 604 1778 698 plorat
1804 604 1829 678 i.
1844 606 2193 679 scemurensi-es
2212 629 2268 676 sa-

232 709 327 800 nem,
345 702 1091 797 nonbominemproptersabbatnmesse,
1112 693 1222 778 ioan·
1261 699 1572 780 'naribominem
1603 715 1640 764 Ἀ
1705 709 1708 716 ’
1827 726 1829 735 ·
2024 711 2071 786 ᾗ
2202 751 2205 765 .

232 821 291 889 nis
306 817 365 899 x,
388 815 469 910 qnia
487 809 580 882 Deus
596 808 661 892 sit,
686 811 845 902 adeoque
861 805 988 882 babeat
1005 805 1052 902 ¹⁰)
1069 824 1222 900 potesta-
1373 805 1457 880 Duo
1474 810 1621 901 colligit.
1672 807 1855 904 Primum,
1878 812 1954 902 lege
1967 812 2045 902 cogi
2061 825 2098 882 at
2111 811 2268 882 vacatio·

230 937 303 993 tem
318 918 500 989 faciendae
522 912 610 1002 legis
632 924 666 983 et
690 911 869 1012 tollendae
888 925 953 984 etc.
1003 909 1085 982 Non
1109 925 1224 1005 potest
1274 935 1355 982 nem
1385 926 1421 986 et
1450 935 1549 1003 opus.
1617 909 1777 998 Deinde,
1825 915 1941 1006 opere]
1961 913 2114 984 salutari
2139 910 2269 984 violari

231 1024 328 1094 lilius
343 1023 457 1092 facere
478 1038 549 1087 ase
563 1014 753 1107 quicquam
777 1027 842 1087 etc.
893 1011 964 1086 Hic
988 1015 1166 1106 aptissima
1190 1027 1223 1085 et
1273 1037 1375 1106 posse
1397 1015 1603 1099 sabbatum,
1628 1015 1712 1108 quia
1733 1015 2012 1086 misericordiam
2033 1039 2110 1088 non
2133 1015 2271 1084 sacnti·

234 1118 569 1196 convenientissima
584 1116 733 1194 ratione,
760 1118 856 1212 quod
872 1117 1070 1188 observatio
1086 1117 1221 1187 sabbati
1273 1117 1368 1188 einm
1389 1117 1468 1188 vult
1488 1113 1669 1190 dominun
1728 1116 1778 1188 lta
1804 1118 1966 1188 omnium
1986 1114 2106 1208 legum
2132 1117 2216 1186 linis
2235 1130 2271 1187 et

230 1221 360 1298 debeat
375 1221 537 1294 essenon
553 1218 674 1303 litera,
702 1219 762 1288 sed
779 1218 941 1310 spiritus,
964 1219 1131 1292 ostendit.
1156 1217 1223 1290 Se·
1274 1216 1434 1309 impletio
1452 1230 1534 1289 sunt
1550 1217 1634 1288 fides
1650 1229 1686 1288 et
1699 1213 1863 1293 charitas.
1900 1217 2006 1296 Fides
2022 1220 2152 1310 implet
2165 1244 2270 1311 prae-

232 1331 373 1410 eundo,
399 1327 502 1397 litera
525 1333 577 1392 est
590 1332 731 1390 externa
754 1321 975 1405 observatio,
1005 1321 1152 1413 spiritus
1173 1317 1241 1390 e‘st-
1274 1333 1374 1412 cepta
1390 1321 1522 1412 prioris
1536 1319 1695 1406 tabulae,
1720 1315 1789 1392 hoc
1801 1335 1856 1393 est
1870 1322 2052 1411 cognoscit
2065 1321 2195 1406 Deum
2221 1322 2269 1391 ti·

229 1434 340 1503 corde
371 1425 604 1504 sabbatizare,
646 1419 713 1494 boc
739 1436 807 1507 est,
847 1446 970 1493 vacare
991 1425 1037 1493 ab
1057 1423 1224 1514 operibus
1274 1435 1365 1508 met,
1392 1423 1556 1507 conlidit,
1581 1421 1775 1493 noeuficar
1790 1446 1923 1492 nomen
1938 1425 2033 1510 eius,
2059 1423 2268 1494 etsabbati·

233 1549 381 1605 naturae
412 1543 446 1600 et
476 1527 554 1597 fieri
586 1549 714 1595 novam
745 1536 954 1598 creaturam.
1028 1525 1223 1596 Sabbatum
1275 1539 1346 1610 zat,
1380 1537 1537 1616 expectat
1557 1537 1591 1596 et
1620 1525 1830 1611 sanctificam
1862 1519 2053 1611 charitate,
2073 1549 2175 1619 quae
2198 1527 2268 1594 im·

232 1637 330 1706 enim
353 1632 526 1724 signifieat
544 1628 652 1697 linem
669 1627 796 1697 veteris
820 1641 999 1696 creaturae
1015 1627 1058 1694 in
1077 1627 1223 1697 univer·
1275 1627 1369 1718 pleat
1393 1640 1577 1718 praecepta
1605 1627 1810 1717 posterioria
1840 1627 1999 1712 tabulae,
2030 1651 2146 1720 neque
2171 1629 2270 1696 enim

233 1761 331 1823 sum,
357 1753 391 1810 et
407 1729 551 1804 initium
569 1751 693 1800 novae.
747 1727 865 1822 Atque
887 1723 956 1798 hoc
977 1725 1016 1798 in
1035 1725 1168 1799 Genesi
1189 1742 1224 1799 et
1275 1723 1457 1801 charitatis
1485 1729 1575 1820 opu's
1605 1728 1716 1813 valet,
1758 1727 1827 1799 nisi
1860 1753 1902 1800 ea
1922 1731 1993 1800 lide
2013 1729 2271 1821 proficiscatur,

232 1839 327 1935 Lege
345 1837 579 1928 significatum
596 1843 647 1902 est
669 1830 834 1916 sabbato,
867 1831 1045 1916 futurum,
1075 1847 1115 1904 ut
1137 1827 1223 1902 haec
1275 1831 1299 1906 i.
1314 1853 1347 1902 e.
1370 1853 1413 1900 ex
1434 1828 1610 1900 constanti
1631 1829 1780 1916 fidncia,
1806 1833 1903 1925 quad
1920 1829 1996 1901 Deo
2017 1846 2201 1923 acceptum
2222 1832 2271 1902 sit

231 1944 306 2016 vita
322 1953 501 2012 creaturae
513 1949 547 2005 et
560 1931 773 2004 universitas
788 1955 906 2002 rerum
921 1932 1090 2016 intereat.x
1127 1930 1222 2022 Ergo
1273 1933 1312 2003 id
1334 1934 1431 2026 quod
1452 1931 1554 2018 lacit,
1585 1955 1660 2001 non
1684 1945 1829 2024 propter
1850 1934 1967 2024 operis
1989 1947 2173 2016 naturam,
2207 1937 2271 2002 sed

176 2073 180 2082 “
232 2038 373 2116 neeesse
397 2043 462 2112 erit
487 2033 560 2108 nos'
578 2035 670 2106 refici
698 2033 828 2105 abolita
852 2035 1066 2106 mortalitate
1097 2038 1225 2106 carnis.
1276 2049 1424 2126 propter
1455 2033 1531 2104 eiua
1570 2035 1863 2109 misericordiam.
1935 2033 2120 2121 Secundo,
2171 2038 2272 2128 qnod

231 2147 358 2239 Coepit
374 2141 441 2214 boc
458 2137 621 2213 Christus
638 2151 750 2207 morte
765 2151 799 2208 et
814 2139 1071 2208 resurrectione
1088 2161 1163 2223 sua,
1190 2149 1224 2209 et
1273 2133 1376 2208 suum
1401 2159 1490 2229 opus
1513 2135 1670 2227 praefert.
1687 2138 1787 2229 operi
1809 2137 2107 2223 circumcisionis,
2132 2137 2274 2226 signifi-

231 2248 418 2320 benedirit
444 2245 611 2324 sabbato,
650 2241 745 2334 quod
769 2252 871 2308 antea
894 2239 969 2326 lege
997 2241 1221 2311 benedictum
1274 2251 1348 2323 eat,
1366 2263 1471 2310 snum
1487 2261 1576 2329 opus
1593 2238 1708 2308 maius
1724 2263 1799 2308 esse
1812 2238 2098 2326 circumcisione,
2133 2240 2272 2309 scilicet

231 2364 318 2423 erat.
369 2339 501 2431 Porro,
524 2344 555 2414 si
570 2343 754 2412 sabbatum
771 2340 847 2432 lege
862 2354 897 2410 et
910 2337 1045 2414 Christi
1061 2343 1222 2434 exemplo
1273 2338 1579 2422 iustificationem,
1605 2341 1706 2410 cuius
1728 2341 1869 2432 'signum
1893 2355 2032 2414 tantam
2048 2343 2272 2414 esteircum·

228 2451 460 2525 benedictum
483 2441 555 2531 est,
581 2441 731 2514 mortem
752 2443 974 2512 benedictam
1000 2465 1074 2515 esse
1099 2468 1222 2514 conse·
1274 2442 1371 2517 cisio.
1421 2437 1541 2537 Atque
1562 2441 1974 2533 itaiterumsignilicat,
2002 2468 2075 2514 non
2092 2444 2272 2535 exoperi-

229 2541 366 2651 q'uitur.
417 2550 515 2622 llaec
538 2569 621 2636 ergo
637 2543 830 2637 spiritualis
857 2545 1060 2616 observatio
1084 2543 1222 2618 sabbati
1272 2545 1339 2616 bus
1354 2545 1441 2636 legis
1458 2544 1635 2616 iusticiam
1656 2567 1750 2627 esse,
1777 2547 1838 2616 sed
1854 2569 1895 2614 er
1910 2546 2061 2621 fide'etc.

192 2713 193 2716 ,
230 2671 284 2730 est
300 2647 515 2737 mortificari,
541 2647 628 2742 ctu)
643 2645 738 2718 celici
754 2670 881 2718 novam
897 2661 1105 2722 creaturam.
1130 2647 1221 2718 Ter-

230 2751 301 2846 tio,
331 2759 460 2851 probat
483 2756 602 2847 itaque
619 2744 788 2820 Christus
805 2749 976 2820 evidenti
1001 2766 1223 2841 argumento,
1798 2836 1802 2844 ,

229 2865 307 2953 lege
320 2853 411 2951 exigi
428 2855 611 2952 spirituale
625 2849 831 2937 sabbatum,
861 2874 935 2922 non
952 2847 1105 2939 literale,
1137 2854 1221 2947 quia
1274 2851 1298 2938 i,
1313 2875 1343 2924 c.
1360 2875 1405 2920 ne
1422 2849 1594 2938 iudicate,
1619 2849 1862 2942 impletionem
1884 2850 1971 2941 legis
1993 2873 2065 2919 esse
2086 2861 2271 2921 externam

230 2955 369 3036 literali
387 2951 633 3032 observatione
657 2978 722 3024 nec
744 2970 820 3024 tum
846 2952 990 3047 quidem
1007 2953 1220 3026 facimusle-
1275 2952 1577 3034 observationem,
1624 2954 1685 3022 sed
1716 2951 1821 3043 fidem
1848 2966 1884 3021 et
1913 2947 2131 3026 charitatem.
2195 2949 2271 3020 Vos

216 3088 328 3159 gem,
355 3089 436 3135 cum
458 3061 617 3133 iacimus.
667 3053 762 3146 Ergo
777 3079 779 3086 ’
793 3057 849 3125 lex
872 3055 1049 3148 spirituali
1074 3060 1219 3129 sabbato
1274 3055 1456 3141 iudicatis,
1483 3055 1594 3146 legem
1611 3077 1673 3126 vos
1688 3052 1902 3147 praestitisse
1918 3078 1997 3123 cum
2017 3053 2119 3124 litera
2139 3055 2269 3122 sabba-

225 3157 287 3243 iit.¹
331 3159 556 3238 Antecedens
579 3155 725 3253 probat,¹
753 3162 848 3252 quod
873 3161 1019 3230 sabbato
1035 3161 1218 3250 circumci-
1274 3171 1349 3228 tum
1381 3157 1591 3242 observatis;
1632 3179 1696 3252 ego
1721 3165 1806 3227 vero
1833 3179 1906 3225 non
1932 3157 2032 3227 litera
2056 3157 2117 3225 sed
2139 3155 2268 3247 spiritu

230 3273 319 3342 dant
339 3270 509 3346 infantes,
534 3264 634 3334 iuxta
651 3257 736 3350 legis
751 3262 969 3330 mandatum.
1020 3260 1133 3333 Porro
1149 3262 1219 3333 cir-
1273 3259 1482 3344 sabbatizari
1499 3259 1591 3332 volo.
1823 3319 1826 3328 .

231 3371 429 3443 cumcidcre
444 3381 496 3441 est
509 3390 598 3461 opus
617 3362 762 3460 aliquod
777 3363 902 3436 lacere.
955 3360 1050 3436 ldem
1072 3363 1222 3437 inMat-
1718 3357 1719 3360 ’

231 3471 333 3546 tbaeo
364 3480 546 3543 causaturz
586 3464 742 3538 Sabbato
774 3463 971 3536 sacerdotes
988 3460 1122 3536 hostias
1145 3493 1219 3538 ma-

137 3618 139 3629 =
227 3589 343 3661 etant,
368 3594 449 3664 ergo
465 3594 511 3642 ne
522 3569 685 3640 iaciendo
702 3565 845 3660 quidem
860 3568 972 3654 legem
991 3568 1029 3640 lit
1045 3568 1111 3638 lea.
1377 3559 1572 3634 Testantur
1602 3563 1646 3632 de
1675 3555 1836 3648 Christo,
1884 3564 1981 3655 quod
2010 3561 2159 3633 relutari
2192 3561 2268 3632 eius

332 3676 488 3769 Quarto,
521 3697 562 3743 ex
585 3667 642 3740 his
666 3667 801 3759 colligit
823 3665 862 3737 in
888 3669 1113 3758 universum,
1145 3695 1219 3742 non
1272 3663 1435 3738 doctrina
1468 3687 1542 3733 non
1573 3663 1749 3757 potnerit,
1794 3677 1830 3737 et
1851 3679 1968 3736 tamen
1996 3677 2270 3757 persequuntur,

230 3783 305 3854 lieri
323 3782 434 3870 legem
450 3777 573 3866 litera,
597 3769 666 3842 hoc
691 3784 763 3856 est,
797 3773 1044 3842 observatione
1063 3775 1218 3848 carnali:
1272 3767 1356 3863 quio
1372 3791 1392 3838 o
1408 3761 1554 3846 oblitio
1570 3766 1723 3837 convicti
1739 3767 1891 3840 lucrant.
1941 3765 2002 3840 Sis
2024 3779 2167 3859 oportet
2191 3789 2268 3836 esse

229 3902 265 3959 et
295 3883 434 3957 iusticia
461 3878 548 3972 legis
579 3877 759 3946 neminem
782 3869 965 3944 iustificari
988 3897 1104 3944 coram
1129 3877 1220 3964 Deo,
1272 3865 1620 3962 irreprehensibilem
1645 3869 1844 3940 doctrinam
1870 3893 2013 3956 eorum,
2037 3869 2100 3963 qui
2124 3869 2270 3962 praedi-

230 3992 292 4061 sed
316 3989 385 4059 lide
405 3980 547 4075 impleri
569 3979 696 4067 legem3
729 3975 819 4048 sient
844 3975 881 4044 in
900 3973 1000 4046 Actis
1015 3974 1141 4050 Petrus
1163 3979 1219 4048 in·
1272 3968 1621 4060 cantEvangelium3
1653 3972 1696 4040 ad
1720 3969 1844 4042 Titum
1870 3971 1998 4064 primo.¹
2052 3967 2100 4044 Et
2124 3986 2269 4043 contra:

229 4093 322 4187 quit:
351 4087 450 4179 Quid
466 4081 650 4176 imponitis
666 4080 806 4170 iugum,
831 4080 926 4173 quod
947 4102 1062 4174 neque
1078 4104 1140 4151 vos
1156 4103 1220 4152 ne.
1272 4071 1433 4146 indurati
1459 4087 1697 4165 persecutores
1719 4097 1923 4168 quanquam
1946 4073 2123 4156 convicti,
2145 4085 2268 4145 tamen

229 4218 297 4290 que
325 4205 441 4286 patrea
471 4183 577 4258 vestri
614 4195 753 4276 portare
788 4180 1008 4274 potuerunt?
1059 4180 1127 4254 Sed
1157 4208 1220 4277 per
1271 4189 1534 4270 persequuntur
1548 4170 1746 4261 Christum,
1763 4189 1805 4248 ut
1820 4197 2093 4268 cognoscamus,
2119 4175 2186 4250 Dei
2203 4178 2271 4248 do·

228 4295 375 4392 gratiam
389 4289 568 4364 credimus
583 4280 734 4368 alvari,
760 4287 941 4377 quomodo
955 4297 989 4355 et
1004 4281 1074 4360 isti.
1271 4302 1360 4350 num
1376 4301 1452 4350 esse
1470 4278 1579 4349 verbo
1594 4278 1683 4370 capi.

1415 2705 1545 2812 Nolite
1569 2707 1954 2816 didicereseaundum
1969 2709 2124 2812 sociem,

1406 3419 1500 3498 Ecce
1518 3416 1651 3525 palam
1674 3415 1857 3524 loquitur,
1884 3436 1917 3498 et
1944 3421 2047 3529 nibil
2071 3419 2135 3500 ete.

253 4457 361 4537 Mhi
380 4484 475 4561 quor
489 4456 535 4556 ¹²)
558 4445 842 4550 indignamini?
856 4459 859 4467 ’
875 4453 966 4552 quio
990 4460 1106 4526 totum
1133 4463 1194 4527 etc.
1378 4535 1384 4550 .
1466 4441 1545 4519 Sed
1565 4435 1664 4520 hunc
1688 4446 1851 4546 sciamus
1881 4443 1976 4522 unde
2001 4431 2064 4526 sit.

328 4595 423 4692 Quia
451 4590 672 4666 circumcisio
696 4611 770 4658 non
793 4587 995 4680 pertinebat
1015 4590 1061 4659 ad
1093 4590 1219 4682 legem,
1327 4624 1329 4633 ·
1370 4583 1476 4660 Unda
1491 4587 1538 4659 sit
1552 4601 1629 4658 orta
1642 4588 1786 4680 opinio,
1811 4589 1972 4662 lmaarnm
1995 4603 2126 4664 utnon
2140 4591 2269 4674 norint

191 4721 194 4724 .
226 4707 287 4779 sed
304 4701 445 4794 signum
467 4706 543 4768 erat
564 4688 942 4788 promissionis-iactae
956 4685 1159 4778 Abraham,
1184 4706 1219 4763 et
1269 4683 1467 4771 Christum,
1494 4713 1567 4760 non
1584 4689 1688 4760 video
1710 4690 1780 4761 nisi
1804 4715 1846 4763 er
1864 4693 1910 4762 iis
1933 4681 2148 4786 prophetiis,
2173 4718 2268 4788 quae

226 4808 373 4882 sabbato
388 4797 580 4890 derogabat
593 4795 649 4864 vel
664 4789 731 4864 boc
753 4793 847 4884 ipso,
876 4793 971 4885 quod
996 4791 1218 4882 signiticaret,
1269 4791 1519 4882 praediaamnt
1547 4786 1732 4864 Christum
1764 4808 1956 4880 venturum
1992 4795 2118 4868 lonn'u
2148 4797 2267 4868 crucia

223 4925 300 4985 non
327 4901 556 4997 exoperibus
578 4898 666 4986 legis
688 4897 747 4966 sad
771 4919 813 4984 ex
836 4894 904 4962 tide
935 4893 1109 4968 iusticiam
1133 4919 1217 4984 esse,
1268 4905 1412 4973 tectum,
1438 4916 1512 4964 non
1531 4896 1571 4965 in
1585 4895 1699 4966 lorma
1714 4919 1823 4990 quam
1837 4921 1902 4989 pro
1949 4898 2145 4985 munitm,
2168 4899 2269 4970 tum

225 5015 325 5085 cuius
340 5011 416 5103 ipsa
431 5007 571 5098 signum
586 5009 671 5071 erat.
722 4995 994 5070 Circumceditis
1020 4991 1216 5096 hominem,
1267 4993 1358 5064 illud
1379 4992 1522 5068 Esaiae:
1556 4995 1649 5087 Quia
1670 5001 1786 5072 credit
1805 5003 1946 5072 mdiu„
1972 5001 2122 5074 mm?
2172 4998 2265 5072 Nam

223 5127 327 5212 atque
343 5118 432 5184 adeo
449 5103 589 5179 violatis
603 5101 800 5174 sabbatum.
853 5097 894 5172 si
912 5099 1214 5174 circumcisionem
1267 5091 1354 5184 hoc,
1399 5101 1495 5193 quod
1526 5099 1727 5174 adducunta
1767 5099 2047 5176 Generationern
2075 5103 2153 5175 eins
2183 5103 2266 5198 quis

224 5289 443 5306 -----
1266 5201 1468 5274 ‘norribili
1512 5214 1597 5292 puto
1628 5203 1673 5273 ad
1704 5227 1824 5276 semen
1851 5227 1914 5276 scu
1942 5205 1988 5274 ad
2020 5205 2264 5298 posteritatem

198 5411 203 5418 -
257 5386 304 5442 to)
322 5381 442 5438 rascas]
462 5380 548 5429 secer
575 5378 660 5431 aare
697 5383 733 5421 ex
749 5369 855 5422 aanor.
1265 5303 1452 5394 Pfflfn‘f‘·
1503 5299 1551 5375 Et
1566 5303 1667 5389 Vides
1694 5309 1874 5412 ‘l00m0d9
1898 5317 2023 5378 ⁰⁰¹¹lr⁸
2040 5330 2083 5409 ‚oe
2108 5303 2265 5402 prophe-

256 5456 304 5514 tt)
322 5453 350 5504 as
370 5446 464 5502 curtat
482 5457 518 5495 ex
536 5417 600 5498 roo.
668 5410 754 5498 ’tat
772 5436 898 5504 quant.
917 5447 1023 5492 mr.
1265 5417 1350 5476 tent.
1411 5405 1663 5482 Testilirantur
1687 5405 1868 5482 Christum
1893 5411 2179 5494 ventorumne,
2220 5425 2260 5483 ut

710 5747 826 5790 A
