4674 5822
230 103 328 178 toas
519 105 524 114 ¹
671 63 711 110 ’·
819 104 946 182 aura.
976 105 1093 184 uun.
1121 105 1662 233 scaurauxuuurtcn
1750 121 1753 128 ·
1820 177 1826 186 .
1894 175 1898 184 .
2165 137 2265 214 soso

229 249 404 350 Teutatus
429 303 491 370 per
513 280 634 354 omnia
657 303 721 372 pro
745 280 979 352 similitudine
1004 276 1068 358 etc'.
1126 277 1224 352 Haec
1273 281 1355 354 licet
1372 297 1414 356 ut
1431 289 1673 362 auctoritatem
1694 294 1795 370 daret
1808 297 1992 372 fierivfilios
2007 300 2084 378 Dei.
2139 303 2217 378 lam
2237 328 2269 382 et

124 401 127 406 ·
229 376 432 452 humiliatio
456 382 522 452 lilii
539 382 821 473 magnitudinem
837 384 1102 455 misericordiae
1119 386 1224 459 nobis
1273 385 1412 468 adiicit,
1438 391 1509 484 quo
1536 395 1644 464 modo
1668 396 1754 468 bant
1773 399 1839 470 tilii
1860 398 1947 488 Dei,
1980 429 2109 500 nempe
2131 412 2163 480 si
2180 415 2269 483 reci-

230 483 471 570 commendat,
506 499 540 556 et
561 485 683 571 efficit,
715 498 755 556 ut
787 509 866 556 cum
899 486 1025 556 fiducia
1051 482 1221 558 thronum
1272 487 1373 580 piant
1387 485 1590 582 Christum,
1626 497 1663 566 id
1688 513 1757 582 est,
1793 503 1823 572 si
1847 497 2055 592 credantjtn‘
2068 507 2268 588 Christum.

229 585 361 677 gratiae
374 589 599 672 accedamus,
626 588 722 681 quod
746 587 895 674 scimus,
922 589 1028 658 nobis
1043 613 1115 660 esse
1132 613 1224 682 pon·
1274 589 1316 662 lu
1335 593 1571 683 appellatione
1593 596 1748 671 filiorum
1768 606 1880 676 multa
1905 607 2270 701 comprehenduntur.

197 761 199 766 ,
230 679 380 774 tificem,
409 689 471 781 qui
495 689 606 782 possit
630 689 735 759 nobis
756 691 908 783 compati
926 693 1056 761 nostris
1073 691 1224 761 infirmi·
1273 689 1452 796 Primum,
1479 697 1569 766 sicut
1586 699 1650 769 filii
1670 702 1830 776 incarne
1852 726 2065 798 nascuntur,
2092 740 2168 786 non
2194 743 2269 812 me-

232 790 383 876 tatibus,
410 788 618 865 Hebr.lV.1
652 787 698 864 Et
714 792 853 878 statim,
880 793 1027 887 nequid
1044 795 1225 864 videretur
1272 807 1397 866 rentur
1413 797 1477 866 tilii
1495 821 1569 867 esse
1586 823 1649 872 suo
1663 805 1783 900 aliquo
1796 834 1920 901 opere:
1953 813 2003 884 ita
2028 810 2087 888 hic
2109 820 2177 888 lilii
2196 845 2268 891 non

231 891 409 963 divinitati
429 894 630 984 derogasse,
657 894 816 965 subiicit:
844 893 1007 966 Mundus
1027 921 1090 989 per
1105 897 1221 996 ipsum
1273 896 1364 967 fiunt
1381 897 1502 994 aliquo
1519 924 1583 972 suo
1600 907 1739 992 merito,
1765 924 1805 990 ot
1820 913 1928 1003 paulo
1945 931 2024 1007 post
2039 915 2147 991 latius
2160 946 2269 1016 expo-

230 997 343 1065 factus
372 1009 433 1066 est.
491 995 611 1092 Atque
638 996 687 1066 ita
717 997 800 1066 saeit
827 992 1020 1068 antithesin
1044 995 1224 1068 humiliati
1275 1010 1391 1070 natur.
1419 997 1477 1071 Ad
1488 999 1603 1080 Galat.
1615 1005 1697 1081 lV.:
1715 1007 1929 1085 Dehaerede
1946 1018 2116 1112 scriptum
2132 1039 2187 1096 est
2203 1041 2266 1100 etc.

231 1096 331 1166 verbi
356 1111 389 1168 et
412 1097 692 1191 omnipotentiae
720 1099 814 1183 eius,
846 1098 1013 1170 utsimul
1036 1100 1223 1192 significet,
1275 1097 1460 1187 Secundo,
1500 1103 1593 1175 filios
1624 1133 1696 1181 esse
1717 1127 1786 1193 est,
1830 1116 1866 1184 in
1898 1119 2007 1209 gratia
2039 1125 2152 1214 patris
2186 1151 2268 1202 esse.

231 1192 413 1271 Christum
428 1215 657 1291 regnaturum
676 1201 713 1268 in
732 1201 888 1292 putentia
905 1198 984 1276 Dei.
1273 1199 1433 1274 Proinde
1449 1205 1532 1274 filiis
1555 1207 1625 1280 irae
1651 1215 1854 1306 opponitur.
1907 1215 1955 1293 Et
1979 1246 2086 1295 omne
2104 1227 2161 1296 ius
2175 1229 2267 1298 filio-

1274 1326 1356 1375 rum
1388 1309 1547 1381 continet
1576 1305 1827 1386 haereditatem
1846 1315 1999 1409 Christi,
2032 1331 2268 1400 sacerdotium

1276 1420 1308 1476 et
1332 1429 1492 1499 reguum.
1552 1410 1653 1488 Sicut
1678 1414 1852 1490 Matthaei
1873 1421 2009 1496 XVll.:
2036 1425 2161 1499 Liberi
2188 1449 2270 1503 sunt

290 1507 387 1580 ldem
405 1521 466 1591 est,
482 1509 579 1604 quod
595 1531 700 1600 supra
716 1507 782 1579 ait:
809 1503 856 1579 Et
873 1511 1036 1581 tenebrae
1053 1534 1132 1582 eum
1149 1536 1223 1580 non
1275 1508 1352 1581 tilii.
1405 1507 1454 1582 Et
1468 1506 1554 1582 haee
1570 1532 1621 1588 est
1636 1513 1855 1608 haereditas,
1883 1528 1927 1596 de
1942 1543 2011 1620 qua
2026 1533 2068 1600 ad
2083 1529 2270 1604 Romanos

232 1605 589 1706 comprehenderunt.
640 1608 803 1680 Mundus
819 1613 984 1682 tenebrae
1012 1628 1085 1700 est,
1111 1628 1145 1684 et
1168 1615 1226 1682 ni-
1275 1608 1356 1684 1V.:
1392 1608 1441 1684 Ut
1464 1628 1553 1684 esset
1575 1614 1696 1690 haeres
1718 1625 1857 1700 muudi.
1909 1627 2052 1716 Tertio,
2079 1633 2173 1702 filios
2198 1661 2270 1707 esse

232 1709 370 1782 hilnisi
388 1712 542 1783 carnalia
560 1711 652 1804 sapit
676 1712 902 1802 etintelligit.
964 1712 1085 1804 Quare
1109 1739 1226 1811 neque
1276 1711 1425 1804 plusest
1450 1739 1555 1807 quam
1579 1724 1750 1812 populum
1772 1749 1857 1796 esse.
1908 1728 2008 1800 Sicut
2024 1747 2058 1804 et
2074 1732 2209 1808 Paulus
2228 1743 2270 1810 ad

232 1813 408 1885 iusticiam
428 1814 592 1907 spiritus,
618 1837 707 1908 qtrae
722 1813 807 1884 fides
823 1829 885 1899 est,
910 1829 1027 1910 'neque
1042 1814 1225 1888 Christum
1276 1811 1384 1886 Rom.
1401 1815 1534 1892 Vitta
1549 1823 1677 1914 spiritu
1699 1828 1903 1918 adoptionis
1926 1832 2081 1904 tiliorum
2100 1838 2273 1910 discernit

233 1929 459 2010 apparentem
475 1916 514 1984 in
530 1916 644 1985 forma
665 1915 777 1984 crucis
800 1919 967 2004 agnoscit.
1029 1916 1111 1989 ldeo
1134 1919 1227 1990 dici·
1277 1918 1440 2008 spiritum
1468 1925 1658 2000 servitutis.
1711 1927 1832 1999 Veteri
1854 1946 2064 2006 testamento
2087 1942 2270 2011 nonlilios

400 1362 455 1437 Et
479 1361 641 1437 muudus
673 1391 752 1437 eum
779 1392 853 1438 nun
880 1368 1058 1464 cognovit,

92 2043 107 2060 ·
233 2013 569 2092 turstanum:
598 2015 727 2088 Beatus
751 2041 787 2087 es
814 2019 961 2106 Simon,
994 2022 1225 2116 quiacaroet
1277 2020 1336 2089 sed
1363 2020 1535 2112 pupulum
1560 2027 1776 2118 appellabat,
1803 2045 1836 2101 01
1862 2036 1941 2104 i‘112⁰
1964 2039 2119 2128 populus
2141 2059 2271 2115 eralsl

234 2121 376 2212 sanguis
393 2117 458 2192 tibi
473 2143 547 2189 nou
564 2119 744 2194 revelavit.
1278 2144 1352 2190 non
1368 2122 1452 2207 filii,
1477 2127 1559 2218 quia
1585 2131 1758 2203 serviebat
1776 2134 1813 2201 in
1839 2136 1987 2208 iusticiis
2003 2142 2121 2211 earnis
2135 2157 2169 2213 et
2185 2171 2272 2238 ope-

1035 2240 1041 2248 ·
1163 2275 1165 2285 ,
1277 2224 1377 2294 ribus
1394 2225 1477 2295 suis.
1528 2228 1629 2301 Novo
1652 2246 1860 2326 testamento
1877 2239 1941 2307 lilii
1962 2256 2064 2328 sunt,
2088 2247 2173 2338 quia
2189 2271 2272 2337 gra-

1277 2339 1329 2396 tes
1344 2325 1420 2397 sine
1433 2329 1507 2399 ulla
1523 2355 1672 2423 operum
1689 2339 1870 2410 exactione
1888 2345 2019 2434 recepti
2035 2359 2117 2418 sunt
2133 2348 2173 2416 in
2189 2373 2272 2440 gra-

295 2404 424 2484 idest,
452 2401 667 2485 adiudam,
693 2405 1139 2500 quib11³er³lpr0mi⁸⁵¹¹⁸·
1166 2409 1226 2481 Sic
1277 2429 1384 2513 tiam,
1426 2444 1467 2501 ut
1482 2433 1656 2506 ,videatur
1679 2436 1830 2510 loannes
1854 2442 1892 2510 in
1914 2441 2081 2516 antithesi
2111 2449 2271 2522 locutus:

211 2505 366 2582 ,Paulus
389 2501 572 2580 Christum
594 2520 696 2579 vocat
718 2507 920 2579 ministrum
947 2511 1226 2582 circumcisionis
1277 2529 1343 2601 Sui
1358 2555 1437 2601 eum
1452 2557 1525 2604 non
1542 2553 1768 2630 receperunt3
1798 2558 1833 2613 et
1849 2557 1985 2636 postea:
2012 2547 2118 2621 Dedit
2134 2553 2185 2622 eis
2204 2577 2272 2644 po-

234 2621 298 2682 etc.
350 2608 469 2702 Atque
491 2604 550 2679 hic
573 2609 700 2680 iterum
725 2611 822 2695 vide,
858 2614 1043 2704 quomodo·
1055 2615 1225 2707 retrospi·
1251 2622 1255 2694 t
1277 2644 1435 2703 testatem
1460 2635 1552 2707 filios
1568 2636 1634 2708 Dei
1657 2643 1752 2728 fleri3
1788 2646 1823 2714 id
1850 2660 1916 2730 est,
1947 2672 2021 2719 non
2045 2653 2143 2723 venit
2159 2651 2272 2725 Chri-

234 2710 303 2781 ciat
319 2708 476 2781 loannes
512 2713 551 2780 in
583 2706 748 2781 historias
784 2714 912 2784 veteris
957 2717 1156 2785 testamenti
1193 2731 1226 2788 et

424 2253 427 2264 ¹
532 2265 601 2364 ¹Iu
624 2269 778 2366 propria
807 2269 911 2354 veuit,

1276 2749 1368 2819 stus,
1405 2748 1444 2805 ιιι
1469 2741 1640 2830 populum
1664 2744 1813 2831 faceret,
1846 2763 1907 2820 aut
1929 2749 2040 2840 legem
2056 2754 2274 2846 imponeret,

232 2812 487 2906 promissiones
517 2815 561 2884 de
585 2807 746 2893 Chl5⁵¹⁰2
789 2837 853 2905 Pel*
880 2837 967 2908 q¹¹³⁸
988 2811 1224 2908 Elinssellum
1251 2896 1253 2917 ,
1277 2839 1336 2905 sed
1354 2851 1394 2907 ut
1409 2838 1500 2909 lilios
1523 2843 1662 2918 faceret.
1714 2846 1822 2918 Sicut·
1838 2845 1953 2922 Oseae
1979 2855 2094 2944 primo
2119 2858 2270 2930 dicitur:

232 2937 335 2988 suum
353 2916 432 2987 vult
446 2916 576 3006 exponi
593 2928 626 2985 el
641 2916 853 2988 confirmari·
1250 2927 1253 2944 '
1275 2933 1365 3011 Erat
1389 2939 1426 3008 in
1449 2942 1539 3028 loeo,
1561 2946 1774 3018 ubidicitur
1794 2952 1860 3020 eis:
1895 2949 1975 3023 Non
1993 2958 2144 3048 populus
2167 2984 2271 3033 meus

430 3061 485 3135 El
510 3064 574 3136 sm.
598 3087 678 3137 eum
705 3050 780 3139 m
808 3082 1022 3168 receperunt·
1250 3065 1349 3124 ,vos
1401 3039 1549 3115 Dicetur
1569 3046 1631 3134 iis,
1656 3049 1720 3117 filii
1739 3051 1809 3121 Dei
1835 3054 1996 3129 viventis.
2048 3056 2155 3141 Item,
2183 3066 2269 3155 quia

306 3255 313 3262 =
336 3200 552 3295 Quanquam
576 3224 652 3270 non
673 3202 771 3271 aliud
793 3202 899 3287 dicit,
925 3229 1032 3297 quam
1047 3210 1142 3301 quod
1157 3232 1224 3279 an·
1249 3125 1252 3315 i
1275 3143 1330 3213 sui
1350 3167 1421 3213 non
1436 3161 1517 3216 ιιιιιι
1536 3147 1619 3229 blii,
1647 3167 1765 3241 aperte
1783 3154 1968 3245 significat,
1992 3163 2164 3250 populum
2183 3189 2272 3256 ope.

233 3317 307 3376 tea:
331 3300 520 3374 fl'enebrae
536 3326 617 3373 eum
632 3327 707 3373 non
729 3301 1095 3396 comprehenderunt,
1120 3312 1222 3381 item:

233 3404 395 3478 Mundus
411 3428 492 3476 eum
514 3429 589 3475 non
611 3409 770 3496 agnovit:
796 3420 914 3476 tamen
940 3405 1008 3482 boc
1027 3413 1224 3486 terribilius
1469 3411 1548 3514 Qui
1572 3415 1722 3491 credunt
1749 3427 1789 3493 in
1818 3411 1964 3499 nom'ine
1991 3430 2079 3511 eius,

233 3520 306 3589 est,
343 3508 438 3600 quod
467 3507 568 3579 dicit:
590 3503 685 3583 Sui.
745 3509 846 3582 Siout
868 3510 956 3581 dicit
978 3509 1086 3588 Rom.
1109 3513 1152 3584 X.
1182 3539 1223 3587 ex

231 3608 336 3680 Esaia
357 3606 489 3682 LXV.:
533 3607 704 3681 inventus
728 3635 807 3681 sum
829 3635 849 3680 a
871 3636 946 3681 non
972 3617 1224 3706 quaerentibus

232 3735 289 3782 me
303 3724 367 3782 etc.
418 3708 511 3781 Tota
525 3710 593 3782 Die
609 3714 760 3804 expandi
781 3737 908 3784 manus
932 3739 1032 3786 meas
1048 3720 1093 3788 ad
1109 3743 1223 3810 popu-

232 3814 307 3887 lum
330 3835 404 3883 uon
424 3813 643 3898 credentem,
672 3815 738 3886 ubi
755 3811 875 3886 Esaias
898 3841 1037 3888 causam
1061 3822 1223 3913 explieat,

1275 3269 1354 3314 rum
1372 3271 1445 3317 non
1462 3273 1534 3319 esse
1551 3251 1642 3322 lilios
1661 3249 1740 3322 Dei.

1377 3550 1568 3642 Quomodo
1599 3557 1687 3630 bant
1716 3559 1781 3629 filii
1801 3560 1870 3633 Dei
1893 3565 1969 3660 ipse
1992 3573 2153 3659 exponit,
2187 3596 2274 3644 cum

1241 3714 1245 3722 .
1274 3655 1411 3725 adiicit:
1428 3654 1564 3751 Hisqui
1577 3663 1726 3733 credunt
1743 3663 1940 3738 innomine
1956 3670 2042 3744 eius.
2071 3670 2141 3743 Ubi
2156 3675 2276 3762 docet,

1275 3781 1348 3830 nou
1364 3751 1522 3829 humano
1540 3762 1681 3849 merito,
1706 3788 1778 3833 uon
1797 3792 1904 3858 opere
1920 3771 2040 3863 aliquo
2055 3789 2175 3846 nostro
2192 3777 2275 3848 lieri

284 3917 292 3932 ,
363 3915 372 3932 ,
755 3918 764 3937 ,
911 3919 948 3937 ,,
1162 3923 1171 3940 ,
1273 3859 1385 3942 blios,
1412 3862 1471 3930 sed
1491 3863 1563 3930 sola
1582 3864 1660 3938 fide.
1703 3861 2048 3966 Nequesimplieiter
2064 3876 2166 3949 dicit:
2194 3878 2276 3969 Qui

219 3917 320 4013 ·qu1d
344 3928 408 4000 ιιι,
444 3937 527 3987 suos
551 3938 626 3986 non
648 3939 837 4012 recepisse,
873 3919 1006 3994 scilicet
1028 3945 1102 3991 non
1125 3925 1223 3994 ahud
1275 3962 1440 4031 crediti„
1459 3987 1561 4053 eum,
1588 3969 1663 4035 „dt
1694 3967 1735 4038 'n
1755 3993 1885 4040 nomen
1903 3973 1996 4059 eius,
2024 3971 2178 4063 hocca,
2206 3985 2275 4074 qui

230 4018 302 4089 nissi
316 4018 472 4089 ssolssiist
487 4018 640 4102 “ederes
662 4033 697 4090 ²¹
712 4045 777 4114 90¹⁴
792 4042 898 4111 ⁰1³era
914 4022 1068 4093 V⁰l¹¹i⁸⁵⁰
1082 4026 1222 4096 ‘amri'
1274 4065 1442 4150 credunt,
1475 4061 1656 4138 Christum
1686 4093 1767 4140 vere
1791 4072 2072 4164 medicatorem,
2098 4085 2274 4153 veresal-

232 4119 282 4195 Ut
305 4121 441 4192 'ibidem
465 4118 600 4191 Paulus
623 4119 728 4208 dicit,
759 4122 886 4207 Israel,
920 4127 1086 4198 sectando
1109 4129 1222 4218 legem
1273 4179 1430 4236 mmm
1447 4189 1530 4238 em,

204 4222 410 4310 iusticias,
449 4224 494 4291 ad
525 4223 637 4313 legem
664 4225 823 4298 iustitiae
858 4248 932 4314 non
968 4231 1145 4318 pervenit;
1181 4244 1223 4303 'et
1312 4289 1315 4294 .
1701 4296 1704 4304 .

230 4320 409 4397 Christus:
435 4320 642 4396 Meretriees
664 4339 699 4398 et
720 4325 904 4422 publicani
925 4333 1137 4420 praecedent
1160 4356 1223 4404 vos
1502 4332 1583 4435 Qui
1606 4362 1680 4409 non
1706 4346 2039 4440 exsanguinibus,

191 4479 195 4492 ι
231 4441 297 4498 etc.
350 4422 402 4496 lta
424 4425 541 4506 vides,
581 4422 650 4496 hoc
673 4451 796 4519 urgere
822 4425 1010 4516 loannem,
1035 4447 1075 4552 ut
1099 4437 1223 4557 doceat
1377 4471 1606 4571 Nequevm
1628 4478 1989 4570 appellatioffliomm
2014 4501 2083 4573 m,
2106 4493 2273 4564 Μὰρ,

231 4527 333 4601 nullo
359 4549 506 4617 operum
530 4545 690 4620 respectu
713 4533 929 4601 eredendum
959 4555 1093 4606 essem
1117 4534 1223 4611 Chrs—
1273 4572 1433 4644 inefficax
1450 4589 1512 4650 es,-
1567 4575 1652 4650 [deo
1678 4581 1853 4674 sequitur:
1892 4583 2054 4676 Quium
2071 4597 2272 4684 mangni-

231 4625 448 4804 θὲῦῐέἆῠωΕῑ
479 4624 565 4699 hm
595 4631 639 4698 ‘¹⁰
667 4658 729 4719 ²⁰2
777 4635 874 4727 q⁰⁰d
904 4634 952 4704 δὴ
978 4633 1156 4726 ¹⁰3¹²⁸⁸⁰⁸
1183 4642 1221 4710 5¹¹
1274 4675 1392 4747 nibus.
1418 4675 1533 4750 Docet
1545 4680 1651 4768 enim,
1671 4684 1754 4776 quia
1771 4684 1835 4755 tilii
1850 4702 1933 4759 sunt
1950 4689 2012 4783 qui
2026 4692 2271 4782 crediderunt,

230 4758 290 4806 mu
547 4803 550 4813 .

1273 4791 1436 4869 oportere
1461 4794 1494 4851 et
1520 4783 1633 4869 nasei,
1667 4799 1701 4856 et
1724 4787 1807 4880 quia
1823 4787 1885 4882 qui
1902 4793 2097 4863 secundum
2126 4819 2270 4868 earnem

433 4859 621 4965 Quotquot
642 4871 773 4938 'autem
800 4882 1021 4970 receperunt.
1274 4879 1349 4950 nati
1368 4893 1468 4968 sunt,
1492 4885 1654 4956 noudum
1671 4883 1738 4958 lilii
1755 4885 1822 4960 Dei
1838 4905 1940 4979 suut,
1965 4893 2045 4964 ideo
2059 4919 2202 4969 neeesse
2217 4913 2270 4970 est

231 4979 256 5094 Ι·
331 5005 402 5078 Hie
417 4999 1011 5100 explicatsemel,opiufflmgeffi
1034 5034 1221 5099 ‘umam'
1272 4981 1678 5074 beriregeuerationem.
1729 4987 1957 5063 Potissimum
1983 4995 2102 5090 itaque
2126 4996 2269 5072 bicub-

231 5110 374 5201 exponit
387 5105 447 5202 η),
467 5129 531 5176 mr
547 5098 710 5175 Christus
725 5107 762 5177 in
779 5111 953 5181 mundum
970 5115 1125 5202 meri„
1152 5117 1221 5186 sci,
1272 5086 1450 5207 servabis,
1469 5089 1658 5210 perfidem
1683 5093 1823 5214 renasci·
1842 5095 1941 5215 lilios.
1994 5090 2086 5169 Cum
2106 5103 2187 5174 dico
2210 5129 2268 5173 re-

229 5210 422 5266 -4-
1272 5210 1389 5269 nascr,
1423 5189 1579 5278 significo
1596 5215 1695 5282 prius
1717 5196 1923 5268 mortificari
1941 5223 2082 5270 caruem
2100 5227 2180 5273 cum
2199 5229 2265 5275 suo

264 5307 312 5366 a)
331 5305 397 5356 rot.
416 5317 567 5370 masma,
979 5367 991 5374 ,
1243 5337 1248 5364 ,
1272 5289 1420 5372 lumine,
1447 5305 1480 5362 et
1498 5293 1627 5366 deinde
1646 5318 1780 5406 novum
1798 5293 1979 5371 hominem
1997 5307 2164 5376 renovari
2183 5307 2265 5392 lide,
