4590 5808
64 143 129 228 na
227 57 352 218 'xn
406 127 806 232 monasterus
824 128 894 219 ua
918 125 1201 221 matronas
1222 125 1287 228 ¹ns
1315 123 1502 214 avane.
1528 114 1813 240 numana
1979 133 2065 234 aar.

62 345 93 397 θ’
112 311 199 399 [3⁸⁰⁵
215 305 581 401 ”ilibfflfflm
596 329 702 402 w
723 301 925 390 Dominum
951 329 1025 387 une
1068 303 1136 386 sti,
1164 304 1296 398 quibus
1317 301 1357 385 in
1378 303 1491 400 ⁸3an
1514 301 1559 374 ad
1579 312 1739 378 montem
1758 300 1935 382 suerrum
1950 305 2057 380 disci-

60 438 154 498 stntsa
165 411 486 498 issumesisluutr
511 425 552 492 Ui
568 409 838 492 widem&
852 422 887 488 Gi
901 422 1019 486 elisio}
1069 405 1172 499 pulos
1187 399 1397 481 adhortatur
1412 407 1458 483 ud
1474 405 1709 494 Pituntium,
1733 403 1916 500 inquiemg
1943 401 2056 481 Ome

59 522 232 614 nucem,
254 543 362 614 “lm
376 517 546 596 “iii-'¹¹⁰¹
559 537 626 591 ¹¹⁰⁸
640 510 734 606 “iis
755 512 945 614 protecter
959 511 1015 590 itta
1068 531 1113 580 ne
1143 507 1284 582 intretis
1309 507 1346 578 in
1370 505 1636 590 tentationem,
1655 505 1693 578 id
1717 518 1787 590 est,
1821 529 1867 576 ne
1890 507 2055 582 diabolus

58 627 137 712 rari,
158 625 261 696 modo
274 645 355 698 vers
375 631 409 692 et
431 617 526 691 serio
549 617 754 694 inrorantes
776 613 892 708 ipsum
917 626 1016 706 peta·
1065 609 1216 682 excutiat
1238 607 1345 685 vobis
1363 607 1488 695 fidem,
1515 619 1550 678 et
1568 607 1696 680 avellat
1711 631 1776 680 cos
1789 631 1810 684 a
1823 603 1901 684 Deo
1917 634 1981 704 per
1996 613 2054 681 ῑῃ.
2102 671 2105 682 Α

57 750 120 798 runs
137 725 300 801 cnutum
320 735 355 796 et
375 717 669 812 wasnaum
691 715 873 802 distinam,
900 727 934 790 ct
950 715 1014 786 ab·
1066 712 1194 794 sidias,
1234 711 1464 802 imposturas,
1504 709 1709 802 praestigia,
1743 725 1850 808 arque
1877 715 2055 803 madal„

55 829 192 901 iiciaosos
204 823 402 912 sadelicts,
426 844 519 916 qnae
531 819 731 912 impediunt
753 816 1013 894 invocationem
1066 837 1157 908 quae
1173 811 1419 905 multipliciter
1434 809 1582 886 euitare
1598 824 1725 904 parere,

55 943 140 1022 uque
153 930 314 1020 prunum
326 922 591 1008 commertium,
614 944 679 994 nec
694 919 733 997 in
746 919 933 996 recantata
941 918 1013 1014 Cy.
1442 987 1450 1006 ι

55 1029 165 1122 clopica
195 1031 354 1102 furenter
381 1045 571 1120 pergamus
598 1021 790 1114 indulgere.
804 1044 844 1098 ug
868 1019 1013 1094 obedi„
1330 980 1408 1058 Sed
1420 979 1540 1056 abac
1554 1004 1622 1056 nos
1637 1005 1663 1056 o
1679 985 1794 1058 scole.

53 1131 196 1207 omnibus
207 1130 325 1228 pravis
342 1123 638 1206 inclinationibus
657 1135 695 1202 et
716 1121 853 1196 vitiosis
875 1121 1014 1216 cupidi·
1170 1115 1267 1192 Haec
1285 1131 1336 1190 est
1357 1117 1482 1212 petitio
1504 1116 1694 1211 generalis,
1721 1133 1756 1191 et
1770 1130 1940 1216 tanquam
1957 1123 2054 1195 elau.

54 1234 174 1308 “iiim
1066 1219 1162 1306 sula,
1187 1243 1277 1315 quae
1299 1221 1443 1316 quidem
1465 1219 1644 1314 aptissime
1660 1215 1822 1295 cohaeret
1839 1236 1874 1295 et
1889 1223 2055 1314 congruit

133 1331 182 1405 tu
198 1311 376 1408 Dominus
389 1327 464 1422 ipss
479 1324 566 1401 dicit
581 1319 780 1418 Apostolis:
806 1319 959 1416 Vigilate
979 1333 1014 1391 ct
1066 1347 1147 1394 cunr
1176 1323 1335 1415 proxima
1364 1323 1594 1414 praecedente
1622 1322 1805 1415 petitione,
1866 1321 2052 1398 Caeterum

52 1447 146 1520 orate,
176 1455 220 1506 rte
235 1429 375 1507 intretis
389 1429 428 1504 in
443 1427 687 1511 tentationem.
738 1423 846 1506 item,
880 1421 1013 1496 Paulus
1066 1447 1140 1494 non
1162 1424 1350 1517 loquemur
1371 1425 1442 1494 iam
1459 1426 1503 1494 de
1519 1417 1703 1510 Ethnicis,
1728 1421 1877 1512 Turris,
1903 1440 1938 1500 et
1953 1426 2053 1496 simi.

10 1544 11 1548 ’
52 1535 163 1628 inquit:
189 1531 390 1610 limbutetis
408 1543 587 1616 accurrate,
612 1552 688 1600 non
704 1539 746 1600 ot
759 1525 867 1612 latui,
891 1526 951 1595 sed
972 1539 1012 1598 nt
1064 1525 1160 1597 libus
1174 1525 1302 1617 impiis.
1334 1521 1384 1595 lli
1400 1523 1496 1596 enim
1511 1547 1586 1596 non
1600 1524 1801 1600 liberantur
1817 1549 1836 1596 a
1853 1527 1965 1613 malo,
1992 1529 2074 1598 sed

52 1638 216 1730 sapientes,
241 1635 294 1710 in
325 1631 454 1728 quibus
475 1627 572 1704 Dens
600 1629 705 1703 initis
734 1651 818 1702 snae
839 1627 928 1701 lucis
953 1650 1010 1698 ac·
1065 1641 1211 1698 manent
1224 1626 1384 1730 oppressi
1398 1627 1566 1720 peccatis,
1590 1625 1643 1698 ira
1660 1622 1745 1720 Dei,
1767 1629 1960 1722 tyrannide
1974 1629 2051 1700 dia.

52 1737 158 1810 csodit.
1064 1729 1158 1814 boli,
1182 1740 1219 1799 et
1238 1729 1391 1800 aeternis
1407 1727 1549 1820 poenis,
1574 1727 1649 1798 sive
1663 1727 1812 1800 floreant
1829 1729 1868 1799 in
1884 1725 1952 1801 hac
1967 1731 2053 1817 vita,
2157 1753 2168 1768 ⁸

129 1835 221 1912 Haec
238 1833 361 1910 omnia
381 1831 571 1924 diligenter
590 1829 692 1907 vobis
715 1829 922 1925 proponite,
947 1855 1012 1907 nec
1062 1831 1137 1901 sive
1147 1831 1344 1901 sustineant
1357 1851 1502 1922 magnas
1515 1829 1686 1905 miserias.
1736 1827 1785 1902 Ut
1798 1827 1927 1904 Caesar
1939 1829 2052 1902 Tibe-

52 1953 161 2030 sperate
174 1938 277 2012 istius
291 1935 481 2015 dissolutae
498 1933 590 2005 vitae
602 1931 828 2030 Cyclopicam
842 1933 1011 2004 securim·
1063 1933 1138 2002 rius
1159 1932 1317 2002 suaviter
1336 1931 1444 2018 vixit,
1469 1931 1538 2002 luit
1558 1953 1707 2022 magnus
1731 1945 1767 2002 et
1787 1946 1915 2025 potens
1936 1933 2051 2026 irnpe-

50 2052 104 2110 ten
123 2055 153 2114 et
177 2036 440 2122 temulentiam,
477 2035 556 2106 sine
577 2033 788 2108 tristissimis
811 2033 950 2111 casibus
977 2045 1012 2105 et
1062 2045 1178 2116 rator,
1209 2025 1336 2102 habuit
1363 2031 1482 2100 omnis
1511 2034 1648 2122 generis
1672 2033 1889 2125 voluptates,
1920 2035 2051 2127 polluit

50 2135 260 2214 humanarum
286 2137 530 2218 miseriarum,
568 2148 603 2208 et
631 2135 889 2212 diabolicarum
922 2133 1010 2204 insi·
1064 2157 1100 2202 se
1122 2132 1394 2204 confusionibus
1408 2131 1621 2219 libidinum,
1643 2133 1774 2204 iniuste
1788 2136 1920 2208 multus
1935 2135 2049 2206 iuter·

51 2243 163 2315 durum
179 2241 358 2315 abituram
375 2261 462 2314 esse,
513 2233 586 2308 Nec
602 2236 734 2310 lrnstrs
754 2231 841 2310 haee
859 2233 1010 2328 insignis
1059 2234 1153 2306 lecit.
1185 2231 1284 2303 ldem
1303 2246 1528 2328 posteaquam
1543 2248 1794 2321 consenuerat,
1819 2235 1957 2330 placide
1972 2238 2049 2307 sine
2175 2301 2183 2320 ,

51 2341 316 2420 ctmcmorabilis
333 2337 515 2430 sententia
529 2336 699 2409 inseritur
718 2333 906 2422 historiae,
928 2361 1008 2410 cnm
1060 2334 1229 2407 violentia
1243 2347 1406 2407 mortuus
1422 2348 1490 2424 est;
1523 2357 1588 2406 nec
1603 2348 1722 2406 tamen
1738 2335 1819 2412 ideo
1837 2352 2047 2409 consecutus

8 2429 9 2440 ¹
49 2439 197 2520 lsrailitae
215 2437 364 2518 choreas
389 2452 590 2512 exercerent
609 2438 742 2514 circum
764 2437 871 2510 vituli
891 2437 1011 2534 Aegy·
1058 2450 1110 2509 est
1132 2437 1378 2508 liberationem
1401 2460 1443 2508 er
1460 2435 1608 2508 summis
1624 2449 1659 2508 et
1674 2437 1827 2510 aeternis
1841 2437 1958 2524 malis,
1985 2438 2046 2510 sed

49 2549 178 2635 piomm
200 2543 401 2620 imitatione
423 2541 506 2614 lacti
526 2539 777 2624 simulacrum,
808 2538 872 2614 ubi
894 2551 1010 2614 textus
1058 2537 1165 2633 periit
1179 2537 1336 2610 abiectus
1349 2537 1388 2608 in
1402 2532 1620 2623 horrendos,
1645 2538 1892 2611 acerbissimos
1905 2551 2061 2628 et'serm

47 2648 126 2718 dicit:
149 2647 250 2722 Sedit
266 2644 420 2740 popolus
437 2643 652 2718 manducare
667 2641 860 2728 etbibere,
882 2654 917 2716 et
930 2664 1010 2712 sur·
1059 2641 1218 2736 piternos
1238 2639 1422 2712 eruciatus.
1490 2637 1733 2730 Quamobrem
1758 2637 1851 2716 nihil
1874 2637 1943 2713 hoc
1965 2641 2046 2714 loco

48 2749 115 2822 rarit
129 2751 260 2822 ludere.
1057 2744 1102 2812 de
1118 2736 1283 2814 Ethnicis
1304 2741 1474 2835 exemplis
1494 2741 1685 2812 dicendum
1710 2743 1789 2816 erit.
1839 2739 2045 2832 Quantum-
2088 2825 2091 2830 ,

123 2849 221 2924 Certe
243 2844 376 2920 horum
398 2858 598 2936 temporum
615 2843 740 2936 ingens
762 2854 814 2916 est
833 2840 1008 2917 moestitia
1057 2843 1112 2913 vis
1141 2841 1236 2912 enirn
1259 2837 1407 2913 Ethnici
1436 2841 1571 2915 solicite
1593 2841 1758 2936 sedeque
1780 2843 1949 2916 clemente
1982 2842 2044 2918 Ab

47 2946 72 3016 in
85 2953 179 3023 tantis
199 2946 388 3044 periculis,
413 2945 623 3040 et,pnblicis
645 2942 814 3026 miseriis,
840 2958 876 3016 et
891 2969 1005 3040 quan·
1058 2939 1212 3014 Domine
1231 2939 1330 3014 Deus
1354 2945 1452 3036 eripe
1478 2965 1545 3015 nos
1570 2967 1612 3014 ex
1634 2943 1801 3037 pauculis
1823 2959 1858 3017 et
1878 2945 2043 3034 miseriis,

45 3073 128 3142 quarn
156 3052 339 3122 iuniorum
361 3047 499 3118 animos
519 3071 594 3118 non
618 3045 722 3117 valde
742 3059 889 3130 movent
910 3045 1006 3116 aitfi-
1056 3059 1175 3118 lunen
1201 3043 1361 3138 ipsorum
1383 3047 1553 3117 clamores
1574 3057 1658 3117 sunt
1682 3041 1866 3118 horribilis
1889 3062 1925 3121 et
1946 3063 2043 3120 mera

45 3153 166 3230 cultates
178 3167 394 3242 temporum,
410 3160 444 3220 et
458 3147 683 3222 confusiones
698 3146 1007 3238 gubernationum,
1056 3146 1220 3231 coecitas,
1253 3145 1403 3242 ideoque
1433 3151 1558 3218 inanes
1585 3159 1620 3220 et
1650 3143 1771 3224 irritos
1797 3171 1872 3220 esse
1893 3149 2043 3222 minime
2129 3217 2136 3230 ,
2188 3181 2195 3190 ·

45 3263 138 3326 tanen
158 3255 316 3326 seniores
338 3251 376 3320 in
400 3261 497 3320 tanta
519 3272 637 3319 rerum
660 3246 824 3339 angustia
845 3245 1004 3318 tristissi-
1056 3247 1294 3319 dubitandum
1321 3264 1384 3319 est.
1442 3247 1523 3320 Non
1548 3249 1642 3318 enim
1663 3250 2040 3344 alloquuntur‚rerum

44 3352 154 3448 nisque
175 3375 374 3449 poenarum
395 3349 620 3440 spectaculis,
643 3363 678 3420 et
696 3347 929 3420 maximarum
945 3372 1004 3420 ca·
1054 3347 1190 3435 Deum,
1241 3348 1313 3420 imo
1351 3349 1465 3422 lilium
1503 3346 1572 3420 Dei
1610 3353 1834 3424 contumeliis
1870 3351 2040 3424 afficiunt.

43 3451 213 3529 lumitatum
238 3465 354 3536 metu,
395 3449 550 3540 profecto
574 3449 751 3524 debebant
780 3461 855 3521 tum
879 3473 1003 3521 excru-
1053 3449 1237 3522 Praeterea
1274 3473 1356 3520 curn
1392 3451 1456 3523 diu
1484 3449 1588 3521 anxie
1616 3449 1879 3538 clamaverunt,
1921 3469 2040 3526 tamen

43 3554 109 3626 cirri
127 3571 269 3650 propter
292 3549 470 3624 horrenda
494 3551 607 3650 bella,
634 3563 779 3643 propter
791 3549 1004 3623 vastationes
1052 3550 1910 3649 animitumultuantesactrepidantesdispatsnt,
1924 3551 2041 3631 Deum

41 3649 276 3742 Ecclesiamm,
303 3667 338 3726 et
354 3651 584 3745 imperiorum
609 3650 827 3738 collisiones,
852 3663 929 3724 tum
947 3654 1001 3723 al'-
1053 3675 1128 3722 non
1158 3675 1282 3724 curare
1313 3651 1483 3744 gemitui,
1512 3654 1704 3750 lacrymas,
1737 3657 1912 3729 clamores
1934 3657 2041 3728 iuvo-

41 3755 82 3826 ici
101 3761 184 3846 stris,
209 3775 317 3850 atque
339 3752 539 3826 domesticis
560 3750 846 3838 difficultatibus,
865 3751 1002 3846 inopia,
1051 3753 1226 3839 cantium,
1252 3777 1325 3825 non
1343 3757 1459 3828 valere
1472 3779 1538 3826 nec
1552 3757 1661 3850 recipi
1676 3779 1755 3829 suas
1770 3781 1911 3854 pecces,
1934 3759 2036 3830 idae·

41 3862 163 3944 morbis,
188 3858 395 3935 infelicitate
409 3853 616 3938 liberorum,
642 3855 932 3954 detrimentisque
945 3855 999 3956 la·
1050 3880 1120 3950 que
1136 3879 1209 3926 non
1225 3873 1423 3950 exspectant
1445 3851 1567 3930 aDeo
1588 3859 1770 3932 auxilium.
1821 3857 1942 3949 Quare
1956 3873 2038 3937 tan-

40 3963 202 4056 utrarum,
248 3973 290 4032 ut
321 3981 401 4030 cum
434 3955 661 4028 solicitudine
691 3957 737 4026 de
768 3956 932 4048 procellis
964 3970 999 4028 et
1049 3959 1130 4028 dem
1159 3953 1325 4028 horribili
1353 3957 1498 4032 fremitu
1525 3959 1729 4032 irascuntur
1756 3975 1791 4035 et
1818 3961 2038 4034 meledicunt

41 4067 193 4136 aerumnis
222 4055 430 4136 huiusmodi
461 4055 674 4150 contantes,
713 4069 748 4128 et
778 4057 815 4128 in
844 4056 998 4130 vitandis
1047 4055 1138 4144 Deo,

41 4163 173 4255 lapsibus
187 4163 317 4238 intenti
331 4159 445 4250 magis
462 4182 505 4228 ac
524 4156 788 4252 circumspecti,
812 4171 847 4231 et
861 4159 900 4228 in
916 4181 999 4252 pre·
1150 4157 1228 4234 Hoc
1242 4158 1353 4252 igitur
1367 4161 1445 4238 tero
1461 4173 1598 4236 tantum
1612 4164 1658 4234 de
1671 4161 1762 4236 vivis
1775 4185 1816 4238 ac
1825 4159 2035 4238 rerisChri·

41 4271 131 4336 raudo
145 4265 364 4340 ardentiores
378 4271 504 4332 essent·
553 4281 557 4288 '
1047 4263 1093 4338 sti
1107 4263 1291 4348 membris,
1314 4264 1431 4358 deque
1443 4263 1585 4362 piorum
1600 4287 1641 4338 ac
1652 4277 1855 4338 unctmum
1870 4267 2035 4342 afflictio-

117 4367 189 4442 llas
202 4369 320 4460 itaque
332 4383 452 4434 causas
466 4359 601 4452 publici
617 4361 736 4432 luctus
748 4371 780 4432 et
802 4360 998 4435 moestitiae
1048 4365 1155 4440 nibus
1172 4365 1279 4438 verba
1297 4363 1475 4442 iaciemus.

39 4469 252 4560 singrrlorurn,
277 4465 370 4538 serio
385 4485 584 4556 magnaque
599 4464 800 4534 animorum
816 4475 915 4536 motu
937 4487 997 4535 co-
1148 4461 1247 4538 Deus
1267 4461 1461 4540 Ecclesiam
1486 4488 1588 4542 snam
1610 4467 1758 4541 subiecit
1781 4469 1896 4556 croci,
1926 4471 2032 4542 adeo-

39 4571 179 4658 citaotes,
202 4573 395 4646 clamamus
410 4568 454 4635 acl
467 4563 583 4636 Deum
602 4564 640 4634 in
656 4557 722 4637 hac
736 4563 925 4654 petitione,
950 4588 996 4636 ne
1047 4573 1118 4659 qne
1139 4567 1276 4638 duriter
1297 4579 1450 4654 exercet,
1473 4580 1513 4643 ut
1536 4570 1596 4640 vis
1615 4571 1690 4641 ullo
1706 4585 1865 4661 tempore
1883 4595 1959 4648 nnn
1971 4597 2032 4642 ex-

39 4670 111 4746 sinu
125 4697 187 4746 uus
203 4663 360 4766 pertrahi
377 4667 572 4760 inlaqneos
587 4666 736 4746 diaboli,
757 4687 996 4742 necsuccum-
1043 4665 1206 4760 periatur
1231 4668 1293 4741 illa
1323 4667 1479 4760 insignes
1506 4693 1550 4741 ac
1572 4671 1786 4764 multiplices
1807 4669 2034 4758 calamitates,

38 4771 104 4846 hese
124 4777 249 4868 pravis
267 4768 583 4852 inclinationibus,
616 4791 682 4839 nee
710 4768 750 4838 in
780 4765 996 4858 superbiam,
1047 4771 1108 4840 sed
1130 4769 1222 4841 idem
1244 4781 1376 4844 tantam
1391 4771 1524 4842 molem
1539 4771 1758 4844 miseriarum
1776 4773 2032 4846 inaestimabili·

38 4871 161 4960 iamet,
189 4873 424 4964 &amissaque
446 4867 560 4944 nostri
579 4891 706 4953 ruera,
735 4891 800 4938 uec
821 4866 861 4940 in
883 4867 994 4942 tristi·
1045 4869 1204 4944 bonitate
1223 4873 1276 4942 sic
1297 4871 1435 4962 mitigat
1456 4885 1490 4945 et
1512 4873 1622 4959 lenit,
1643 4887 1684 4944 ut
1704 4873 1817 4970 aliqui
1832 4869 2031 4964 tarnenhn-¹

40 4974 151 5050 tien-rr
165 4974 444 5068 desperationem
461 4970 589 5062 ulmei,
616 4970 772 5045 oecaliis
788 4970 993 5045 tentationi·
1045 4971 1161 5082 minps
1181 4989 1346 5046 maneant
1366 4973 1408 5046 in
1430 4973 1500 5048 vita
1522 4973 1741 5068 superstites,
1768 4977 1898 5070 quibus
1913 4989 1945 5052 ct
1962 4977 2029 5050 bo-

40 5071 103 5162 ios,
123 5105 209 5174 quse
222 5079 354 5152 mulsae
371 5073 558 5167 rarusque
570 5085 674 5158 sunt,
699 5069 865 5166 opprimi.
1043 5095 1127 5149 nam
1151 5074 1390 5148 valetudinem
1410 5088 1447 5148 et
1462 5077 1592 5150 victum
1611 5075 1778 5170 largitur,
1803 5101 1875 5172 quo
1888 5077 2030 5154 labores

119 5179 236 5271 Quare
266 5175 499 5254 recitantibus
530 5176 638 5246 verba
670 5169 779 5254 huius
810 5173 992 5265 petitionis
1043 5174 1274 5250 cautionum
1296 5177 1466 5270 perferre,
1489 5201 1529 5248 ae
1551 5179 1683 5250 servire
1704 5194 1740 5250 et
1761 5179 1927 5270 prodesse
1945 5205 2029 5272 pos-

38 5295 120 5372 saepe
132 5284 246 5358 veniat
257 5283 297 5356 in
314 5290 467 5356 mentem
483 5275 659 5350 similium.
677 5269 989 5356 verborumcbri-
1041 5277 1114 5362 siut
1135 5279 1235 5364 stin,
1259 5279 1357 5359 iuxta
1375 5279 1508 5368 dictum
1526 5277 1676 5354 Psalmi:
1700 5279 1784 5354 Non
1800 5285 1932 5356 mortni
1949 5283 2028 5355 lau-
