4622 5818
243 161 317 236 sss
407 175 409 180 ·
612 127 632 208 Ἰ
838 147 965 234 rau.
992 153 1110 234 uus.
1135 157 1346 236 sorum
1371 152 1676 234 ursorum.
2189 163 2255 240 su

245 317 439 426 inspexeris
454 332 620 406 'animum
643 345 765 416 tuum,
798 331 936 404 ridebis
958 345 992 404 te
1014 330 1070 403 bis
1093 332 1231 405 duabus
1253 363 1257 374 ·
1278 331 1359 426 pori
1384 331 1499 418 victu,
1531 327 1708 426 hospitio,
1739 329 1965 419 defensione,
1997 331 2151 428 politiis,
2183 358 2256 426 pace

246 435 504 508 tentationibus
526 436 712 529 impediri,
742 457 788 506 ne
810 433 970 520 invoces,
996 434 1079 528 quia
1101 435 1232 525 cogitas
1280 430 1420 528 aliqua,
1444 450 1485 506 ut
1511 433 1654 506 educam
1669 433 1828 518 soboles,
1852 449 1888 506 et
1902 437 1969 505 coli
1986 437 2102 508 studia
2120 437 2258 528 possint.

247 549 284 608 te
303 537 490 628 indiguum
508 561 592 610 esse.
645 535 734 608 ltem
750 538 879 628 cogitas
893 534 1008 608 Deum
1027 560 1108 608 suos
1124 559 1232 630 quos·
1281 533 1367 606 ldeo
1387 549 1422 608 et
1444 536 1584 608 addidit
1604 530 1668 605 has
1691 535 1960 630 promissiones,
1992 551 2027 608 et
2052 531 2137 608 baec
2159 539 2257 608 bene-

129 687 131 696 ,
251 641 334 710 dam
356 640 517 732 elegisse,
533 629 578 712 'te
603 663 686 711 vero
708 640 851 732 negligi.
902 634 950 710 Et
973 640 1143 711 accedunt
1164 633 1234 708 buc
1280 637 1358 708 licia
1379 651 1532 730 praestat
1556 637 1673 722 Deus,
1709 639 1771 708 sed
1793 637 2015 711 mirabiliter.
2066 637 2147 710 Etsi
2172 641 2259 713 enim

250 735 407 812 bumana
424 755 647 832 argumenta,
673 743 755 836 quia
773 766 846 811 non
866 763 988 812 summ
1004 764 1103 838 pares
1118 742 1234 810 Abra·
1283 751 1459 830 grassator
1473 764 1612 832 semper
1626 739 1802 812 Diabolus
1816 741 1984 812 adversus
2000 735 2211 826 Ecclesiam,
2231 755 2259 813 et
2295 779 2296 820 ;

251 837 338 928 bae,
371 841 489 928 Eliae,
522 834 681 929 Elisaeo,
708 841 871 929 Danieli,
897 854 933 913 et
955 841 1150 928 similibus,
1175 865 1235 910 su·
1283 852 1367 913 sunt
1387 841 1520 914 assidui
1543 840 1718 913 tumultus
1736 841 1775 910 in
1792 845 1944 922 mundo,
1970 843 2101 937 quibus
2118 839 2259 912 humani

249 965 333 1015 mos
353 943 562 1028 imbecilles,
592 944 669 1016 sine
689 945 828 1036 magnis
848 944 969 1030 donis,
1001 943 1078 1014 aine
1099 944 1235 1014 autori·
1283 942 1421 1036 generis
1454 957 1592 1036 peccata
1629 942 1769 1013 assidua
1801 937 2025 1014 horribiliter
2053 946 2258 1034 puniuntur:

251 1059 341 1136 tate,
367 1046 451 1118 ideo
468 1045 597 1138 negligi
615 1071 681 1117 nos
698 1047 916 1132 iudicamus,
941 1059 976 1118 et
991 1047 1237 1138 desperatione
1283 1059 1402 1115 tameo
1425 1047 1520 1115 inter
1539 1040 1607 1116 bos
1627 1044 1801 1117 tumultus
1826 1059 1942 1117 servat
1962 1045 2060 1116 Deus
2074 1041 2260 1116 Ecclesiam

164 1237 168 1244 ¹
252 1150 403 1242 quadam
420 1149 617 1220 omittimus
633 1149 921 1222 invocationem·
1283 1168 1403 1231 suam,
1429 1159 1471 1218 ut
1490 1159 1641 1218 stantem
1661 1143 1961 1238 populumlsraiil
1985 1147 2025 1216 in
2050 1147 2141 1218 mari
2159 1149 2259 1218 rubro
2296 1143 2297 1208 ἒ

165 1301 168 1310 =
269 1281 292 1338 ’,
354 1263 424 1338 Sed
452 1261 511 1337 bic
536 1268 707 1340 debemus
730 1265 863 1338 intueri
886 1265 1015 1337 animis
1037 1263 1235 1338 doctrinam
1284 1249 1474 1324 ‘Willis
1506 1245 1846 1339 Elffln‘lffll’ffls
1872 1249 2260 1344 ²¹5²m⁸l³¹ll¹¹¹m⁰ffl·

252 1360 458 1458 Evangelii,
482 1392 573 1462 quae
596 1367 771 1469 praecipit
793 1370 839 1440 de
863 1368 949 1453 fide,
974 1369 1064 1440 sicut
1087 1370 1157 1439 iam
1179 1369 1235 1438 di.
1283 1351 1348 1421 bra
1383 1348 1624 1431 trucidentur,
1668 1361 1709 1420 ut
1747 1361 1866 1419 manet
1901 1348 2052 1421 Davidis
2090 1353 2260 1436 exercitus,

253 1483 348 1540 ctum
379 1481 439 1544 est,
491 1468 669 1542 Debemus
699 1471 804 1544 etiam
833 1470 964 1540 intueri
994 1466 1088 1540 hanc
1118 1466 1236 1542 Cana..
1284 1451 1420 1523 ellamal
1435 1452 1547 1546 aliqui
1563 1451 1693 1521 millies
1708 1451 2206 1542 praellanletlnlerficltlnlut'.

253 1593 378 1641 naeam
401 1572 624 1662 magistram,
655 1595 745 1667 qnae
768 1573 916 1644 refutata
938 1572 1169 1662 indignitate,
1201 1585 1235 1646 et
1386 1550 1452 1630 ¹¹¹·
1503 1552 1625 1625 Tertia
1643 1567 1830 1638 ‘mmm’
1855 1547 2002 1664 ‘libi‘
2019 1556 2260 1645 llfflffll³⁸l⁰⁰ii
2297 1619 2298 1648 t

252 1672 549 1773 particularitate,
587 1673 837 1760 ratiocinatur,
877 1675 1128 1765 promissione,
1161 1698 1236 1745 non
1282 1656 1434 1728 traditae
1457 1667 1560 1740 sunt,
1586 1669 1627 1726 ut
1647 1655 1721 1726 sint
1741 1653 1905 1726 exercitia
1925 1657 2008 1726 fidei
2024 1657 2260 1730 etinvoeatio-

116 1857 120 1865 ¹
253 1788 394 1846 tantum
416 1777 460 1846 ad
477 1771 585 1848 lsrael
606 1777 801 1868 pertinere,
828 1776 889 1846 sed
911 1775 1016 1846 etiam
1039 1777 1083 1848 ad
1104 1791 1236 1867 gentes.
1283 1759 1352 1834 ¹¹3³·
1420 1757 1510 1828 V¹¹¹l
1536 1755 1632 1828 ΒΝ*
1662 1779 1699 1828 ⁸0
1726 1756 1867 1848 ³8⁰⁰³⁰l
1899 1779 1964 1848 Pel*
1994 1758 2258 1862 lssv9⁰³ll⁰¹¹0ffi

253 1871 387 1961 Canes,
412 1877 548 1970 inquit,
574 1879 684 1948 edunt
707 1879 751 1948 de
772 1876 885 1948 micis.
940 1875 990 1948 lta
1007 1879 1153 1952 excitata
1167 1879 1237 1949 fide
1285 1860 1370 1932 ldw
1400 1861 1512 1931 mulla
1543 1860 1747 1952 Pfflpoffllls
1780 1881 1869 1952 ‘luae
1892 1862 2022 1930 ¹¹⁰⁸tle
2043 1859 2260 1930 invocatione

254 1977 420 2051 invocare
440 1976 555 2052 Deum
582 1978 622 2049 in
653 1977 833 2069 agnitione
861 1979 925 2048 lilii
956 1979 1031 2050 eius
1055 1981 1237 2050 debemus.
1284 1965 1507 2034 ssdm⁰¹¹²³⁰b
1568 1958 1657 2032 Vflll
1682 1983 1748 2032 ¹²⁰⁸
1776 1963 1821 2030 ²d
1852 1982 1888 2032 ὅθ
1915 1963 2123 2052 fflfllussffls
2152 1963 2259 2032 ‘ellim

99 2097 107 2162 “,
252 2077 301 2150 Et
323 2075 407 2150 baec
426 2077 512 2151 fides
534 2105 573 2153 ac
589 2080 766 2154 invocatio
784 2081 821 2150 in
838 2075 895 2151 bis
908 2080 972 2176 qui
985 2094 1094 2174 agunt
1110 2081 1236 2175 poeni·
1283 2089 1367 2136 0⁰¹⁸
1387 2089 1406 2134 ὃ
1429 2077 1501 2135 Μθ
1522 2085 1644 2134 mum
1664 2077 1791 2135 mlum
1809 2064 1939 2135 detersti
1955 2078 1991 2134 et
2007 2059 2157 2156 proiecti
2171 2065 2260 2135 vide·
2298 2063 2299 2102 ss

254 2181 421 2268 tentiam,
454 2196 504 2254 cst
530 2207 689 2255 summus
712 2182 828 2255 cultus
849 2179 936 2268 Dei,
968 2196 1002 2255 et
1024 2183 1236 2276 praecipuus
1283 2189 1383 2253 ’Μὴ
1416 2166 1508 2238 ‘leui
1527 2162 1644 2235 Dtvid
1675 2165 1807 2260 inqui&
1838 2163 1950 2238 Pater.
1970 2179 2008 2238 el
2034 2179 2149 2238 malet
2170 2169 2259 2236 ders·

253 2279 450 2370 Ecclesiae,
474 2286 565 2357 sicut
584 2280 643 2355 bic
665 2285 814 2357 dicitur:
841 2278 878 2355 0
896 2285 1025 2355 mulier
1039 2308 1166 2375 magna
1184 2299 1236 2360 cst
1282 2268 1389 2363 liquit
1405 2291 1482 2348 mes
1506 2263 1685 2336 D⁰misst¹⁸
1699 2283 1817 2350 aulem
1833 2269 1987 2360 ⁸¹1⁸tepll
2000 2291 2069 2342 me·

253 2384 339 2456 lidcs
360 2397 430 2459 tua.
481 2385 529 2458 Et
551 2381 643 2457 banc
663 2409 738 2459 non
760 2409 833 2458 esse
856 2385 1015 2472 irritam,
1040 2389 1100 2456 sed
1120 2387 1236 2480 impe·
1386 2365 1471 2442 llll·
1520 2365 2032 2469 Οὓθῡῑᾶἷῦθβθῑθῐῑᾶὃθῠὶῠῑ·
2070 2367 2260 2440 Hotdotssl
2299 2412 2300 2474 ι

230 2489 346 2559 ‘trare
363 2487 474 2574 bona,
500 2481 586 2558 baec
602 2487 675 2580 ipsa
693 2511 759 2558 vox
774 2501 938 2560 testatur:
964 2486 1045 2560 Fiat
1061 2487 1127 2560 tibi
1144 2489 1236 2562 sicut
1282 2471 1416 2543 dicium
1432 2465 1628 2544 Mill-⁶³
1654 2469 1824 2559 Quaerite
1847 2473 2002 2574 primum
2023 2494 2175 2560 “8⁰⁰¹ss
2191 2471 2258 2550 Dei,
2299 2481 2300 2528 ³

253 2590 316 2660 vis.
370 2577 1025 2681 luminati:p01322012005932152,'
1282 2588 1318 2646 et
1340 2589 1475 2646 caetera
1498 2571 1714 2644 adlicientur
1735 2573 1848 2646 vobis.
1902 2573 1972 2646 Sed
1997 2576 2152 2646 addatur
2166 2574 2258 2644 labor

352 2707 572 2802 proponitur
608 2734 692 2804 ergo
726 2709 830 2780 nobis
865 2709 906 2778 gn
938 2705 1007 2780 hoc
1036 2700 1233 2803 Evaggeppo
1282 2669 1452 2746 honestus
1468 2687 1502 2746 et
1515 2675 1644 2768 cuique
1656 2677 1871 2746 couveniens
1885 2675 1981 2747 iuxta
1997 2677 2226 2748 vocationem.

253 2813 453 2902 exemplum
476 2811 577 2896 fidei,
609 2813 794 2884 eluctantis
818 2836 859 2882 ex
882 2810 1097 2904 gravissimis
1118 2825 1234 2884 tenta-
1298 2879 1308 2899 ‚
1384 2775 1429 2859 v·
1480 2773 1671 2896 Qu⁰f¹¹⁰d⁰
1701 2777 1788 2848 Μ’·
1814 2780 2009 2852 ‘mimda
2038 2778 2085 2850 δὴ
2114 2777 2155 2848 5¹¹
2180 2775 2257 2870 Pili·

201 2941 203 2948 ·
251 2914 428 2999 tionibus,
468 2927 502 2984 et
531 2915 624 2985 bona
654 2914 895 3005 impetrantis,
935 2926 976 2984 ut
1003 2937 1070 2986 nos
1091 2938 1234 3008 quoquc
1282 2877 1632 2970 ²¹⁰¹¹⁰⁰⁰lp⁰l³l¹¹¹m
1648 2879 1840 2952 h⁰¹¹⁰f¹¹¹¹b
2300 2902 2301 2906 ’

252 3016 427 3086 discamus
448 3015 590 3086 vincere
608 3017 865 3104 diffidentiam,
898 3005 1049 3088 circitare
1068 3017 1173 3087 fidem
1198 3031 1234 3088 et
1313 3005 1315 3012 ¹
1382 2978 1544 3051 mmm
1563 2981 1832 3063 ⁸⁰l²¹¹d¹¹¹¹¹⁰⁵l⁹
1857 3001 1995 3071 “mil“
2009 2979 2257 3072 Ρθῑῖῑῖθῦἷθθῖ·
2300 3047 2301 3058 1

252 3116 525 3188 invocationem.
596 3115 670 3188 Nec
708 3112 877 3187 babemus
910 3116 1068 3188 minores
1099 3141 1233 3204 causas,
1281 3083 1457 3178 Vmidum
1475 3093 1647 3175 '‘imile“
1676 3081 1876 3203 ΡΐὸξῙῦῑθῐθ
1900 3083 2025 3202 fideus,
2057 3105 2130 3176 qua
2153 3081 2257 3201 credi·

1282 3207 1362 3258 mus
1393 3210 1458 3258 uos
1496 3200 1642 3278 propter
1668 3179 1849 3256 Christum
1889 3208 2001 3276 recspr
2029 3199 2062 3256 et
2094 3187 2256 3255 exaudru.

1283 3285 1360 3360 lmo
1381 3300 1422 3358 ut
1443 3283 1529 3360 haec
1553 3287 1640 3357 fides
1662 3287 1701 3370 io
1723 3288 1828 3360 nobis
1842 3287 2056 3358 accendatur
2071 3299 2108 3358 et
2125 3297 2255 3364 crescat,

1282 3389 1363 3460 ideo
1393 3401 1463 3460 tam
1490 3388 1610 3459 variae
1640 3404 1803 3461 externae
1834 3388 2055 3473 occasiones,
2098 3387 2256 3480 pericula,

1243 3515 1247 3526 ·
1282 3490 1491 3564 afflictiones
1517 3490 1718 3585 propositae
1744 3506 1838 3565 sunt.
1889 3489 2050 3561 Sciamus
2079 3513 2164 3582 ergo
2189 3489 2256 3582 pri-

1282 3615 1376 3665 mam
1398 3605 1433 3665 et
1453 3616 1627 3663 summam
1645 3593 1915 3686 promissionem
1928 3594 1972 3662 de
1985 3589 2203 3672 Mediatore,
2226 3601 2255 3658 et

1282 3697 1326 3767 de
1349 3693 1652 3780 reconciliatione,
1677 3719 1817 3788 semper
1835 3693 1942 3764 simul
1961 3693 2254 3786 complectendam

1281 3818 1366 3874 esse.
1426 3793 1599 3885 Quotidie
1626 3797 1736 3888 igitur
1763 3821 1842 3868 cum
1873 3797 1918 3865 ad
1948 3817 2106 3865 mensam
2140 3794 2255 3864 recitas

352 3895 396 3970 Iu
418 3895 485 3972 hac
500 3894 650 3972 historia
668 3891 754 3970 baec
768 3896 1024 3970 consideranda
1042 3912 1076 3973 et
1091 3899 1232 3972 discen·
1281 3895 1366 3968 baec
1388 3891 1510 3969 verba:
1538 3896 1668 3969 Panem
1692 3910 1853 3970 nostrum
1870 3897 2120 3992 quotidianum
2135 3899 2179 3967 da
2195 3919 2254 3964 no-

248 4005 291 4076 da
310 4015 404 4077 sunt.
950 3985 956 4010 ’
1280 4001 1335 4072 bis
1355 3996 1482 4092 hodie,
1508 4000 1592 4094 quia
1616 4023 1698 4069 mox
1721 4001 1893 4091 obstrepit
1914 3997 2104 4069 infirmitas
2127 4011 2252 4068 nostra:

351 4103 379 4180 l.
431 4100 630 4175 Discrimen
662 4101 759 4174 iuter'
787 4100 1037 4196 promissiones
1058 4101 1231 4197 derebus
1279 4103 1379 4174 Deus
1393 4114 1429 4173 te
1444 4101 1631 4189 indignum
1647 4127 1720 4172 non
1736 4103 1889 4188 exaudit,
1916 4117 1950 4173 te
1964 4124 2038 4171 non
2052 4101 2252 4173 vultdcleu·

208 4287 216 4294 ,
248 4206 418 4293 aeternis,
447 4207 553 4277 etde
583 4206 687 4276 rebus
714 4205 958 4297 praesentibus
981 4227 1230 4299 seucorpora·
1279 4226 1357 4274 sum
1387 4217 1449 4277 aut
1478 4206 1621 4274 alitum:
1656 4199 1714 4274 bic
1736 4204 1908 4274 intuenda
1934 4215 1984 4273 est
2009 4202 2195 4292 promissio
2214 4201 2252 4267 de

248 4307 352 4377 libus.
1280 4302 1443 4387 Christo,
1476 4320 1511 4376 et
1534 4307 1695 4378 addenda
1718 4306 1822 4389 fides,
1845 4307 1941 4400 quod
1964 4319 2109 4396 propter
2122 4303 2251 4375 Media-

349 4403 396 4482 ll.
423 4405 554 4496 ¹Quod
576 4429 713 4499 semper
731 4403 957 4499 promissioni
975 4408 1149 4502 corporali
1165 4411 1229 4480 ad·
1278 4422 1389 4479 torem
1412 4407 1626 4499 recipiamur
1648 4420 1681 4478 et
1704 4407 1945 4478 exarsdismur.
1999 4404 2081 4476 ldao
2104 4429 2183 4476 mox
2200 4427 2249 4472 se·

246 4511 361 4581 denda
383 4507 429 4580 sit
453 4509 611 4580 doctrine
635 4510 679 4578 de
701 4531 820 4591 cruce,
845 4509 901 4579 cui
924 4509 1078 4582 subiecta
1096 4525 1145 4582 est
1160 4507 1229 4583 Ec·
1276 4509 1414 4605 quitur:
1441 4507 1488 4580 Et
1503 4513 1641 4582 remitte
1657 4510 1761 4580 uobis
1776 4511 1894 4580 debita
1909 4521 2042 4582 nostra.

245 4611 348 4684 clesia
365 4625 508 4700 propter
522 4631 663 4691 causas,
688 4633 778 4704 quae
794 4609 879 4680 alibi
896 4611 1058 4683 recitatae
1070 4627 1165 4688 sunt.
1377 4609 1500 4684 Postea
1525 4613 1609 4682 fides
1630 4613 1690 4682 illa
1713 4612 1781 4683 tria
1802 4612 1948 4702 cogitet,
1972 4632 2064 4704 quae
2080 4631 2183 4702 supra
2199 4629 2248 4677 re·

346 4710 411 4784 lll.
463 4709 536 4786 Cur
549 4713 621 4784 sint
635 4713 783 4785 traditae
796 4712 1049 4806 promissiones
1062 4716 1225 4788 derebus
1275 4702 1415 4785 ceusui':
1441 4711 1557 4784 Deum
1575 4716 1700 4786 velles
1719 4738 1756 4786 se
1771 4715 1840 4805 peti
1859 4715 1951 4783 bona
1967 4713 2138 4804 corporis.
2175 4707 2246 4781 Pri·

233 4815 504 4909 'praesentibus,
524 4836 666 4906 nempe:
1274 4841 1393 4900 mum,
1417 4829 1458 4886 ut
1481 4818 1665 4888 credamus
1686 4840 1725 4886 ea
1747 4815 1827 4887 dari
1850 4813 2042 4900 divinitus,
2067 4837 2141 4884 non
2155 4823 2246 4905 pute·

342 4918 371 4991 1.
424 4913 471 4988 Ut
492 4928 685 4986 statuamus
703 4913 793 4986 baec.
805 4915 899 4986 bona
915 4938 988 4986 non
1004 4913 1113 4986 obiici
1129 4939 1223 5005 castr,
1273 4941 1352 5014 mus
1380 4917 1488 4989 obiici
1518 4943 1611 4989 casu.
1673 4917 1853 4991 Secundo:
1894 4915 1989 5005 Quia
2018 4914 2097 4987 vult
2125 4907 2245 4985 servari

239 5041 305 5090 nec
326 5019 444 5110 parari
466 5029 604 5091 tantum
625 5016 799 5089 industria
823 5011 995 5104 bumana,
1019 5020 1082 5091 sed
1100 5023 1223 5092 creda·
1271 5017 1465 5092 Ecclesiam
1489 5019 1528 5090 in
1554 5015 1620 5089 bae
1636 5022 1726 5107 vita,
1752 5019 1812 5090 dat
1825 5009 1977 5103 victum,
2002 5016 2245 5092 defensionem,

238 5142 318 5194 mus
331 5121 398 5194 Dei
412 5118 579 5192 beneficia
597 5141 680 5192 csse.
1120 5131 1126 5144 '
1271 5117 1424 5215 hospitia
1448 5120 1665 5194 mirabiliter
1682 5135 1749 5194 otc.
1808 5117 1932 5192 Tertio
1957 5117 2035 5191 vnlt
2056 5117 2194 5209 agnosci
2213 5127 2244 5184 ct

343 5218 389 5292 lt.
438 5220 570 5307 Carisa,
595 5244 675 5292 cum
690 5215 787 5292 Deus
803 5220 888 5292 velit
903 5219 942 5292 in
960 5213 1026 5293 bac
1042 5220 1221 5294 vitasem·
1269 5223 1339 5295 coli
1359 5225 1460 5296 Deus
1481 5217 1547 5294 hac
1566 5223 1810 5308 invocatione,
1836 5222 1917 5293 ideo
1941 5221 2072 5292 multas
2092 5241 2147 5289 res
2168 5239 2243 5310 pro·

233 5346 299 5416 per
318 5322 473 5417 aliquam
497 5345 570 5394 csse
591 5345 691 5396 suam
707 5317 924 5414 Ecclesiam,
949 5345 1040 5418 opus
1062 5336 1115 5400 sst
1137 5349 1218 5396 cor-
1268 5325 1406 5420 posuit,
1430 5347 1518 5422 quas
1538 5323 1722 5422 pedrola.
1774 5323 1863 5398 Vult
1884 5336 1920 5396 ct
1933 5319 2134 5395 confirmari
2147 5319 2241 5392 fidem

253 3243 359 3312 qoam
382 3212 467 3288 haec
489 3218 695 3304 cananaea,
719 3241 810 3313 quae
833 3218 970 3289 laborat
993 3221 1038 3288 de
1062 3219 1134 3306 lilia
1159 3244 1234 3307 sua,

250 3321 302 3390 sic
316 3333 351 3390 et
366 3343 435 3392 nos
449 3324 492 3392 de
506 3321 639 3393 nostris
654 3320 918 3394 necessitatibus
934 3321 1028 3393 etde
1042 3321 1207 3413 publicis.

480 3521 650 3618 Sequitur
671 3524 710 3596 iu
733 3538 830 3598 textu
851 3519 1003 3597 historia

251 3653 295 3730 de
320 3665 482 3759 quotuor
503 3655 673 3732 millibus
694 3646 907 3730 auditorem
930 3651 1094 3742 Christi,
1125 3666 1233 3731 sotu-

494 3768 659 3832 rotorum
675 3770 806 3859 septem
818 3759 989 3859 panibus.
