4620 5814
52 181 124 260 au
605 163 688 250 xrs.
726 161 1138 276 1ιιιιιοιιιιοιιιιε
1163 167 1217 246 ιιι
1241 159 1545 244 evasurus.

50 351 152 439 item,
176 349 304 425 Petrus
318 355 415 420 vetat
429 349 505 418 esse
519 339 921 450 Ιἂιλιιτριιιιπισκᾶπιιυς
939 345 1041 438 inge—

49 468 168 526 rentes
192 478 232 526 se
255 453 392 522 alienae
414 447 732 522 administrationi.
782 447 891 520 Acin
908 451 1039 540 guber-

49 557 197 626 natione
216 555 379 624 ridemus
398 563 573 646 quantum
592 543 688 621 cnali'
701 551 764 638 sit,
790 575 871 623 cam
893 565 1040 622 contur-

48 661 182 730 bantur
203 655 338 735 officie,
371 655 634 726 rumdoctores
653 649 891 725 Ecclesiemm
913 653 1040 724 volunt

49 782 171 850 regere
198 758 347 849 negocia
371 753 537 849 politice,
554 768 605 846 ,et
635 768 676 827 ut
706 749 965 847 Aristophanes
994 755 1040 825 de

50 859 185 934 Cicone
201 861 306 946 dixit,
331 859 481 930 alterum
495 857 621 947 pedem
638 851 773 929 habent
787 858 825 926 in
843 858 959 938 curis,
984 856 1039 926 sl-

49 978 164 1034 terum
189 962 230 1031 in
252 961 395 1044 castris,
428 955 504 1031 Aut
534 972 697 1038 econtra,
729 971 891 1050 potentes
911 958 1040 1029 volunt

3 1105 5 1110 ·
48 1063 231 1134 dominari
245 1059 424 1146 Ecclesiis,
442 1073 478 1132 et
492 1055 682 1152 religiones
697 1063 741 1130 sd
757 1083 818 1131 sna
835 1059 966 1130 iudicia
979 1058 1038 1129 in·

48 1169 210 1237 ilectunt.
261 1162 374 1255 Saepe
396 1158 483 1233 haec
513 1161 676 1233 contusio
706 1161 829 1234 nocuit
848 1157 1038 1236 Ecclesiae.

47 1265 115 1336 liic
127 1266 275 1360 utrique
289 1277 504 1336 moneantur
517 1264 612 1334 dicto
626 1261 743 1350 Petri,
766 1285 813 1334 ne
836 1264 908 1334 sint
930 1259 1037 1335 aitio-

48 1363 335 1462 cpsosns‘uaeanae.
384 1364 485 1447 ltem,
508 1361 671 1436 Christus
687 1365 803 1436 noluit
820 1363 964 1458 politica
981 1364 1038 1436 iu·

47 1471 139 1540 dicia
161 1489 342 1553 exercere,
375 1489 457 1537 cum
481 1465 631 1540 diceret:
660 1465 752 1558 Quis
774 1491 832 1538 rue
854 1466 1038 1540 constituit

46 1571 202 1642 iudicem
219 1569 413 1641 intervos?
497 1567 501 1576 '

145 1668 198 1745 Et
219 1693 423 1766 quanquam
445 1669 526 1763 pios
552 1670 646 1744 dicta
673 1671 865 1764 apostolica
896 1694 1050 1743 morere·

48 1775 197 1860 debent,
223 1787 264 1845 ut
282 1785 427 1865 propter
448 1769 565 1844 Deum
585 1783 764 1872 praestent
787 1773 826 1842 in
853 1773 1040 1844 vocatione

49 1874 310 1960 obedientiam,
333 1887 452 1944 tamen
475 1874 579 1945 etiam
599 1897 733 1968 poenae
755 1889 789 1946 et
810 1874 1038 1946 incommode

49 1999 141 2070 quae
164 1989 362 2070 sequuntur
388 1971 757 2074 πολυπραγμοσύνην
783 1991 954 2049 moneant
981 1999 1037 2046 ss·

51 2101 133 2158 nus,
156 2092 197 2149 ut
217 2101 294 2148 earn
317 2077 466 2168 fugiant.
517 2075 612 2168 Quia
634 2077 730 2149 Deus
748 2078 914 2169 promisit
936 2077 1037 2148 suxi-

50 2179 137 2250 lium
161 2181 207 2248 iis
230 2180 293 2273 qui
315 2179 353 2247 in'
378 2178 564 2249 vocatione
583 2180 761 2266 serviunt,
788 2178 878 2250 sicut
900 2178 1037 2250 dictum

52 2295 114 2350 cst:
140 2280 362 2354 Commendo
382 2276 538 2352 Domino
563 2281 656 2350 viem
680 2294 800 2365 tuam,
825 2296 862 2352 et
886 2281 960 2373 ipsc
981 2279 1036 2350 ta·

52 2383 124 2452 ciet.
177 2380 335 2454 Econtrs
360 2395 402 2453 ut
421 2375 586 2475 prohibet
610 2384 745 2453 irruere
761 2383 800 2452 in
819 2383 954 2453 alienas
969 2405 1035 2452 vo·

51 2477 413 2577 cationes‚·prohibet
437 2483 521 2553 item
547 2483 714 2554 fidu‘ciam
738 2484 904 2584 propriae
927 2481 1037 2554 indu·

1 2592 2 2597 ’
51 2587 151 2656 striae
167 2599 203 2656 et
218 2586 431 2677 sapientiae,
454 2583 503 2654 ita
515 2586 682 2657 destituit
703 2587 933 2678 suscipientes
948 2583 1036 2654 alie-

51 2709 91 2755 na
109 2702 239 2758 contra
255 2689 462 2757 mandatum
476 2682 555 2760 Dei.
605 2685 797 2780 Nunquam
820 2701 873 2758 est
893 2687 1035 2779 sapien-

50 2789 93 2858 tia
118 2789 207 2857 felix
243 2787 319 2856 sine
345 2785 434 2857 Deo.
494 2786 579 2858 ldco
606 2789 740 2859 dicitur
763 2789 803 2857 in
827 2788 1033 2860 Salomone:

46 2887 157 2959 Penes
183 2913 239 2958 me
259 2903 312 2960 est
336 2889 525 2959 consilium
557 2903 592 2960 ct
611 2913 799 2963 successus.
854 2887 904 2962 Et
928 2911 1035 2982 supra

47 2993 181 3063 dictum
204 3007 275 3063 ests
302 2989 384 3060 Non
407 3004 522 3081 potest
544 2987 652 3061 homo
673 2991 741 3062 sibi
762 2991 953 3086 quicquam
973 3013 1034 3062 su·-

47 3117 159 3176 mere,
185 3092 257 3161 nisi
277 3091 322 3162 sit
350 3092 383 3160 ci
404 3093 526 3162 datum
548 3094 710 3183 desuper.
762 3093 893 3164 Docuit
915 3106 1033 3164 autem

48 3191 272 3266 etEtlruicos
285 3193 515 3284 experientia,
543 3195 787 3264 confusionem
805 3193 1033 3265 vocationum

47 3297 281 3385 perniciosam
298 3309 334 3364 et
347 3291 530 3364 vitandam
551 3318 641 3365 esse:
675 3292 759 3366 ldeo
778 3296 823 3364 dc
842 3317 926 3366 cura
948 3317 1033 3384 pro·

47 3398 111 3486 prii
128 3395 437 3466 munerisdictum
450 3409 517 3466 est:
544 3395 708 3487 Spartam
727 3409 851 3466 nactus
868 3419 916 3481 es,
939 3388 1034 3467 hanc

47 3523 144 3569 orna.
203 3495 309 3568 item:
336 3493 456 3590 Eques
473 3499 630 3592 equitare
645 3495 783 3582 didicit,
809 3511 932 3570 cantor
946 3517 1032 3567 can-

46 3617 125 3677 tare.
182 3597 289 3671 ltem:
322 3594 433 3668 Aliud
450 3611 501 3669 est
516 3611 706 3689 sceptrum,
733 3600 831 3670 aliud
846 3601 1034 3692 plectrum.

141 3701 245 3774 Haec
266 3702 386 3769 omnia
408 3697 653 3794 complectitur
674 3703 835 3772 doctrina
860 3705 904 3770 de
927 3723 1033 3770 voca-

46 3803 154 3892 tione,
173 3807 227 3874 'de
245 3827 314 3896 qna
330 3797 552 3872 hicdicitur:
578 3800 638 3871 Tu
655 3825 712 3872 me
727 3825 885 3897 sequere.
923 3800 1033 3873 Prae-

46 3909 143 3998 cipue
153 3929 239 3986 vcro
255 3904 405 3975 sciamus
420 3899 513 3973 hanc
527 3905 734 3974 concionem
744 3905 943 3996 oppositam
957 3925 1034 3975 esse

46 4005 213 4081 humanis
229 4003 382 4088 indiciis,
400 4027 489 4098 quae
506 4017 652 4098 propter
666 4001 850 4076 dissimilia
866 4009 972 4092 dona,
998 4018 1034 4077 et

46 4112 235 4184 dissimiles
248 4105 476 4189 afflictiones,
503 4107 558 4175 vel
571 4108 615 4176 de
632 4106 853 4199 providentia
867 4105 948 4197 Dei,
976 4103 1033 4177 vel

46 4215 84 4284 dc
97 4210 213 4305 gratia
229 4209 405 4282 dubitant.
441 4206 602 4280 Sciamus
616 4229 690 4279 non
706 4209 788 4279 ideo
802 4232 868 4294 nos
886 4210 1034 4280 reiectos

48 4338 132 4401 csse,
164 4311 301 4385 etiamsi
326 4307 432 4379 donis
456 4333 578 4380 sumus
601 4308 788 4381 interiores
808 4333 915 4406 quam
932 4312 1032 4402 Apo-

46 4419 120 4489 stoli
143 4430 182 4487 et
202 4411 421 4504 Prophetae,
446 4413 507 4482 sed
528 4410 637 4482 simili
659 4410 730 4484 lide
750 4411 866 4485 Deum
889 4413 1034 4483 invoce-

46 4541 137 4604 mus,
164 4531 289 4588 eteam
310 4533 530 4585 exerceamus
545 4513 789 4608 unnsquisque
812 4515 851 4583 in
875 4539 940 4586 suo
963 4509 1034 4584 mi-

48 4619 210 4704 nisterio,
237 4630 273 4687 et
289 4615 474 4688 vocatione
488 4616 716 4710 quantumvis
736 4611 879 4686 humili.

110 4833 181 4932 Dc
213 4827 494 4950 conversione
524 4827 579 4954 lt.
605 4827 733 4956 Pauli
761 4827 972 4942 Apostoli.

334 4977 494 5052 Historia
515 4982 689 5057 Actorum
704 4986 753 5062 s.

93 5129 236 5206 Saulus
252 5138 375 5201 autem
391 5123 517 5201 adbuc
528 5125 681 5226 spirans
698 5113 824 5206 minas
840 5141 872 5205 et
889 5125 1032 5206 eaedem

147 5235 185 5306 in
212 5228 415 5330 discipulos
436 5229 614 5315 Domini,
649 5235 798 5307 accessit
820 5231 876 5307 ad
892 5234 1033 5335 princi&

143 5359 220 5434 pem
244 5331 494 5423 sacerdotum,
522 5343 554 5405 et
573 5333 678 5432 petiit
704 5335 755 5409 ab
789 5357 828 5410 eo
856 5337 1033 5438 epistolas

2009 149 2089 230 442

1193 325 1430 412 Damascum
1462 355 1586 410 uersus
1620 325 1678 402 ad
1707 349 1943 425 synagogas,
1981 333 2021 398 ut
2050 327 2087 396 si

1194 467 1287 543 quas
1303 439 1496 511 invenisset
1512 430 1626 506 leuius
1642 431 1744 517 viae,
1770 429 1867 500 viros
1887 453 1931 500 aa
1951 425 2084 500 mulie-

1196 570 1269 633 res,
1294 543 1431 614 cinctos
1447 535 1586 610 duceret
1601 534 1640 606 in
1654 528 1874 604 Ierusalem.

1141 639 1238 724 Cum
1262 655 1384 718 autem
1405 647 1474 715 iter
1519 645 1652 722 areret,
1676 634 1830 735 sactum
1852 641 1923 720 est,
1950 642 1988 704 ut
2011 657 2082 728 ap-

1193 751 1457 848 propinquaret
1526 761 1692 824 amaseo,
1726 745 1759 807 et
1782 733 1906 807 subita
1928 736 2082 808 circum-

1184 847 1404 952 sulguraeit
1426 869 1505 918 eum
1528 842 1598 916 lua
1622 837 1665 912 de
1693 833 1809 919 coela,
1835 845 1867 907 et
1892 833 2080 934 collapsus

1194 957 1235 1024 in
1266 962 1420 1037 terram,
1451 942 1595 1020 audivit
1636 963 1751 1012 vocem
1787 933 1961 1010 dicentem
1988 937 2080 1008 sihi.-

1194 1052 1310 1142 Saul,
1342 1048 1460 1138 Saul,
1492 1043 1585 1148 quid
1606 1066 1661 1114 me
1679 1040 1929 1141 persequeris?
1960 1037 2080 1110 Dixit

1193 1166 1330 1227 autem:
1357 1149 1456 1250 Quis
1478 1173 1515 1221 es
1531 1145 1718 1220 Domine?
1743 1140 1935 1215 Dominus
1956 1149 2080 1212 autem
2140 1241 2147 1250 ῃ

1194 1255 1312 1329 dixit:
1339 1254 1428 1350 Ego
1446 1275 1529 1325 sum
1550 1247 1676 1330 Iesus,
1702 1269 1807 1345 quem
1830 1255 1870 1316 tu
1891 1267 2081 1344 perseque-

1155 1345 1161 1359 ’
1196 1360 1270 1448 ris,
1304 1353 1437 1430 durum
1461 1363 1512 1424 est
1534 1351 1605 1425 tihi
1626 1358 1754 1422 contra
1771 1345 1943 1418 stimulos
1966 1343 2081 1418 calci-

1192 1469 1304 1537 trare.
1331 1458 1386 1530 Et
1403 1469 1557 1530 tremens
1567 1477 1611 1526 as
1625 1445 1968 1552 pavefactusdixit:
1993 1443 2081 1518 Do-

1194 1563 1306 1649 mine,
1330 1557 1426 1662 quid
1438 1583 1494 1631 me
1509 1551 1728 1658 vissaeere?
1751 1549 1806 1622 Et
1820 1549 2011 1623 Dominus
2027 1545 2081 1618 ad

1194 1689 1294 1737 eum:
1320 1665 1458 1760 Surge,
1485 1670 1517 1733 et
1543 1652 1732 1756 ingredere
1747 1653 1949 1742 civitatem,
1973 1660 2004 1723 et
2020 1645 2079 1720 di-

1192 1777 1290 1840 cetur
1304 1763 1391 1850 tibi,
1418 1759 1513 1865 quid
1523 1771 1555 1834 te
1574 1763 1738 1860 oporteat
1746 1757 1887 1858 facere.

1143 1865 1236 1948 Viri
1251 1877 1373 1940 autem
1392 1867 1460 1968 qui
1479 1861 1756 1937 comitabantur
1777 1885 1877 1946 eum,
1903 1861 2079 1928 steterunt

1189 1970 1352 2054 attoniti,
1377 1965 1568 2042 audientes
1582 1959 1728 2065 quidem
1745 1985 1872 2052 vocem,
1898 1955 2080 2030 neminem

1191 2081 1313 2144 autem
1330 2068 1500 2142 videntes.
1550 2063 1724 2138 Surrexit
1738 2073 1860 2136 autem
1872 2058 2017 2132 Saulus
2034 2055 2079 2128 de

1189 2183 1308 2257 terra,
1334 2172 1542 2273 apertisque
1565 2165 1681 2240 oeulis
1702 2166 1799 2247 suis,
1825 2161 2003 2234 neminem
2024 2159 2078 2228 ai-

1188 2271 1307 2346 debat.
1358 2273 1543 2346 Ducentes
1560 2279 1681 2341 autem
1702 2287 1781 2337 eum
1797 2290 1934 2346 manu,
1959 2263 2078 2333 intru-

1186 2367 1372 2450 duxerunt
1387 2375 1634 2448 Damascum.
1684 2365 1840 2470 Etprat
1856 2363 1975 2437 trihus
1999 2353 2078 2432 die-

1189 2477 1258 2549 hus
1281 2499 1354 2551 non
1380 2474 1523 2566 uidens,
1548 2485 1580 2549 et
1607 2496 1681 2545 nan
1701 2467 2077 2563 mendaciumque

1189 2577 1296 2657 bibit.

1135 2676 1236 2754 Erat
1251 2692 1372 2756 autem
1387 2671 1541 2782 quidam
1558 2673 1764 2776 discipulus
1776 2669 1983 2752 Damasci,
2010 2691 2079 2738 nu·

1187 2783 1284 2856 mine
1305 2783 1491 2860 Ananias.
1547 2781 1602 2852 Et
1624 2778 1724 2854 dixit
1744 2776 1799 2852 ad
1819 2775 1930 2848 illum
1955 2771 1995 2841 in
2020 2769 2077 2838 ci-

1185 2887 1288 2960 siune
1311 2885 1519 2959 Dominus:
1548 2881 1713 2960 Ananis.
1743 2879 1841 2953 'llle
1858 2883 1978 2948 aulem
2000 2870 2076 2942 ais:

1187 2986 1283 3059 Ecce
1296 3013 1362 3086 ego
1370 2987 1544 3063 Domine.
1568 2985 1760 3059 Dominus
1775 2991 1896 3056 autem
1909 2971 1963 3048 ad
1978 2997 2074 3044 eum:

1187 3088 1325 3185 Surge,
1353 3088 1444 3162 vade
1465 3093 1504 3162 in
1527 3087 1661 3175 uicum,
1684 3089 1751 3190 qui
1776 3091 1924 3157 uocatur
1945 3085 2075 3192 rectus,

1187 3200 1219 3263 et
1239 3209 1372 3293 quaere
1399 3192 1438 3263 in
1470 3187 1724 3265 domu‘Iudae
1747 3184 1901 3260 Saulem
1926 3197 2075 3252 nomene

1183 3283 1425 3382 Tarsensem,
1450 3319 1521 3367 ecee
1543 3292 1765 3374 animarat,
1792 3295 1824 3360 et
1841 3281 1933 3360 cidit
1958 3280 1997 3352 in
2020 3278 2076 3349 ei-

1183 3397 1287 3468 sione
1316 3398 1433 3468 airum
1457 3393 1649 3466 Ananiam
1674 3393 1821 3466 nomine
1848 3383 2016 3469 introire,
2042 3387 2078 3449 et

1186 3497 1367 3596 imponere
1381 3497 1457 3570 sibi
1471 3505 1645 3584 manum,¹
1669 3505 1708 3570 ul
1726 3495 1842 3567 uisum
1858 3485 2022 3586 recipiat.

1133 3595 1342 3700 Respondit
1364 3609 1486 3674 autem
1511 3585 1705 3673 Anaa'tas:
1730 3593 1913 3678 Domine,
1944 3581 2077 3660 audiui

1185 3727 1210 3772 a
1233 3702 1362 3776 multis
1384 3701 1426 3776 de
1441 3705 1519 3776 cieo
1538 3699 1623 3793 tac,
1654 3710 1798 3803 spuunta
1820 3691 1926 3768 mata
1941 3685 2074 3792 fecerit

1182 3806 1325 3878 sanctis
1341 3807 1414 3880 tuis
1429 3805 1469 3880 in
1485 3804 1705 3880 Ierusalem.
1735 3801 1789 3874 Et
1806 3795 1868 3870 hic
1881 3790 1992 3866 habet
2007 3813 2077 3905 pa:

1185 3917 1350 3980 testatem
1363 3934 1388 3981 a
1402 3910 1634 4011 principibus
1645 3901 1875 3980 secerdotum
1892 3884 2075 4007 uincienda

1187 4032 1329 4094 omnes,
1361 4011 1427 4111 qui
1435 4013 1616 4084 invocant
1636 4033 1766 4082 nomen
1789 4015 1905 4074 tuum.
1952 3992 2072 4113 Dixit

1187 4121 1310 4183 autem
1333 4110 1486 4184 adeum
1508 4113 1715 4187 Dominus:
1743 4100 1869 4189 Vade,
1894 4119 2074 4198 quoniam

1186 4211 1334 4286 electum
1358 4241 1422 4286 aas
1445 4221 1497 4287 est
1520 4210 1618 4288 milei
1632 4214 1716 4298 istc,
1741 4216 1780 4279 ut
1802 4209 1919 4304 portet
1942 4219 2074 4313 nomen

1185 4335 1304 4386 meum
1329 4340 1451 4388 eoram
1469 4315 1641 4415 gentibus
1665 4326 1696 4388 et
1728 4305 1892 4406 regibus,
1926 4313 1957 4375 et
1971 4296 2076 4396 fiius

1186 4414 1324 4493 [Smil-
1376 4419 1465 4516 Ego
1485 4421 1581 4493 enim
1607 4412 1797 4492 ostendam
1820 4405 1901 4495 illi,
1930 4409 2074 4504 quantu

1186 4529 1349 4618 oportent
1360 4543 1439 4593 eum
1451 4545 1521 4622 pra
1534 4523 1679 4595 naariae
1694 4541 1772 4589 meo
1783 4507 1879 4613 pati.

1136 4617 1240 4694 Abiit
1258 4635 1380 4696 autem
1399 4623 1592 4715 Ananias,
1622 4633 1655 4696 et
1671 4617 1836 4694 introivit
1853 4611 1893 4683 in
1911 4605 2071 4685 domum,

1185 4734 1218 4797 et
1234 4728 1422 4823 imponens
1445 4731 1480 4800 ei
1502 4749 1655 4810 manus,
1677 4719 1805 4795 dixin
1820 4712 1921 4794 Saul
1934 4711 2073 4830 frater,

1185 4823 1377 4902 Dominus
1399 4831 1501 4903 misit
1524 4855 1596 4919 me,
1628 4827 1708 4928 qai*
1723 4817 1901 4923 apparuit
1932 4814 2001 4886 tide
2031 4833 2072 4927 ep

1187 4931 1268 5019 uia,
1296 4955 1371 5033 qua
1395 4933 1583 5021 veniebas,
1615 4941 1654 5003 ut
1678 4925 1804 5001 videas
1826 4914 2073 5016 et=implearcs

1186 5031 1228 5112 S.
1242 5045 1383 5112 sancto.
1419 5035 1475 5108 Et
1491 5033 1683 5137 confestim
1699 5023 1907 5104 deciderunt
1924 5016 1973 5090 ab
1989 5041 2074 5088 aca-

1188 5134 1237 5210 lis
1258 5138 1356 5231 eius,
1384 5149 1786 5240 tanquam‘squamae,
1810 5125 1997 5222 visumque
2018 5144 2074 5190 re-

1186 5247 1285 5338 cepit.
1340 5240 1396 5312 Et
1419 5239 1584 5314 surrexit
1605 5257 1657 5312 'ae
1685 5234 1898 5332 baptizatus
1921 5243 1984 5312 est.
2017 5231 2073 5306 Et

1187 5363 1266 5415 cum
1280 5343 1473 5445 accepisset
1488 5337 1605 5418 cibum
1616 5363 1639 5435 ,·
1651 5339 1884 5441 confortatus
1898 5345 1962 5416 est.
