4590 5808
264 137 338 216 stt

269 308 333 380 etsi
351 317 446 376 metu
462 302 711 396 perturbatur,
735 313 854 372 tamen
879 298 918 369 in
939 295 1006 370 bac
1024 301 1260 394 promissione

269 409 422 483 retinere
444 406 662 490 libertatem,
695 403 846 496 ideoque
866 402 1073 474 electionem
1097 426 1171 474 esse
1194 429 1259 476 vo-

271 503 477 588 luntariam.
529 503 587 578 Ad
611 527 716 601 quam
738 527 819 574 curn
841 504 985 574 accessit
1009 499 1078 575 hoc
1100 505 1261 576 terribile

272 610 480 694 vinculum,
500 606 632 680 scilicet
652 606 912 686 iuramentum,
946 628 1169 699 nequaquam
1199 630 1261 698 pa-

870 111 995 204 ruit.
1021 108 1379 206 nun.'sca1et³a
1405 115 1709 206 caesariem

1616 305 1678 376 Ass
1700 303 1820 377 liceat
1843 306 2000 382 tarmei

1717 435 1772 509 lte
1795 453 1901 512 textu.
2004 398 2037 426 '⁴

1416 600 1598 678 Hactenus
1627 605 1695 682 bae
1721 611 1891 686 materiae
1910 613 1951 682 in
1974 615 2109 686 duabus
2130 605 2280 704 pmsimit

273 715 345 785 ctio
365 711 444 783 talis
461 709 578 795 irrita,
600 708 660 777 sed
678 706 793 798 reipsa
814 729 898 777 vero
924 720 958 776 et
978 707 1182 780 voluntario
1205 707 1263 778 iu·
1313 707 1516 798 propositae
1548 711 1802 799 concionibus,
1855 716 2079 786 mediocriter
2110 716 2283 806 explicam

274 826 435 884 ramento
448 809 579 880 sancita
595 822 629 879 et
641 807 848 881 confirmata
864 829 937 878 esse
951 807 1137 879 iudicetur.
1190 805 1263 880 lta-
1313 819 1417 892 sunt,
1435 808 1634 884 uidelicet:
1671 811 1770 902 Quid
1795 816 2119 912 sitiuramentum‚
2150 831 2276 908 atquae

275 915 438 1011 quesciat
447 911 547 1005 isqui
564 908 795 980 iureiurando
810 905 915 980 fidem
930 909 1129 992 adstrinxit,
1146 907 1261 980 Deum
1311 909 1565 999 promissiones
1582 913 1705 1004 ,reipsa
1727 914 1800 986 sint
1822 916 2037 996 iuramenta,
2063 917 2185 1009 quibus
2199 919 2275 987 obli·

243 1045 246 1052 ’
276 1016 367 1086 velle
390 1028 430 1085 ut
451 1011 557 1084 saciat
581 1011 755 1095 iuratum,
779 1031 845 1078 nec
861 1011 981 1082 eludat
996 1011 1167 1101 promissa
1184 1012 1263 1083 vio·
1314 1022 1444 1098 gantur
1459 1013 1706 1088 conscientiae.
1756 1015 1804 1088 Et
1825 1041 1915 1111 quae
1936 1019 2128 1090 iuramenta
2150 1018 2214 1086 sint
2235 1019 2276 1088 ir-

276 1117 408 1188 latione
425 1111 628 1187 iuramenti.
694 1109 776 1181 Non
794 1109 887 1181 enim
904 1111 1054 1182 dubium
1072 1125 1142 1196 est,
1174 1113 1263 1206 quin
1314 1112 1402 1195 rita,
1426 1135 1493 1181 nec
1506 1136 1627 1186 revera
1643 1115 1716 1186 sint
1731 1117 1943 1192 iuramenta.
1995 1116 2098 1190 Nunc
2119 1118 2275 1190 enarrabi-

276 1219 329 1288 ira
344 1215 411 1287 Dei
437 1214 567 1285 saeviat
588 1210 713 1304 poenis
735 1212 978 1303 corporalibus
992 1211 1031 1281 in
1041 1211 1263 1286 'redimentes

277 1319 434 1411 periurio
454 1315 642 1416 pecuniam
660 1313 716 1385 vel
731 1314 852 1386 vitam.

381 1449 484 1520 Hanc
506 1441 612 1542 quam
637 1443 783 1519 recitavi
806 1471 925 1516 veram
948 1447 1160 1519 sententiam
1179 1446 1264 1516 dili·-

279 1569 402 1646 genter
427 1553 651 1626 mementote.
718 1547 789 1620 Sed
809 1561 849 1619 ut
869 1548 1040 1620 libentius
1063 1573 1103 1619 ac
1126 1549 1264 1640 saepius

277 1655 449 1729 memoria
465 1651 650 1744 repetatis,
673 1651 756 1722 volo
772 1645 1071 1752 vobishistbriam
1085 1649 1213 1720 dicere.

300 1867 304 1876 ¹
383 1787 541 1877 Quidam
580 1785 637 1856 vir
673 1783 808 1856 nobilis
849 1784 1022 1878 equestris
1055 1783 1195 1854 ordinis
1226 1785 1265 1853 in

280 1888 450 1978 Francia,
475 1885 587 1960 hostis
608 1899 683 1958 erat
704 1885 844 1958 Suevici
866 1884 1037 1969 foederis,
1073 1885 1105 1955 is
1126 1885 1266 1956 aPrin-

281 1994 358 2084 cipe
368 1989 530 2060 Palatino
546 2001 668 2080 captus
682 1981 871 2058 iuramenti
884 1988 962 2056 loco
978 1987 1058 2056 data
1072 1987 1153 2073 lide,
1181 2007 1266 2058 con-

280 2093 434 2164 firmavit
449 2113 486 2160 se
500 2093 543 2162 ad
559 2089 655 2160 diem
670 2087 906 2164 constitutum
924 2088 1124 2158 rediturum
1147 2089 1192 2158 ad
1212 2089 1267 2159 lo·

281 2217 361 2266 cum
383 2194 615 2282 designatum.
667 2187 748 2278 Qua
772 2189 848 2279 lege
869 2211 932 2262 seu
953 2189 1159 2261 conditione
1182 2204 1267 2261 tunc

281 2297 431 2367 liberato
455 2295 750 2394 statimspotestss
772 2289 861 2360 lacta
877 2303 950 2374 est,
975 2313 1055 2360 cum
1072 2291 1197 2376 vellet,
1221 2293 1266 2361 ad

190 2443 198 2455 ·
282 2420 366 2466 suos
388 2393 575 2467 redeundi.
625 2384 704 2464 Etsi
727 2401 846 2462 autem
870 2384 1023 2473 babebat
1046 2393 1266 2482 exploratum

281 2493 360 2576 bic,
386 2495 448 2586 qui
463 2495 567 2564 fidem
588 2514 686 2562 suam
702 2491 941 2589 obligaverat,
966 2491 997 2562 si
1014 2490 1110 2562 iusta
1126 2506 1266 2584 pactum

283 2597 483 2667 revertisset
497 2597 542 2666 ad
564 2593 658 2667 diem
679 2594 946 2686 praestitutum,
976 2615 1051 2663 non
1074 2596 1182 2682 modo
1199 2593 1266 2666 Pa-

275 2698 432 2774 latinum
449 2695 650 2789 Principem
667 2695 840 2789 optimum
861 2694 1049 2776 autoritate
1070 2717 1132 2766 sua
1155 2697 1268 2768 inten-

256 2853 259 2859 ι
283 2822 459 2870 cessurum
478 2800 598 2885 fuisse,
622 2821 668 2866 ne
683 2818 809 2867 manus
825 2794 895 2885 ipsi
908 2795 1084 2867 violenter
1095 2796 1267 2868 afferren-

283 2905 361 2987 tur‘,
386 2903 445 2970 scd
472 2903 577 2970 etiam
601 2899 640 2968 in
665 2921 767 2969 causa
787 2895 899 2989 ipsius
919 2898 1087 2969 daturum
1111 2921 1267 2989 operam,

282 2991 324 3071 ut
344 3002 514 3092 depositis
528 2999 748 3083 inimiciciis,
779 3021 922 3090 aspare
945 2999 1148 3083 conciliate,
1181 3023 1267 3071 con·

273 3103 503 3187 ditionibus,
533 3122 640 3195 quam
660 3097 739 3172 fieri
763 3111 897 3190 posset,
935 3100 1157 3193 serpsissimis
1177 3102 1267 3172 diri·

282 3217 464 3273 merentur
493 3201 662 3295 utrinque
694 3200 969 3287 controversias,
1008 3212 1128 3272 tamen
1161 3203 1265 3272 fidem

275 3305 601 3397 ¹iusiurandumque
631 3303 831 3394 negligens,
876 3301 1047 3394 promissa
1074 3325 1149 3374 non
1177 3304 1270 3391 lecit,

282 3429 406 3474 verum
420 3406 520 3476 brevi
536 3420 694 3504 tempore
711 3417 790 3495 post
805 3427 880 3474 uon
895 3404 1019 3494 procul
1040 3425 1061 3472 a
1081 3405 1171 3474 valle
1185 3403 1266 3486 loa·¹

283 3501 453 3592 chimica,
488 3506 657 3596 plumbeo
680 3505 807 3596 globo,
849 3527 891 3576 ex
919 3505 1113 3576 bombarda
1141 3507 1268 3578 emisso

284 3607 448 3678 traiectus
471 3607 580 3690 obiit,
627 3607 719 3678 iusto
741 3604 813 3676 Dei
837 3605 972 3676 iudicio
992 3627 1140 3697 poenam
1166 3608 1268 3705 luens

283 3711 440 3798 periurio
456 3708 611 3798 diguam.

385 3845 499 3913 Porro
516 3839 611 3932 Papa
627 3836 813 3912 Romanus
835 3837 872 3907 in
895 3838 972 3908 inre
997 3839 1187 3922 canonico,
1222 3843 1266 3911 de

283 3945 492 4016 iuramentis
513 3943 549 4010 vi
572 3941 732 4023 extortis,
758 3941 920 4031 perplexe
941 3941 1120 4034 loquitur,
1146 3965 1186 4009 ae
1207 3965 1266 4010 re.

282 4047 449 4118 teratorie
480 4045 572 4116 ludit
601 4038 857 4134 sophismatum
887 4041 1093 4130 praestigiis.
1165 4041 1265 4112 Alibi

283 4149 378 4217 enim
396 4149 494 4218 iubet
510 4159 624 4218 astute
646 4169 745 4227 eum,
780 4142 840 4234 qui
858 4156 955 4214 metu
973 4145 1103 4212 lractus
1121 4140 1265 4224 iuravit,

283 4263 400 4336 petere
423 4248 680 4319 absolutionem
703 4269 722 4312 a
746 4243 933 4322 Pontifice,
980 4258 1014 4313 et
1034 4237 1099 4312 hac
1122 4245 1263 4314 absolu·

282 4351 380 4418 tione
394 4351 479 4420 dicit
496 4350 611 4440 ipsum
629 4345 809 4414 liberaris
829 4343 1002 4434 religione
1022 4345 1263 4416 iurisiurandi.

1316 1234 1395 1282 mus
1410 1224 1565 1296 textum,
1591 1217 1693 1288 cuius
1708 1213 1795 1288 baec
1806 1233 1892 1292 sunt
1908 1221 2033 1292 verba:

1369 1358 1459 1457 Ego
1483 1359 1710 1437 aulem'ds'co
1733 1363 1851 1437 vohis:
1892 1391 2046 1464 prorsus
2070 1389 2141 1435 non
2169 1363 2275 1454 iurata,

1416 1486 1528 1562 neque
1542 1467 1608 1562 per
1621 1462 1777 1553 coelum,
1802 1491 1914 1568 neque
1926 1492 1993 1565 per
2008 1465 2139 1540 terram
2154 1475 2209 1544 etc.

1420 1611 1474 1682 Es
1488 1609 1556 1683 boc
1570 1614 1664 1684 dicto
1673 1609 1926 1706 Anabaptistae
1941 1630 2181 1690 exstruxerunt
2192 1639 2274 1686 suun

1318 1712 1410 1783 illud
1427 1713 1594 1787 delirium
1602 1766 1618 1803 ,
1646 1738 1721 1786 non
1745 1716 1851 1788 licere
1866 1712 2078 1792 Christianis
2091 1717 2196 1788 ullum
2209 1720 2275 1786 dare

1318 1813 1585 1900 iusiurandum,
1616 1831 1651 1890 et
1668 1810 1733 1887 hac
1749 1819 1956 1910 quaestione
1970 1820 2098 1912 passim
2112 1821 2275 1891 turbarunt

1318 1916 1482 1988 seditiose
1502 1917 1644 2008 politica
1667 1917 1810 1990 vincula
1832 1919 1871 1988 in
1893 1920 2106 1993 civitatibus.
2154 1917 2275 1990 Constat

1319 2017 1413 2086 enim
1436 2019 1676 2090 iuramentum
1691 2041 1770 2090 ¹esse
1792 2022 2021 2114 praecipuum
2043 2017 2213 2092 vinculum
2232 2021 2275 2088 iu·

1318 2118 1494 2190 diciorum
1510 2134 1545 2192 et
1559 2122 1698 2192 ordinis
1711 2121 1868 2212 politici,
1893 2125 1985 2196 sicut
2008 2122 2169 2194 usitatum
2188 2134 2233 2190 est
2247 2121 2274 2186 in

1319 2221 1444 2315 quavis
1470 2223 1746 2313 gubernatione,
1784 2223 2009 2313 magistratus
2030 2222 2212 2316 postulare,
2245 2233 2276 2288 ut

1319 2321 1476 2414 subditi,
1509 2345 1571 2393 seu
1601 2324 1693 2395 cives
1724 2323 1845 2396 iurent
1864 2347 1901 2396 se
1923 2325 2062 2418 legibus
2081 2325 2274 2413 obtempere-

1319 2436 1429 2501 turos.
1450 2419 1521 2495 *Et
1536 2424 1574 2494 in
1591 2426 1671 2494 loro
1687 2423 1967 2498 dirimendarum
1985 2423 2274 2499 controversiarum

1319 2545 1440 2608 causa,
1471 2546 1573 2617 saepe
1592 2525 1794 2596 decurritur
1809 2552 1871 2612 eo,
1904 2543 1944 2600 ut
1967 2530 2025 2600 vel
2047 2552 2067 2598 a
2088 2523 2275 2614 magistratu,

1320 2623 1377 2695 vel
1413 2625 1592 2697 iudicibus
1632 2626 1800 2717 litigatori
1833 2628 2082 2702 iusiurandum
2115 2625 2274 2696 deleratur.

1320 2723 1422 2796 Talia
1456 2727 1653 2798 iuramenta
1693 2729 1820 2800 ordine
1859 2730 2008 2822 politico
2047 2738 2185 2812 sanmta,
2227 2719 2273 2814 qul

1318 2826 1464 2900 damnat
1478 2841 1512 2900 et
1527 2829 1720 2920 improbat,
1745 2853 1791 2900 an
1815 2854 1888 2900 non
1909 2833 2007 2904 idem
2029 2829 2186 2904 seditiose
2207 2846 2270 2892 ner·

1320 2952 1382 2999 vos
1397 2929 1512 3002 civilis
1526 2932 1701 3003 societatis
1715 2931 1865 3002 incidit?
1885 2927 1889 2934 ’
1993 3021 1996 3028 Ι

1422 3029 1662 3120 Quamobrem
1690 3031 1796 3122 paulo
1819 3032 2028 3123 diligentius
2048 3029 2223 3112 attendite,
2244 3035 2273 3092 ul

1320 3146 1412 3202 recte
1427 3132 1568 3204 discetis
1583 3135 1780 3224 intelligere
1793 3145 1927 3207 textum
1941 3135 1980 3204 in
1993 3128 2182 3206 Mattbseo.
2226 3125 2274 3196 Li·

1319 3249 1402 3325 quet
1428 3235 1523 3304 enim
1546 3235 1783 3326 perniciosum
1807 3257 1962 3307 errorem
1986 3233 2273 3327 Anabsptistarum

1319 3357 1361 3402 ex
1378 3330 1441 3406 bar
1461 3337 1601 3408 inscitia
1624 3350 1659 3407 et
1674 3337 1860 3429 coecitate,
1887 3351 2057 3430 tanquam
2080 3337 2124 3406 ab
2144 3335 2209 3426 ipso
2226 3347 2275 3396 ct·

1320 3433 1392 3524 pite
1405 3437 1562 3509 actonte
1579 3461 1722 3534 manare
1738 3452 1842 3531 atque
1858 3437 1964 3524 oriri,
1986 3429 2089 3533 ¹quod
2110 3449 2143 3508 et
2155 3446 2274 3527 prorant

1318 3535 1483 3625 ignorant
1505 3538 1695 3609 discrimen
1712 3539 1815 3628 Legis
1836 3553 1871 3610 et
1884 3535 2093 3630 Evangelii,
2117 3551 2148 3608 et
2164 3528 2273 3620 doctri·

1317 3660 1399 3708 nam
1434 3652 1616 3730 tantopere
1641 3641 1868 3710 necessariam
1894 3653 2075 3733 tamquam
2101 3639 2274 3710 saturano,

1317 3739 1542 3830 pertinaciter
1560 3741 1707 3812 auribus
1724 3741 1902 3812 stanimir
1920 3742 2123 3816 excludunt.

1416 3837 1579 3912 Christus
1593 3856 1708 3914 sutem
1733 3842 1770 3910 in
1793 3837 1861 3912 boc
1884 3843 2002 3936 capite¹
2022 3866 2097 3914 non
2119 3829 2274 3942 constituit

1318 3940 1491 4030 politiam,
1516 3967 1581 4014 nec
1596 3945 1640 4014 de
1655 3942 1808 4030 negociis
1824 3945 2069 4024 vocationum.
2094 3941 2153 4012 sed
2166 3939 2204 4006 de
2218 3955 2275 4021 prt-

1316 4055 1394 4110 vata
1420 4043 1590 4136 cuiusque
1612 4044 1786 4114 munditie
1811 4045 1987 4136 loquitur,
2028 4069 2069 4115 ac
2090 4039 2224 4114 seorsim
2244 4031 2272 4096 in

1317 4143 1606 4236 interpretatiope
1623 4144 1707 4233 legis
1721 4156 1889 4238 tanquam
1907 4145 1944 4214 in
1962 4145 2097 4216 iudicio
2112 4139 2194 4222 Dei,
2215 4135 2273 4203 sin·

1315 4243 1477 4332 gulorum
1497 4246 1602 4314 corda
1615 4245 1748 4334 argerit,
1781 4259 1920 4315 ostensu
1933 4249 2098 4336 peccato,
2131 4243 2273 4326 iubetque

1316 4367 1379 4412 nos
1397 4343 1600 4415 interiorem
1625 4346 1906 4428 immunditiem,
1932 4347 2153 4430 futilitatem,
2182 4354 2209 4410 et
2231 4337 2274 4401 in·

281 4449 379 4518 Alibi
395 4452 481 4519 dicit
496 4450 578 4520 talia
596 4460 693 4538 pacta
718 4446 916 4515 iuramento
937 4445 1070 4515 sancita
1093 4441 1262 4516 servanda
1313 4430 1474 4516 ordinata
1490 4445 1655 4518 incendia
1672 4447 1790 4517 cordis
1805 4441 1953 4518 humani
1966 4469 2168 4539 agnoscere:
2200 4439 2273 4506 sicut

281 4575 365 4626 esse.
424 4547 520 4622 Haec
552 4549 701 4619 varietas
730 4547 999 4638 responsionum
1014 4549 1147 4615 ‚terebat
1178 4571 1261 4616 ron·
1314 4546 1418 4634 paulo
1432 4561 1515 4617 ante
1532 4552 1576 4616 de
1590 4551 1643 4618 ira
1664 4549 1812 4628 iniusta,
1838 4562 1872 4618 et
1889 4549 2044 4620 flammis
2065 4541 2220 4618 adulterii
2240 4535 2273 4647 '5¹¹

280 4653 454 4724 scientias.
506 4651 575 4724 Sed
592 4671 664 4722 non
687 4647 904 4718 immorabor
919 4641 1003 4718 huic
1020 4647 1260 4734 disputationi.
1312 4649 1417 4718 eorde
1438 4649 1667 4721 contionatus
1688 4662 1750 4720 est.
1817 4650 1871 4719 Ac
1892 4650 2009 4719 statim
2038 4664 2157 4741 postea
2185 4641 2270 4710 dicit:

220 4836 223 4847 Ι
279 4753 464 4827 Caeterum
480 4754 524 4822 de
537 4765 717 4844 praetextu
732 4748 965 4820 absolutionis
978 4747 1180 4840 pontificiae
1197 4752 1262 4819 bo·
1313 4746 1391 4820 Non
1406 4748 1555 4822 resistite
1570 4753 1685 4837 malo,
1710 4746 1906 4844 prohibens
1922 4752 2094 4842 privatam
2116 4741 2271 4837 cupidita·

281 4881 348 4927 nae
363 4868 497 4924 mentes
513 4854 739 4938 erudiantur,
774 4850 988 4939 impietatem
1012 4871 1085 4919 esse
1105 4863 1260 4920 etserro-
1311 4863 1378 4920 tem
1396 4851 1583 4924 vindictae.

275 4983 350 5027 rem
368 4954 662 5028 contumeliosum
678 4966 799 5024 contra
814 4943 948 5034 Deum,
972 4952 1069 5044 quod
1084 4949 1178 5041 Papa
1191 4952 1259 5020 sibi
1410 4949 1505 5022 Haec
1525 4951 1617 5025 dicta
1633 4975 1705 5022 non
1724 4951 1920 5048 loquuntur
1934 4956 1979 5024 de
1994 4950 2137 5044 politico
2151 4943 2270 5020 ordint,

276 5063 401 5131 sumsit
413 5055 635 5130 autoritatem
650 5053 859 5124 absolvendi
872 5045 1048 5136 homines,
1071 5074 1117 5122 ne
1131 5053 1261 5125 faciant
1309 5075 1373 5124 nec
1393 5065 1523 5123 certam
1544 5055 1762 5144 corporalem
1783 5056 1943 5147 politiam
1966 5053 2197 5128 constituunt,
2220 5043 2269 5112 tell

277 5161 447 5250 promissa
462 5157 620 5248 legitimo
637 5157 848 5226 iuramento.
898 5147 995 5224 Haec
1017 5153 1177 5248 breviter
1192 5148 1259 5226 bne
1307 5166 1391 5225 strnt
1415 5153 1603 5224 conciones
1623 5156 1878 5245 poenitentiae,
1902 5168 2087 5248 arguentes
2109 5159 2268 5258 precatusn

275 5243 354 5330 loco
372 5259 550 5330 monuisse
564 5257 649 5343 satis
662 5257 718 5328 sit
1308 5255 1345 5322 in
1361 5252 1584 5344 singulorum
1599 5256 1776 5332 cordibus.
1827 5257 1964 5332 luteres
1977 5257 2063 5330 sinit
2077 5251 2170 5326 Deus
2184 5247 2267 5322 ordt·
