4616 5818
264 147 341 233 267
854 135 982 212 ruta.
1009 135 1125 214 uun.
1151 135 1365 218 sennua
1391 141 1689 224 uxuuunoa.
2106 235 2110 242 ,
2218 157 2280 233 asa

189 319 192 324 ’
268 318 375 393 nobis
397 313 584 388 obiiciunt·
633 305 737 382 Ceste
759 303 831 382 hoc
846 308 1073 384 'confessione
1096 311 1258 384 omniurn
1311 314 1409 412 Ergo
1431 320 1495 414 qni
1518 343 1594 393 non
1618 334 1703 394 sent
1728 321 1767 392 iu
1792 345 1941 398 mmero
1967 337 2187 416 vocstotnm,
2219 354 2282 402 non

270 429 447 500 sanorum.
463 412 687 496 conceditur,
718 424 915 502 pugnantes
946 435 1026 484 cum
1047 407 1259 504 Evangelio,
1312 421 1523 494 sunteteesi.

273 534 348 596 oon
373 542 449 592 esse
464 517 621 610 membra
634 509 831 593 Ecclesiae,
856 514 930 584 sive
947 529 1117 586 vocentur
1133 515 1258 586 Ponti·
1414 521 1547 615 Magna
1563 519 1648 598 haec
1664 540 1715 600 „a
1731 528 1941 600 eonaolatio,
1976 526 2048 600 Nee
2062 531 2107 600 da
2128 532 2279 602 ,lectione

273 627 372 709 lices,
387 622 461 692 sive
476 616 664 718 Episcopi,
679 616 752 684 sive
767 615 887 697 aliter,
903 616 1127 708 quiaPaulus
1140 631 1260 710 aperte
1312 623 1389 696 sine
1414 626 1600 700 vocatione
1623 629 1764 720 cogites.
1815 627 1874 698 Illi
1897 643 1981 703 sunt
2002 631 2122 716 electi,
2145 633 2205 726 qui
2228 659 2281 704 vo-

268 727 375 799 dicit:
402 722 442 795 si
463 721 543 815 quis
555 718 654 789 aliud
668 713 902 807 Evangelium
925 719 1086 802 docebit,
1111 714 1260 792 anatho-
1312 727 1381 798 cati
1409 725 1673 821 amplectuntur
1694 755 1816 808 vocem
1841 729 2048 822 Evangelii,
2080 745 2113 804 et
2129 747 2201 804 eam
2216 759 2280 804 non

268 854 327 900 ma
342 827 399 902 sit.
451 823 532 894 Non
548 834 648 890 erant
663 818 772 908 igitur
787 820 943 890 membra
958 815 1156 906 Ecclesiae,
1176 819 1259 892 Cai-
1310 828 1487 901 abiicinut
1506 832 1553 900 ad
1573 845 1779 904 extremum.
1830 829 2103 904 Meminerimus
2125 858 2203 925 ergo
2223 831 2281 906 hoc

269 927 378 1023 phas,
402 925 627 1004 Sacerdotes,
649 916 849 1001 Pharisaei,
868 919 1060 1008 saducaei,
1087 936 1121 994 el
1136 946 1260 994 omnes
1312 930 1463 1013 dictum,
1488 930 1589 1021 Quos
1610 934 1735 1024 elegit,
1760 930 1827 1005 hos
1848 948 1883 1004 et
1904 935 2061 1006 vocavit:
2089 951 2124 1008 et
2144 939 2281 1008 vocatio-

270 1033 353 1115 alii,
370 1028 572 1118 quicunque
588 1023 844 1102 dissentiebant
860 1046 878 1092 a
896 1019 1052 1099 Christo.
1078 1023 1149 1097 Sed
1159 1038 1260 1096 erant
1312 1057 1392 1103 uem
1411 1035 1720 1122 magnifaciamus,
1746 1037 1843 1130 qnod
1859 1033 1927 1107 Dei
1941 1038 2126 1109 voluntate
2140 1041 2183 1108 ad
2197 1040 2282 1128 agni·

269 1130 447 1213 Ecclesia,
478 1124 663 1209 Christus,
690 1121 833 1205 Maria}
861 1120 1027 1213 Apostoli
1056 1139 1090 1196 el
1119 1126 1260 1222 reliqui,
1312 1134 1445 1205 tionem
1461 1133 1649 1227 Evangelii
1664 1139 1810 1208 adducti
1825 1137 1955 1225 simus,
1982 1152 2017 1210 et
2037 1139 2140 1210 illum
2161 1155 2282 1210 coetum

268 1234 333 1330 qui
347 1230 630 1302 assentiebantur
642 1223 849 1316 Evangelio.
877 1224 938 1298 Sic
955 1227 1078 1300 definit
1093 1222 1162 1298 hoc
1179 1229 1257 1300 loco
1313 1247 1517 1308 vocatorum
1540 1239 1691 1310 sciamus
1714 1262 1789 1310 esse
1802 1263 1920 1309 veram
1934 1237 2004 1312 Dei
2021 1235 2228 1326 Ecclesiam,
2249 1243 2280 1310 in

269 1331 433 1410 Christus
449 1329 654 1403 Ecclesiam.
704 1323 754 1399 Et
770 1347 853 1396 oves
876 1351 957 1398 eum
979 1343 1197 1422 sequuntur,
1225 1343 1279 1400 et
1311 1363 1383 1431 qno
1408 1361 1487 1409 cum
1505 1339 1565 1410 liat
1586 1342 1725 1414 'vocatio
1748 1341 1933 1426 docendo,
1959 1355 2043 1412 sunt
2064 1343 2216 1414 ministri
2236 1367 2282 1412 re-

270 1447 467 1529 agnoscunt
497 1454 618 1500 vocem
652 1429 736 1502 eius.
802 1431 908 1500 Item:
947 1429 1040 1501 Novi
1075 1455 1189 1523 meos,
1224 1444 1260 1501 et

196 1557 200 1568 ·
270 1559 441 1630 agnoscor
466 1556 487 1602 a
509 1532 610 1604 rucis.
667 1527 717 1601 Et
736 1529 881 1600 deinde:
909 1531 984 1603 Vos
1006 1555 1081 1602 uon
1102 1532 1258 1614 creditis,

211 1667 215 1675 ·
270 1641 353 1738 quia
368 1635 541 1707 nonestis
556 1658 598 1702 ex
613 1633 740 1703 ovibus
752 1631 851 1716 meis.

369 1739 452 1812 Scio
468 1735 647 1806 moderata
671 1734 813 1824 ingenia
837 1733 941 1803 valde
962 1735 1099 1827 moveri
1123 1736 1258 1806 autori-

269 1857 340 1916 tate
369 1839 525 1911 nominis
548 1833 746 1926 Ecclesiae,
780 1847 814 1904 et
843 1835 1046 1906 ordinariae
1066 1837 1259 1928 potestatis.

271 1940 322 2017 Ut
335 1956 451 2014 autern
474 1940 574 2033 pium
596 1947 648 2006 est
669 1957 787 2006 amare
812 1949 847 2006 et
861 1939 1023 2010 vene-rari
1039 1957 1171 2008 nomen
1189 1935 1259 2009 Ec-

271 2045 414 2130 clesiae,
440 2043 488 2113 ita
512 2057 650 2110 necesse
672 2052 725 2108 est
746 2038 900 2122 discere,
923 2063 1013 2131 quae
1028 2041 1074 2112 sit
1089 2063 1171 2110 vera
1188 2036 1258 2110 Ec·

272 2147 394 2231 clesia,
417 2144 515 2216 acde
529 2140 660 2212 visibili
675 2142 818 2234 loquor:
846 2153 938 2212 certe
961 2164 1050 2234 quae
1070 2141 1160 2230 gerit
1182 2141 1259 2212 bel·

270 2251 346 2321 lum
364 2271 444 2319 cum
459 2240 673 2334 Evangelio,
699 2264 921 2334 nequaqnam
947 2256 999 2314 est
1024 2241 1259 2314 'visibilisEc-

271 2351 397 2436 clesia,
426 2361 466 2419 ut
481 2357 617 2417 constat
632 2365 674 2412 er
691 2343 813 2413 multis
829 2343 1043 2413 testimoniis
1059 2341 1259 2433 Evangelii,

271 2455 345 2524 imo
369 2464 403 2521 et
417 2446 618 2520 Canonum.
669 2444 710 2516 si
732 2457 895 2514 movetur
912 2445 1052 2516 animus
1072 2446 1259 2516 autoritate

271 2568 343 2625 tam
367 2547 508 2621 honesti
531 2568 712 2616 consessus
732 2546 977 2636 episcoporum
1002 2559 1036 2616 et
1061 2547 1259 2624 doctorum,

271 2655 334 2751 qui
349 2655 486 2724 decreta
503 2649 655 2732 iaciunt,
679 2659 720 2718 ut
742 2647 1010 2740 circumferatur
1032 2660 1069 2718 et
1093 2650 1262 2718 adoretur

271 2754 394 2850 panis,
425 2767 465 2825 ut
481 2749 613 2832 mortui
634 2751 846 2820 invocentur
861 2763 925 2821 etc.
942 2750 1053 2839 magis
1077 2762 1262 2819 moveatur

273 2856 330 2930 his
359 2857 482 2928 dictis:
523 2851 651 2940 Eugite
680 2850 940 2934 idololatriam,
979 2848 1062 2920 Non
1084 2846 1262 2922 habebitis

271 2963 356 3032 deos
377 2958 523 3028 alienos.
556 2952 656 3042 Quid
669 2952 822 3023 alienius
837 2965 888 3022 est
904 2954 950 3020 ab
962 2949 1138 3048 Ecclesia,
1155 2977 1261 3047 quam

272 3061 389 3156 primo
411 3069 598 3157 praecepto
629 3054 762 3124 bellum
787 3053 967 3122 indicere?
996 3049 1262 3126 Exhorrescunt

111 3243 116 3254 ,
191 3245 195 3260 Ι
272 3163 324 3256 pii
339 3158 423 3232 haec
439 3158 643 3249 cogitantes.

283 3306 287 3314 ·
373 3259 466 3332 Cum
480 3272 595 3331 autern
613 3279 753 3330 necesse
774 3254 819 3327 sit
836 3256 994 3350 singulos
1012 3281 1085 3327 esse
1103 3259 1262 3328 membra

272 3362 471 3446 Ecclesiae,
487 3385 552 3432 nec
566 3362 660 3431 salus
675 3358 721 3430 sit
735 3373 831 3431 extra
847 3354 1062 3444 Ecclesiam,
1087 3359 1261 3430 discamus

273 3489 392 3540 veram
407 3480 440 3535 et
454 3465 593 3534 firmam
607 3461 805 3536 doctrinam
828 3462 873 3530 de
887 3457 1066 3545 Ecclesia,
1093 3460 1179 3555 qnid
1206 3461 1262 3544 sit,

272 3583 309 3641 et
321 3567 387 3639 ubi
400 3569 461 3639 sit:
488 3579 523 3636 et
539 3586 605 3634 uos
621 3564 757 3634 adeam
774 3563 951 3632 constanti
975 3578 1114 3655 pectore
1133 3563 1262 3632 adinn-

272 3691 412 3762 gamus,
437 3683 472 3740 et
491 3665 600 3736 simul
621 3687 701 3734 cum
718 3686 757 3732 ea
776 3661 891 3732 Deum
915 3664 1121 3734 invocemus
1148 3679 1182 3735 et
1205 3689 1263 3735 ce·

273 3773 461 3860 lebremus.

375 3869 423 3950 Et
436 3885 476 3943 ut
492 3865 670 3939 visibilem
686 3861 882 3937 Ecclesiam
904 3864 988 3934 inde
1005 3888 1116 3960 usqne
1132 3867 1176 3936 ab
1192 3867 1263 3934 ini-

273 3974 324 4049 tio
347 3973 558 4065 cogitamus,
586 3982 724 4042 coetum
743 3966 864 4052 Adae,
886 3961 995 4051 Seth,
1016 3963 1164 4052 Enoch,
1186 3965 1264 4037 No·

179 4103 183 4110 ·
274 4074 361 4161 hae,
375 4075 477 4159 Sem,
493 4067 660 4144 Abrahae
682 4085 715 4142 et
735 4070 975 4165 reliquorum,
1001 4068 1050 4140 ita
1066 4093 1163 4146 nunc
1178 4069 1263 4138 visi-

1312 1453 1365 1511 ctc
1383 1441 1548 1512 docentes
1563 1438 1818 1533 Evangelium,
1842 1455 1879 1514 et
1899 1455 1994 1514 recte
2010 1444 2281 1516 administrantes

1310 1556 1539 1654 sacramenta.

1413 1656 1473 1730 sie
1488 1654 1645 1730 Ecclesia
1666 1662 1788 1756 multis
1813 1659 1902 1732 locis
1928 1657 2280 1736 definiturloh.10.:

1312 1759 1409 1836 Oves
1424 1783 1521 1830 meae
1536 1783 1658 1830 vocem
1674 1787 1786 1834 meam
1807 1764 1970 1836 andiunt.

1414 1856 1539 1933 lohan.
1561 1861 1639 1935 tta:
1672 1861 1715 1936 Si
1743 1865 1943 1936 manseritis
1965 1865 2005 1935 iss
2031 1889 2108 1951 me,
2140 1882 2174 1938 et
2192 1868 2282 1936 verba

1310 1985 1387 2032 mea
1402 1963 1598 2036 manserint
1615 1963 1654 2036 in
1679 1967 1800 2058 vobis,
1826 1969 1923 2061 quod
1940 1966 2144 2056 volueritis,
2167 1969 2283 2060 petetis,

1310 2077 1345 2136 et
1359 2063 1419 2135 bet
1434 2065 1545 2134 vobis

1413 2175 1543 2270 Ephes.
1567 2185 1621 2254 2:
1655 2177 1749 2251 Estis
1773 2180 1866 2251 cives
1889 2197 2094 2254 sanctorum
2121 2202 2155 2257 et
2176 2189 2282 2256 dome-

1311 2281 1390 2352 stici
1405 2283 1493 2365 Dei,
1521 2283 1669 2354 extructi
1692 2307 1798 2375 snper
1817 2284 2089 2356 fundamentum
2107 2285 2282 2379 Propheta·

1312 2407 1392 2452 rum
1414 2398 1447 2453 et
1473 2379 1747 2482 Apostolorum,
1789 2385 1956 2456 existente
1988 2387 2108 2479 lapide
2141 2388 2283 2480 angulari

1312 2481 1392 2552 lesu
1408 2479 1563 2555 Christo.

1367 2683 1375 2696 ⁶
1413 2593 1460 2670 Et
1475 2593 1688 2670 Esaiae59.:
1710 2598 1788 2671 Hoc
1803 2614 1854 2671 est
1870 2600 1994 2672 foedus
2010 2627 2131 2676 meum
2146 2609 2221 2678 cn'm
2236 2610 2284 2692 eis,

1312 2691 1400 2773 dicit
1422 2700 1617 2784 Dominus,
1650 2701 1795 2794 spiritus
1815 2727 1914 2772 mens
1937 2705 2000 2798 qui
2027 2721 2081 2778 est
2111 2710 2148 2778 in
2177 2723 2225 2794 te,
2256 2723 2283 2779 ct

1314 2805 1419 2874 verba
1436 2826 1511 2872 mea
1527 2827 1616 2896 qnae
1631 2803 1734 2896 posui
1751 2803 1789 2872 in
1806 2827 1869 2874 ore
1885 2817 1961 2889 tuo,
1979 2831 2056 2878 non
2073 2811 2232 2881 recedent
2245 2811 2280 2880 ab

1314 2918 1468 2989 metuo,
1494 2927 1559 2974 nec
1581 2909 1626 2974 ab
1649 2928 1710 2974 ore
1733 2905 1879 2976 seminis
1902 2907 1955 2977 tui
1974 2909 2013 2977 iu
2034 2914 2282 3001 sempiternum.

1313 3003 1410 3076 Haec
1425 3005 1610 3096 promissio
1625 3017 1661 3077 ct
1675 3007 1835 3078 adfirmat
1859 3031 2063 3080 mansuram
2091 3037 2164 3084 esse
2175 3011 2283 3084 Eccle-

1314 3109 1401 3178 siam
1419 3104 1504 3189 Dei,
1532 3122 1565 3179 et
1582 3107 1686 3180 docet
1699 3122 1838 3179 coctum
1862 3131 1935 3180 esse
1951 3111 2148 3196 visibilem,
2175 3117 2211 3184 in
2227 3138 2283 3208 qao

1314 3223 1416 3280 sonat
1438 3210 1586 3280 verbum
1612 3211 1780 3280 traditum
1814 3235 1876 3301 per
1900 3208 2110 3306 Prophetas.
2169 3213 2213 3290 Et
2234 3217 2284 3298 ibi,

1314 3311 1449 3404 iuquit,
1477 3324 1572 3382 certo
1596 3323 1646 3382 est
1663 3311 1781 3381 ellicax
1796 3311 1914 3398 Deus,
1939 3315 2000 3386 dat
2023 3313 2197 3408 Spiritum
2218 3343 2284 3388 san-

1315 3428 1430 3497 ctum,
1455 3410 1498 3482 In
1513 3439 1553 3482 eo
1573 3438 1721 3484 numero
1744 3427 1828 3485 sunt
1841 3414 1952 3510 aliqui
1970 3417 2087 3491 electi.

1409 3523 1489 3600 ¹Has
1512 3532 1706 3603 sententias
1726 3545 1905 3604 teneamus
1929 3533 2055 3628 infiras
2083 3538 2223 3624 animis,
2252 3549 2285 3605 nt

1314 3633 1465 3704 sciamus
1488 3656 1570 3702 vere
1592 3633 1746 3727 aliquam
1769 3657 1842 3705 esse
1859 3629 2053 3708 Ecclesiam
2070 3635 2159 3720 Dei,
2185 3655 2215 3712 et
2233 3659 2286 3707 nos

1315 3736 1360 3806 ad
1377 3759 1457 3805 eum
1472 3733 1724 3824 adiungamus,
1753 3749 1882 3807 etcum
1906 3761 1945 3812 ea
1959 3735 2078 3810 Deum
2100 3743 2286 3813 invocemus

1315 3838 1354 3906 in
1371 3836 1551 3926 agnitione
1565 3831 1649 3906 Filii
1664 3836 1739 3906 eius
1757 3833 1835 3906 lesu
1852 3833 1997 3912 Christi.

1418 3951 1631 4048 Ubicunque
1652 3976 1688 4024 es
1705 3955 1785 4026 sive
1809 3955 1847 4026 in
1873 3957 1981 4044 mari,
2008 3959 2083 4032 sive
2104 3963 2287 4039 incarcere,

1316 4056 1389 4126 sive
1417 4054 1513 4126 iuter
1544 4055 1700 4136 ancas,
1727 4056 1801 4126 sive
1829 4059 1924 4130 inter
1955 4055 2151 4154 Ethnicos,
2183 4080 2286 4134 tamen

272 4179 383 4250 bilem
406 4190 544 4249 coetum
561 4173 672 4250 oculis
688 4195 916 4266 quaeramus,
942 4171 977 4241 id
991 4186 1065 4256 est,
1091 4171 1186 4257 illos,
1201 4171 1263 4265 qui
1315 4155 1456 4274 animo,
1481 4159 1693 4278 voluntate,
1707 4158 1943 4278 Rrplffllffle,
1967 4161 2193 4238 invocatione
2215 4185 2287 4234 con·

274 4277 674 4369 amplectuntnr'vocem
690 4270 895 4363 Evangelii,
921 4285 956 4344 et
979 4274 1265 4344 non-delendunt
1315 4261 1454 4376 lunss¹f⁰
1476 4273 1509 4330 te
1532 4283 1612 4330 cum
1630 4260 1762 4331 v¹⁸1b¹l¹
1779 4275 1897 4342 coetu,
1924 4262 2052 4350 idest,
2078 4291 2158 4338 cum
2174 4265 2289 4358 ample·

273 4380 383 4454 idola.
435 4375 678 4452 Inhoccoetu
703 4389 1000 4467 sempernecesse
1025 4389 1172 4446 estesse
1198 4373 1266 4450 ali·
1317 4361 1639 4452 clenllbusputam
1654 4358 1839 4479 Evangelii
1857 4365 2077 4473 doctrinam,
2101 4370 2291 4482 ubicunque

273 4503 364 4579 qnos
378 4483 525 4567 electos,
551 4477 648 4550 iuxta
670 4476 778 4546 illud:
804 4475 908 4566 Quos·
923 4478 1043 4568 elegit,
1068 4473 1134 4546 hos
1153 4489 1188 4548 et
1202 4500 1265 4545 vo-
1316 4474 1418 4547 lunis
1442 4459 1674 4552 Noribergae,
1700 4462 1951 4550 Vffllltldviaes
1975 4465 2137 4568 Lipsiae,
2170 4481 2202 4540 et
2221 4468 2291 4538 uba-

272 4583 377 4659 fflit,
1318 4586 1458 4658 cunque
1482 4579 1586 4636 sonat
1608 4573 1675 4636 voi
1698 4561 1883 4656 Evangelii
1901 4590 2001 4666 pura.
2052 4565 2102 4648 Ec
2122 4595 2200 4642 eum
2222 4591 2291 4638 coe-

377 4683 456 4757 floc
478 4683 611 4752 dictum
634 4680 793 4753 contines
807 4678 1047 4769 gravissimam
1065 4677 1287 4756 doctrinam,
1317 4679 1394 4737 turn
1409 4663 1472 4736 ubi
1488 4665 1620 4759 poteris
1636 4667 1774 4751 foveto,
1800 4680 1835 4738 et
1856 4669 1931 4739 eins
1954 4659 2074 4742 coetus
2095 4673 2209 4744 studia
2228 4691 2291 4738 me-

275 4805 310 4863 et
343 4784 582 4860 dulcissimam
619 4783 918 4855 consolationem..
969 4780 1137 4852 Testatur
1167 4781 1275 4850 enim-
1318 4766 1639 4838 di⁰crib11⁵0fficii⁸
1655 4770 1796 4852 adiuvo,
1823 4772 2099 4844 etconcordiam
2117 4774 2291 4844 eiustnea·

275 4917 352 4964 nou
366 4885 589 4987 quaerendos
606 4907 679 4955 esse
704 4885 832 4955 electos
856 4895 952 4956 extra
974 4876 1069 4952 hanc
1090 4883 1264 4953 visibilem
1318 4870 1386 4953 21⁵2
1411 4869 1502 4940 sicut
1524 4867 1694 4962 Pfflesslpil
1715 4863 1906 4962 christun
1921 4870 2000 4944 Hoc
2023 4889 2076 4944 est
2098 4877 2291 4945 mandatum

277 4991 492 5070 Ecclesiam,
518 5001 680 5080 quaeest
700 5000 820 5058 coetus
845 4997 1009 5072 vocatus,
1023 4985 1070 5052 ‘id
1094 4999 1167 5070 est,
1190 5007 1267 5052 ana·
1318 4993 1459 5062 meum,
1482 4983 1523 5041 ut
1546 4971 1701 5062 diligatis
1722 4971 1887 5047 invicem.
1936 4972 2041 5046 ltcm:
2066 4973 2142 5065 Qui
2160 4977 2197 5046 in
2215 4974 2292 5045 dile·

277 5094 437 5192 plectens
451 5113 572 5162 vocem
587 5084 785 5178 Evangelii.
835 5086 943 5157 Valet
958 5085 1054 5156 enim
1078 5107 1267 5180 argumen-
1296 5073 1437 5149 «ctione
1457 5085 1594 5154 muel,
1620 5077 1659 5144 in
1673 5071 1750 5144 Deo
1767 5089 1897 5148 manet.
2018 5145 2025 5155 ,

281 5209 376 5268 tum:
429 5187 568 5264 Omnes
591 5192 721 5262 electos
749 5188 870 5262 vocari
893 5199 1116 5268 necesseest,
1141 5188 1178 5258 id
1206 5199 1306 5270 est,¹
1423 5186 1618 5281 Amplexus
1636 5190 1836 5262 doctrinam
1854 5202 2000 5280 veram,
2018 5196 2066 5266 ita
2091 5192 2290 5266 manebitis

284 5298 330 5368 ad
355 5291 538 5366 doctrinae
561 5292 777 5386 agnitionem
800 5303 835 5362 et
857 5289 1112 5381 professionem
1128 5287 1268 5362 adduci.
1320 5289 1418 5376 Deo,
1443 5290 1472 5360 si
1497 5291 1603 5363 etiarn
1625 5293 1663 5360 in
1689 5287 1878 5365 dilectione
1902 5298 2087 5384 manserit,
2119 5299 2155 5368 id
2178 5311 2244 5380 est,
2264 5291 2290 5361 si
