4590 5808
239 129 311 212 791

242 313 354 372 strum
373 296 488 368 lesum
504 291 686 366 Christum
705 293 929 382 invocemus,
957 306 989 365 et
1012 292 1083 376 fide
1106 316 1145 362 ac
1169 315 1229 383 spe

180 399 184 410 '
241 406 387 471 immota
406 399 579 469 auxilium
594 397 639 466 ab
655 397 666 461 i
670 418 736 486 pso,
748 405 907 486 petamus
924 407 957 464 et
972 407 1218 486 exspectemus.

343 531 396 602 lta
414 531 541 602 videtis
562 530 601 597 in
625 523 681 598 his
705 507 823 598 tribus'
841 527 953 596 causis
976 523 1229 620 comprehendi

241 658 467 707 communem
499 630 697 702 doctrinam
722 630 976 704 miraculorum
1000 630 1038 699 in
1062 631 1230 700 omnibus

242 737 411 829 exemplis
434 735 668 826 cogitandam.
729 727 890 800 Primum
909 734 1005 826 quod
1029 747 1112 802 sunt
1132 734 1230 803 testi-

241 841 361 910 monia
380 839 423 908 de
432 835 508 905 Deo
524 848 557 904 et
573 837 617 904 de
633 833 794 903 doctrina
807 832 979 905 divinitus
995 835 1135 905 tradita.
1165 834 1228 907 Se·

242 945 378 1026 cundo,
404 941 499 1032 quod
525 948 607 1006 sunt
632 934 789 1024 exempla
813 936 1108 1024 promissionum,
1140 961 1230 1030 quae

243 1047 370 1115 docent
384 1055 418 1110 et
432 1065 497 1110 nos
511 1053 630 1133 petere
645 1053 681 1108 et
697 1051 894 1127 exspectare
909 1040 1129 1109 auxilium‘et
1144 1063 1229 1107 con-

835 117 963 193 nuu..
994 119 1109 191 sinn.
1139 102 1352 192 sonunt
1379 111 1681 231 nuncnune.
1716 85 1722 96 '

2179 119 2239 194 tet

1281 313 1384 360 suum
1409 291 1632 382 unigenitum
1655 291 1772 373 daret,
1809 301 1850 358 ut
1874 287 1991 358 omnis
2013 290 2073 382 qui
2094 293 2192 363 credit
2209 295 2241 362 in

1281 417 1380 478 eum,
1418 418 1492 463 non
1516 405 1655 484 pereat,
1695 393 1769 461 sed.
1788 385 1916 462 habeat
1945 391 2053 462 vitam
2081 408 2242 466 aeternam.

1281 493 1377 564 Haec
1392 497 1484 580 dicta
1501 510 1535 565 et
1551 495 1620 563 alia
1633 494 1764 563 similia
1778 507 1862 564 sunt
1883 494 2070 564 conciones
2095 499 2136 564 de
2156 497 2242 567 bonis
2279 567 2280 576 ,

1281 600 1451 678 aeternis,
1501 608 1649 696 propter
1683 619 1773 688 quae
1807 595 2052 688 principaliter
2079 597 2165 667 tilius
2188 596 2242 667 llei

1280 701 1409 769 missus
1435 713 1502 770 est:
1544 711 1698 790 suntque
1719 699 1887 770 omnibus
1909 699 2044 792 pariter
2064 702 2245 770 necessario.

1282 799 1403 890 Quare
1424 804 1463 870 in
1483 802 1583 871 omni
1605 801 1831 870 invocatione
1846 797 1938 870 hauc
1954 815 2168 872 summumst
2184 804 2245 892 pri-

1281 928 1376 974 mam
1402 903 1674 996 promissionem
1705 926 1805 972 mens
1837 905 1992 995 primurn
2023 904 2175 974 omnium
2200 905 2247 970 in.

1281 1020 1424 1077 tueatur
1447 1019 1480 1076 et
1504 1007 1574 1075 lide
1587 1000 1842 1097 apprehendat.
1893 1003 1966 1075 Nec
1987 1007 2093 1075 addat
2113 1007 2150 1074 in
2170 1006 2245 1097 peti-

141 3233 148 3247 ·
244 3213 279 3270 et
295 3200 503 3279 salutarem,
530 3221 605 3268 non
620 3198 843 3283 mendacem,
869 3212 927 3270 ant
945 3204 1234 3287 commentitiam,

1185 1143 1227 1210 ad
1280 1109 1379 1178 tione
1409 1104 1539 1178 horum
1566 1121 1791 1177 aeternorum
1814 1109 1994 1178 bonorum
2015 1108 2124 1178 ullam
2142 1109 2247 1176 condi-

1280 1211 1441 1295 tionem,
1467 1235 1530 1280 seu
1552 1209 1827 1280 dubitationem:
1861 1208 1904 1281 Si
1926 1210 1981 1279 vis
2002 1204 2161 1279 Domine.
2206 1208 2248 1278 lta
2279 1275 2280 1280 ,

1281 1313 1376 1382 enim
1394 1313 1438 1382 de
1451 1307 1507 1382 his
1523 1313 1629 1382 bonis
1651 1313 1870 1385 voluntatem
1897 1335 1997 1383 suam
2011 1309 2107 1383 Deus
2130 1333 2249 1400 expres·

242 1145 452 1216 solationem
481 1137 679 1212 aChristo.
746 1138 869 1210 Tertio
893 1142 1040 1225 docent,
1071 1141 1157 1233 quid

242 1248 355 1316 lilium
370 1243 438 1316 Dei
453 1244 672 1314 afferendum
695 1242 758 1324 sit,
792 1253 831 1310 ut
854 1243 988 1331 agnitio
1010 1243 1144 1334 peccati
1169 1267 1229 1312 seu

241 1348 425 1420 conversio
442 1347 488 1418 ad
502 1345 637 1429 Deum,
664 1357 698 1412 et
712 1341 800 1412 fides
824 1360 945 1434 petens
971 1358 1005 1415 et
1026 1359 1230 1436 exspectans
1300 1417 1309 1432 ,
1558 1414 1567 1430 ,
1687 1412 1696 1430 .
1907 1406 1919 1424 ,
2279 1403 2280 1414 ἵ

242 1452 425 1524 auxilium.
1280 1429 1345 1499 stt,
1377 1416 1474 1508 quod
1498 1411 1584 1485 velet
1606 1427 1788 1484 remittere
1813 1427 1974 1505 peccata,
2014 1425 2049 1484 et
2069 1427 2161 1483 certo
2180 1415 2249 1480 dare

231 1599 235 1612 .
333 1567 407 1638 qam
426 1570 606 1658 leprosum
621 1565 824 1634 intueamur
840 1563 1045 1632 afferentem
1063 1567 1107 1634 ad
1123 1561 1230 1636 Chri·
1282 1517 1452 1587 iustitiam
1467 1531 1502 1588 et
1519 1517 1627 1586 vitam
1643 1527 1820 1585 aeternam
1841 1517 2009 1586 omnibus
2026 1516 2095 1584 lide
2116 1515 2249 1606 petenti·

242 1685 334 1742 ,mm
357 1673 472 1741 lucem
495 1668 577 1737 fidei
599 1691 675 1735 non
696 1667 868 1755 exiguam·
936 1661 1108 1754 Agnoscit
1135 1670 1229 1737 enim
1282 1620 1359 1692 bus.
1396 1617 1493 1737 ‘Non
1516 1620 1594 1688 vult
1608 1615 1724 1735 Deus,
1744 1631 1790 1736 ,υἱ
1814 1619 1965 1738 peccatis
1987 1619 2161 1708 oppressi,
2182 1639 2249 1685 rua-

1282 1744 1361 1790 mus
1394 1745 1434 1788 rn
1462 1733 1645 1790 aeternum
1669 1733 1838 1804 exitium,
1880 1723 1960 1790 rdeo
1993 1743 2068 1789 non
2099 1722 2198 1788 addes
2214 1719 2249 1786 ad

243 1799 282 1844 ac
298 1786 393 1844 mm
418 1795 536 1841 mum
560 1783 699 1852 smum
724 1765 821 1838 hunc
845 1769 1026 1836 ‘melotem
1052 1793 1154 1860 9⁰⁵&
1177 1795 1230 1838 ⁵³⁸
1281 1815 1374 1890 hanc
1388 1823 1661 1912 promissionem
1676 1822 1786 1890 ullam
1806 1823 2070 1900 conditionem,
2097 1823 2154 1890 sed
2174 1834 2249 1890 certo

242 1899 329 1944 ΜΘ
348 1899 387 1993 ³?
408 1873 533 1990 muer?
556 1872 719 1987 lepram'.
754 1868 874 1958 Qum
896 1883 989 1986 reite
1010 1871 1177 1961 intelligit
1198 1887 1231 1941 et
1281 1938 1316 1995 et
1340 1925 1416 1994 sine
1437 1925 1512 1994 ulla
1534 1924 1756 1996 dubitatione
1771 1937 1903 1998 statuas
1946 1921 2178 1994 Deum-certo
2197 1922 2250 1992 tibi

242 1974 598 2066 ³3⁰⁰⁵⁰¹tM⁰⁵⁵¹³m'
624 1988 658 2043 et
671 1985 736 2042 κη
751 1997 831 2040 eum
849 1985 1130 2062 ⁰mmp⁰temem
1148 1997 1232 2059 Μ’
1254 2065 1256 2076 ·
1283 2028 1462 2099 remittere
1475 2040 1626 2120 peccata,
1646 2027 1803 2118 recipere
1819 2041 1853 2098 te
1868 1979 1931 2118 pei·
1946 2040 1981 2096 et
1996 2039 2142 2119 propter
2155 2025 2250 2093 lilium
2279 2091 2280 2106 ,

243 2080 403 2150 ‘talium
421 2074 500 2195 Dii
551 2071 689 2144 &dem
708 2075 814 2144 m⁰d⁰
837 2073 988 2142 sciamus
1011 2090 1175 2166 ⁰p⁰rm⁸
1198 2089 1231 2194 it
1283 2151 1385 2197 suum
1404 2126 1602 2198 Dominum
1620 2125 1734 2198 lesum
1752 2124 1935 2200 Christum
1988 2141 2023 2198 et
2072 2152 2110 2198 er
2131 2135 2250 2196 eumer

242 2204 309 2251 ¹¹⁰³
323 2183 368 2250 ad
384 2173 566 2250 Chmmm
583 2179 764 2261 accedere'
791 2191 825 2246 et
838 2177 980 2266 fdfem
997 2177 1111 2246 lucem
1135 2178 1230 2263 fidffl’
1283 2230 1407 2325 abysso
1423 2231 1638 2313 inferorum,
1665 2244 1699 2301 et
1714 2244 1857 2301 aeterno
1874 2177 1980 2300 exitio
1997 2244 2032 2301 te
2045 2155 2207 2310 liberare,
2226 2239 2251 2294 et

242 2295 335 2354 recte
361 2285 483 2373 'ipsum
511 2292 776 2369 agnoscentem,
824 2291 859 2346 et
885 2291 979 2346 certo
1008 2290 1231 2362 statuentem,
1283 2335 1417 2401 donare
1441 2333 1509 2403 fibi
1534 2332 1706 2404 iustitiam
1728 2344 1762 2401 et
1781 2319 1892 2402 ‘vitam
1918 2345 2111 2405 aeternam·
2173 2327 2252 2399 Ha„

195 2449 196 2454 ,
242 2386 339 2478 quod
356 2383 511 2453 remittat
524 2393 683 2472 peccata,
710 2393 745 2449 et
759 2378 908 2470 accipiat
930 2392 964 2449 et
988 2382 1152 2452 exaudiat
1173 2383 1230 2449 in·
1282 2434 1351 2503 fide
1365 2446 1398 2502 te
1413 2447 1552 2526 oportet
1568 2435 1615 2504 ita
1632 2433 1808 2523 accipere,
1834 2457 1873 2503 ae
1892 2447 1987 2506 certo
2004 2448 2165 2505 smum

242 2495 418 2557 vocantes.
469 2481 521 2554 lta
538 2483 697 2575 seqnitur
712 2476 819 2551 huius
834 2481 966 2572 leprosi
982 2483 1132 2556 curatio.
1385 2534 1644 2606 promissiones
1682 2560 1767 2605 vem
1806 2537 1985 2606 bonorum
2020 2535 2242 2628 corporalium

309 2590 313 2603 1
1928 2607 1931 2617 ,
1999 2613 2006 2626 ,
2245 2587 2253 2614 r

1283 2636 1406 2727 quales
1430 2654 1532 2722 sunt,
1566 2639 1727 2707 debona
1754 2639 1980 2719 valetudine,
2016 2639 2164 2730 robore,
2187 2635 2253 2715 vita,

1284 2738 1399 2819 victu,
1426 2743 1527 2830 pace,
1553 2763 1593 2808 ac
1614 2739 1821 2810 defensione
1840 2763 2053 2830 corporum,
2083 2739 2254 2811 etiamim·
2279 2745 2280 2756 ‘

1283 2863 1405 2910 mensa
1430 2843 1587 2913 bonitate
1603 2839 1672 2911 Dei
1692 2843 1893 2932 propositae
1915 2855 2010 2915 sunt.
2062 2840 2155 2916 Cum
2176 2841 2254 2910 enirn

1283 2943 1370 3012 velit
1394 2940 1490 3013 Deus
1515 2945 1553 3012 in
1581 2938 1648 3012 hac
1675 2944 1747 3014 vita
1781 2958 1959 3015 aeternam
1985 2942 2180 3016 Ecclesiam
2200 2941 2280 3020 sibi

649 2663 828 2721 obiectio.

348 2791 543 2880 Quaeritur
569 2787 628 2860 hie
652 2791 781 2860 iterum
803 2791 847 2860 de
870 2783 976 2861 buius
1000 2791 1130 2883 leprosi
1152 2794 1230 2862 tide.

243 2893 389 2966 Fatetur
403 2896 570 2986 ,leprosus
601 2888 698 2962 hunc
723 2893 861 2978 virum,
893 2915 998 2986 quem
1023 2895 1233 2990 alloquitur,

243 3019 345 3086 posse
371 2999 536 3067 morbum
561 2995 663 3064 illum
689 2995 835 3079 tollere,
877 3011 911 3066 et
933 2995 1031 3066 hunc
1053 3021 1231 3068 summum

242 3093 418 3168 honorem
435 3097 468 3166 ,q
485 3096 624 3180 tribuit,
649 3099 743 3189 quod
762 3097 883 3167 efferat
900 3099 1096 3169 docuinam
1113 3124 1231 3176 veram
1284 3045 1468 3134 colligere,
1495 3048 1571 3116 vult
1587 3047 1694 3117 etiam
1711 3047 1797 3116 dare
1819 3047 1913 3117 bona
1932 3048 2131 3138 corporalia
2153 3055 2255 3114 neces-
2279 3127 2280 3138 ἵ

1284 3148 1375 3216 saria
1400 3149 1511 3234 vitae,
1546 3152 1636 3220 sicut
1664 3149 1815 3233 victum,
1848 3162 1912 3220 etc.
1970 3147 2044 3219 Nec
2068 3151 2177 3219 simus
2198 3161 2255 3217 ton

1284 3265 1453 3338 agrestes,
1485 3264 1525 3320 ut
1553 3245 1640 3320 haec
1659 3251 1755 3320 bona
1775 3273 2026 3343 aspernemur,
2052 3253 2115 3322 sed
2138 3249 2255 3321 intelli-

1284 3374 1407 3440 gamus
1427 3354 1685 3445 multiplicibus
1708 3352 1814 3422 bonis'
1837 3356 1881 3423 ed
1906 3349 2000 3423 banc
2022 3373 2255 3424 aerumnosam

1285 3467 1319 3522 et
1334 3452 1539 3544 languidam
1555 3479 1745 3546 corporum
1761 3456 1869 3526 vitam
1883 3479 1974 3548 opus
1992 3479 2078 3528 esse.
2132 3455 2256 3545 Cogite·

1285 3579 1364 3643 mus
1381 3579 1471 3649 quae
1493 3558 1733 3646 adminicula,
1759 3571 1794 3628 et
1816 3582 1923 3651 quam
1948 3558 2161 3651 multiplicia
2181 3557 2257 3626 libc-
2279 3613 2280 3616 ,

1284 3681 1406 3728 rorum
1428 3660 1588 3730 educatio
1613 3660 1780 3750 postulet.
1840 3659 1889 3730 Ut
1912 3660 2060 3732 aviculis
2081 3664 2136 3732 sui
2158 3656 2257 3729 niduli

1284 3760 1473 3830 necessarii
1489 3776 1590 3846 sunt,
1613 3762 1663 3832 ita
1681 3762 1876 3832 necessaria
1890 3777 1973 3833 sunt
1995 3762 2183 3836 infantulis
2201 3762 2257 3830 ali·

1285 3885 1353 3955 qua
1381 3859 1640 3956 qualiacunque
1670 3863 1859 3953 tuguriola.
1912 3855 2145 3938 Necessarius
2166 3875 2257 3934 estet

1284 3964 1399 4033 victus
1413 3964 1556 4053 frugum
1572 3966 1644 4036 cibi
1657 3989 1696 4034 ac
1712 3980 1818 4055 potus
1839 3967 2054 4037 conveniens
2075 3967 2257 4038 infantibus

1284 4077 1320 4135 et
1335 4067 1490 4140 caeteris.
1542 4066 1743 4138 Necessaria
1758 4080 1840 4138 sunt
1864 4069 2031 4156 imperia,
2056 4085 2095 4140 et
2114 4066 2256 4140 defensio
2279 4101 2280 4142 1

1284 4168 1380 4258 pacis
1402 4191 1442 4237 ac
1465 4170 1735 4264 tranquillitatis
1757 4171 1933 4261 publicae.
1985 4167 2207 4262 Cogitemus,
2233 4167 2256 4236 si
2279 4177 2280 4184 ’

1283 4284 1450 4361 perpetua
1466 4273 1538 4343 sint
1563 4273 1654 4342 bella
1677 4297 1717 4342 ac
1740 4272 1944 4355 latrocinia,
1979 4295 2069 4366 quse
2088 4275 2206 4345 futura
2223 4268 2257 4339 sit

1283 4371 1478 4448 liberorum
1502 4374 1688 4446 educatio?
1719 4399 1810 4467 quae
1824 4374 1924 4444 verbi
1940 4389 2002 4444 aut
2016 4377 2115 4446 vocis
2131 4378 2255 4446 divinae

349 4454 469 4545 Quale
503 4456 620 4527 ὃΰὶθίῐὸ
661 4455 818 4560 duplices
858 4483 931 4528 0⁸⁸0
970 4461 1232 4550 pr0m58⁸5000³2
1283 4475 1497 4567 praedicatio
1512 4491 1572 4550 ant
1587 4477 1816 4570 propagatio?
1839 4465 2117 4571 quifuturisiut
2131 4503 2171 4550 ac
2185 4497 2256 4571 qua-

244 4570 405 4628 aeternas
425 4583 486 4630 seu
508 4559 729 4650 spirituales,
756 4574 790 4631 et
813 4563 1024 4652 corporales.
1282 4577 1333 4647 les
1347 4600 1555 4667 congressus
1570 4580 1731 4671 publici?

345 4674 539 4746 Promissio
564 4691 703 4752 aeterna
724 4698 787 4748 seu
808 4679 1018 4770 spiritualis,
1044 4695 1115 4766 est,
1140 4706 1231 4775 quae
1317 4693 1322 4702 “
1383 4677 1480 4750 Haec
1501 4681 1594 4752 bona
1615 4683 1736 4752 omnia
1765 4681 1961 4754 necessaria
1982 4684 2154 4754 omnihus
2186 4703 2256 4752 con·

244 4779 486 4850 remissionem
510 4793 753 4869 peccatorum,
780 4781 1063 4854 iustificationem
1086 4798 1232 4875 propter
1281 4782 1492 4867 rideremus,
1519 4799 1554 4855 et
1565 4786 1716 4855 sciamus
1727 4781 1842 4852 Deum
1860 4782 1965 4855 etiam
1983 4777 2069 4855 haec
2083 4787 2161 4878 ipsa
2176 4787 2255 4856 bona

243 4894 278 4951 et
306 4907 368 4974 per
399 4881 512 4950 filium
534 4877 617 4966 Dei,
659 4880 832 4973 Spiritum
864 4900 1024 4957 sanctum
1055 4900 1089 4958 et
1120 4888 1229 4958 vitam
1279 4887 1381 4967 dare,
1424 4901 1459 4956 et
1482 4887 1591 4971 velle,
1630 4902 1669 4957 ut
1699 4887 1748 4956 ab
1771 4886 1849 4975 ipso
1874 4880 1962 4955 haec
1983 4887 2078 4958 bona
2101 4903 2255 4979 petamus,

240 4995 418 5054 aeternam
437 4982 640 5076 pollicetur,
666 4985 812 5078 repetite
834 4988 873 5055 in
899 4983 955 5057 his
981 5003 1014 5060 et
1038 4991 1119 5059 aliis
1140 4991 1228 5059 seri·
1278 4989 1465 5078 sicutipse
1488 4989 1526 5056 in
1547 4989 1661 5059 forma
1684 4988 1899 5079 precationis
1922 4988 2028 5058 nobis
2043 4989 2254 5080 praescribit:

238 5098 363 5173 pturae
377 5085 605 5158 testimoniis:
634 5085 726 5156 Vivo
745 5111 821 5178 ego,
844 5088 1126 5175 dicitDominus,
1142 5093 1226 5162 nolo
1276 5084 1410 5159 Panem
1439 5104 1601 5160 nostrum
1636 5091 1887 5184 quotidianum
1924 5094 1968 5161 da
2008 5094 2114 5162 nobis
2152 5089 2255 5162 hodie.

237 5198 388 5255 mortem
416 5188 627 5272 peccatoris,
662 5190 721 5257 sed
748 5205 787 5259 nt
812 5206 1039 5263 convertatur
1059 5207 1092 5264 et
1117 5195 1223 5264 vivat.
1276 5189 1437 5263 Sciamus
1459 5194 1498 5261 in
1522 5190 1588 5264 bac
1610 5195 1685 5284 ipsa
1707 5194 1877 5284 petitione
1900 5193 2078 5272 bonorum
2100 5213 2255 5286 corpora·

235 5281 460 5358 Iohannis:
496 5290 555 5360 Sic
571 5287 666 5362 Deus
691 5293 814 5364 dilexit
831 5297 1025 5383 mundum,
1050 5311 1089 5368 ut
1109 5297 1222 5366 lilium
1275 5293 1366 5364 lium
1395 5310 1559 5386 oportere
1592 5298 1744 5368 exerceri
1773 5297 1878 5366 fidem
1917 5311 1953 5368 et
1988 5295 2252 5372 invocationem.

244 3301 326 3371 ideo
349 3302 438 3393 petit
463 3314 497 3371 et
518 3313 693 3391 exspectat
716 3301 899 3376 auxilium.
950 3301 1041 3374 Nem
1065 3305 1141 3373 sine
1166 3300 1233 3375 hac

244 3403 314 3471 fide
331 3426 515 3498 nunquam
530 3407 574 3474 ad
591 3427 671 3472 enm
686 3405 906 3489 accessisset,
932 3407 992 3474 sed
1007 3420 1125 3477 tamen
1142 3409 1233 3497 peti-

245 3505 337 3575 tioni
355 3501 440 3575 haec
454 3509 559 3575 verba
577 3505 771 3575 interserit:
792 3505 837 3580 ‚Si
854 3507 917 3590 vis,
942 3522 1040 3598 potes
1055 3505 1112 3577 me
1128 3533 1232 3578 mun-

190 3663 192 3666 .
248 3607 344 3678 dare.
405 3605 557 3676 Videtur
578 3606 688 3694 igitur
712 3609 756 3674 de
780 3609 963 3678 voluntate
977 3607 1125 3678 Domini
1147 3613 1233 3680 sub-

245 3709 430 3794 dubitare,
456 3709 521 3777 etsi
535 3731 609 3777 non
625 3719 728 3796 negat
743 3731 823 3777 eum
841 3732 941 3799 posse
957 3712 1136 3800 opitulari.
1180 3712 1232 3783 lta

204 3886 213 3901 ¹
246 3811 377 3881 scimus
390 3834 521 3901 ⁸omnes
536 3807 652 3880 Deum
668 3809 949 3900 omnipotentem
966 3835 1057 3896 esse,
1084 3827 1117 3883 et
1131 3837 1233 3904 posse

247 3913 305 3982 vel
324 3913 363 3982 in
383 3925 564 3983 momento
585 3911 750 3981 auxiliari
772 3914 810 3981 in
831 3913 997 3984 omnibus
1020 3915 1176 3984 consiliis
1200 3931 1234 3987 et

245 4015 433 4106 periculis,
473 4015 533 4084 sed
563 4018 607 4084 de
636 4037 677 4083 eo
706 4015 928 4099 dubitamus,
968 4029 1087 4086 utrum
1113 4033 1233 4088 nostra

245 4131 327 4188 vota
348 4131 410 4188 aut
426 4119 576 4206 gemitus
598 4116 763 4207 recipiat,
795 4131 915 4190 utrum
941 4119 1045 4188 nobis
1066 4120 1234 4211 opitulari

245 4218 341 4290 velit.
393 4217 462 4289 Hic
480 4243 576 4315 quae
593 4219 787 4288 consolatio
808 4221 1021 4312 opponenda
1045 4222 1091 4292 sit
1113 4223 1233 4292 consi-

246 4320 428 4406 deremus,
453 4335 504 4392 est
516 4320 611 4392 enim
627 4320 788 4390 doctrina
806 4323 1000 4394 necessaria
1017 4324 1195 4398 omnibus.
