4612 5820
221 113 290 182 alt

325 281 398 352 lam
426 283 485 351 illa
512 298 563 353 est
586 283 674 352 mira
691 283 883 374 sapientia,
909 281 1094 353 CurDeus
1113 307 1210 353 suam

225 384 437 468 Ecclesiam,
465 408 571 478 quam
603 387 813 475 pronunciat
843 410 915 455 esse
943 387 1091 470 iustam,
1128 386 1214 455 sinit

230 505 300 555 taran
318 489 455 555 ‹luriter
470 487 647 554 exerceri?
697 485 870 557 Rationes
885 489 975 556 duae
991 502 1086 556 suut.

327 587 434 678 Quod
458 584 543 656 haee
562 590 636 679 ipsa
652 585 808 656 Ecclesia
825 590 999 659 iustorum
1015 585 1131 658 adhuc
1149 585 1212 656 ha-

226 695 282 761 bet
310 704 509 781 peccatum,
536 691 630 781 quod
654 691 729 759 vult
746 687 841 760 Deus
857 691 997 778 agnosci
1022 714 1041 758 a
1064 691 1153 780 piis,
1171 704 1213 760 ,ει

227 791 442 862 ariortificari.
500 789 600 860 Sicut
622 789 753 860 Paulus
777 793 910 884 inquit:
946 789 1082 884 Corpus
1106 791 1212 860 morti

225 896 437 962 destinatum
455 907 503 961 est
520 907 662 983 propter
679 908 869 984 peceatum.
921 890 967 963 Et
983 892 1127 963 Petrus:
1154 892 1212 961 lu-

226 997 357 1065 dicium
384 1019 403 1062 a
427 995 532 1062 domo
563 993 629 1062 Dei
663 994 796 1083 incipit.
847 993 899 1062 =ln
926 997 1088 1064 secundis
1109 996 1212 1063 rebus

227 1122 299 1165 non
322 1095 490 1164 sentinms
514 1097 603 1162 iram
626 1093 694 1190 Dei
716 1099 882 1164 adversus
901 1112 1098 1186 peccatum,
1131 1097 1211 1164 ideo

227 1203 456 1286 languescunt
485 1199 614 1276 animi,
648 1199 738 1266 liunt
768 1197 905 1286 ignavi,
940 1199 1213 1266 'obliviscuntur

227 1300 305 1370 Dei.
368 1297 413 1370 Ut
444 1298 553 1388 igitur
574 1313 751 1388 peccatum
776 1322 1023 1387 agnoscamus,
1053 1295 1211 1367 Ecclesia

226 1403 415 1472 subiicitur
438 1401 640 1489 ingentibus
666 1402 860 1486 aerumnis,
891 1400 1021 1492 quibus
1044 1401 1212 1470 admone-

227 1529 325 1590 mur,
349 1514 389 1571 ut
406 1491 617 1571 invocemus
633 1503 856 1571 liberatorem
875 1499 1007 1571 Filium
1023 1499 1101 1572 Dei.
1156 1503 1159 1508 ’

329 1603 472 1674 Dictum
498 1618 546 1672 est
571 1608 613 1672 ad
638 1601 746 1674 Cain:
779 1603 963 1674 Peccatum
987 1619 1087 1673 tuum
1112 1603 1212 1694 quie-

227 1720 318 1792 scet,
344 1709 456 1777 donec
478 1705 704 1778 revelabitur.
757 1704 829 1776 Ubi
850 1705 949 1774 brevi
972 1707 1079 1774 verbo
1103 1705 1213 1792 signi-

227 1813 327 1878 ficata
346 1823 396 1879 est
412 1810 473 1876 illa
491 1807 598 1878 totius
615 1805 738 1877 murrdi
752 1808 931 1891 securitas,
948 1831 1026 1876 cum
1044 1807 1110 1876 ait:
1126 1805 1214 1874 Pec-

229 1925 343 1981 catum
369 1911 540 2006 quiescet,
567 1909 716 1998 scilicct,
750 1911 787 1976 in
810 1909 928 2000 impiis
952 1933 1085 2000 poenae
1109 1907 1213 1974 dille-

228 2014 376 2093 runtur,
404 2036 478 2080 non
494 2011 651 2080 cernitur
666 2013 718 2079 ira
734 2010 811 2081 Dei.
852 2011 898 2080 At
916 2011 954 2078 in
969 2009 1124 2078 Ecclesia
1140 2032 1213 2079 non

229 2115 375 2206 quiescit
396 2128 595 2205 peccatum,
622 2115 680 2182 sed
706 2111 930 2202 agnoscitur,
954 2112 1083 2183 incutit
1099 2126 1213 2180 terro-

228 2240 302 2303 res,
336 2231 370 2286 et
398 2238 525 2304 magno
552 2216 741 2284 certamine
773 2215 986 2283 vincendum
1015 2227 1077 2288 est.
1129 2213 1212 2284 ldeo

229 2320 428 2411 propositae
445 2332 527 2386 sunt
542 2340 742 2388 aerumnae.
814 2357 819 2368 .

331 2419 493 2489 Secunda
517 2418 608 2486 ratio
639 2431 708 2500 est,
741 2440 850 2509 quare
870 2411 1026 2484 Ecclesia
1057 2416 1212 2484 subiecta

229 2523 490 2591 estserumnis:
517 2520 599 2612 quia
622 2517 717 2588 Deus
742 2519 816 2587 vult
840 2519 1032 2608 potentiam
1052 2515 1136 2586 Filii
1156 2519 1212 2590 sui

229 2625 275 2693 ita
291 2625 365 2692 heri
388 2621 682 2712 conspectiorem,
707 2645 786 2688 curn
810 2619 921 2688 vincit
946 2619 1127 2688 diabolum
1151 2645 1214 2710 per

228 2727 397 2794 infirmos.
448 2721 536 2792 Nam
554 2725 592 2791 in
608 2717 675 2792 hoc
690 2721 880 2792 certamine
905 2745 1069 2791 nos·non
1092 2745 1214 2791 sumus

164 2825 166 2830 ’
229 2829 352 2907 duces,
395 2839 532 2895 tantum
567 2825 698 2894 milites
726 2824 781 2891 vel
813 2826 1048 2893 instrumenta
1080 2848 1212 2896 sumus.

114 2933 118 2942 '
227 2927 401 3000 Diabolus
418 2930 518 2997 ardet
533 2927 615 2996 odio
632 2925 718 3009 Dei,
745 2939 777 2995 et
796 2925 1024 3013 belligeratur
1047 2950 1125 2994 cerm
1150 2924 1211 2995 Fi-

229 3029 367 3116 lioDei,
386 3025 480 3098 hunc
498 3029 609 3099 vincit
625 3025 737 3110 Filius
747 3027 811 3097 Dei
826 3027 863 3094 in
878 3023 1034 3095 Ecclesia
1053 3027 1211 3099 infirma:

228 3135 316 3203 sicut
353 3131 506 3201 restituit
531 3130 648 3198 Adam
680 3129 837 3220 lapsum,
871 3129 961 3197 sicut
992 3131 1215 3199 conservavit

228 3233 441 3317 Ecclesiam,
474 3231 711 3301 saevientibus
734 3233 772 3299 in
790 3253 866 3300 eam
892 3221 1052 3300 ¹omnium
1075 3246 1213 3324 tempo-

226 3361 305 3405 rum
329 3335 500 3429 tyrannis.
553 3333 712 3405 Sciamus
735 3332 844 3422 igitur
865 3356 930 3400 nos
952 3328 1080 3404 adhoc
1102 3351 1213 3403 certa-

226 3462 308 3506 men
332 3451 471 3506 vocatos
493 3459 584 3516 esse,
611 3435 709 3504 utin
733 3449 854 3505 nostra
876 3435 1079 3505 infirmitate
1100 3436 1215 3506 luceat

226 3539 399 3609 consessio
419 3551 452 3608 ct
467 3539 579 3628 gloria
596 3535 674 3610 Dei.

329 3639 402 3709 Has
419 3665 538 3712 causas
552 3641 756 3709 intueamur
778 3638 815 3706 in
829 3638 997 3707 omnibus
1021 3641 1213 3724 aerumnis,

227 3757 260 3813 et
276 3743 426 3813 sciamus
443 3741 516 3813 Deo
532 3742 770 3811 obediendum
788 3763 876 3824 esse,
899 3740 959 3832 qui
976 3741 1125 3810 subiecit
1141 3739 1211 3810 Ec-

226 3845 365 3916 clesiam
391 3845 522 3915 talibus
551 3842 816 3914 afflictionibus.
869 3839 923 3909 Ac
946 3843 1211 3910 meminerimus

225 3971 289 4018 nos
312 3960 474 4036 oportere
505 3969 694 4035 agnoscere
725 3958 757 4012 et
780 3943 989 4012 mortificare
1019 3957 1211 4035 peccatum,

226 4049 364 4119 etiarnsi
378 4049 413 4118 id
431 4049 469 4117 in
486 4049 605 4139 impiis
621 4047 788 4140 quiescit,
814 4040 881 4114 hoc
897 4059 964 4126 est,
992 4047 1029 4114 in
1045 4071 1210 4139 praesen-

225 4152 292 4238 tia,
317 4175 381 4220 nee
398 4151 594 4236 iudicatur,
619 4173 685 4220 nec
700 4149 858 4238 partitur.

324 4250 404 4324 Huc
422 4253 602 4343 pertinent
623 4252 797 4344 plurimae
819 4251 1027 4322 sententiae.
1078 4250 1208 4322 Humi-

227 4354 364 4422 liamini
385 4359 449 4423 sub
466 4353 601 4444 potenti
618 4377 726 4422 manu
740 4348 818 4421 Dei.
872 4347 972 4435 ltem,
990 4350 1116 4423 Psalm.
1129 4351 1209 4425 36.:

228 4454 401 4526 Subditus
420 4471 492 4526 esto
517 4454 612 4536 Deo,
644 4469 675 4524 et
705 4467 958 4544 expertarum.
1016 4454 1114 4524 Haec
1139 4471 1210 4526 tota

226 4558 386 4628 doctrina
402 4557 520 4647 ignota
537 4573 589 4628 est
613 4556 761 4639 rationi,
786 4547 1051 4646 philosophiae,
1076 4572 1109 4628 et
1131 4559 1212 4648 legi,

228 4661 287 4730 sed
319 4661 357 4728 in
384 4657 577 4748 Evangelio
604 4659 782 4750 proposita
810 4672 880 4737 est,
915 4680 979 4725 cur
1008 4660 1212 4749 affligantur

228 4760 321 4832 iusti.
374 4758 480 4841 ltem,
507 4763 600 4854 quod
621 4759 715 4830 Deus
732 4783 812 4828 vere
828 4761 992 4828 exaudiat
1008 4761 1212 4838 invocantes

227 4863 342 4952 ipsum
367 4863 405 4933 in
422 4863 694 4947 alllictionihus,
721 4864 814 4955 quod
839 4859 934 4932 Deus
958 4878 1054 4932 sanet
1079 4866 1213 4934 contri-

228 4977 299 5050 tos,
332 4968 427 5058 quod
451 4963 662 5036 sacrificium
684 4963 760 5033 Deo
784 4965 828 5034 sit
852 4962 1005 5054 Spiritus
1030 4968 1211 5037 corttribu·

222 5065 326 5140 latus·

328 5165 424 5250 llaec
445 5173 488 5239 de
511 5170 626 5263 primo
649 5169 727 5240 loco
751 5169 903 5240 breviter
920 5170 1061 5251 monui,
1088 5171 1213 5270 inquo

228 5270 356 5366 singuli
372 5275 563 5364 cogitemus
579 5275 622 5341 dc
637 5273 766 5349 nostris
781 5271 979 5356 aerumnis,
1006 5272 1211 5368 pracsertim

792 75 938 184 'nram
968 111 1083 184 uuo.
1112 113 1320 189 scatere
1351 115 1651 193 exacueret.

2164 139 2228 212 212

1261 288 1333 360 illis
1357 313 1448 382 quae
1478 295 1695 363 comitantur
1718 316 1803 378 nos,
1844 309 2028 391 postquam
2055 301 2092 368 in
2123 307 2227 376 navim

1263 389 1395 462 Christi
1421 395 1699 464 conscendimus.
1753 391 1849 465 llaec
1869 399 2030 468 navicula
2049 407 2229 479 concutitur

1262 495 1464 581 ingentibus
1485 498 1657 585 procellis.
1711 495 1885 568 Diabolus
1908 501 2059 589 impellit
2079 516 2229 596 tyrannos

1261 597 1303 664 ad
1322 619 1399 663 earn
1418 598 1625 681 delendam,
1649 599 1736 669 serit
1758 603 1921 670 scandala
1938 597 2120 674 horribilia
2136 622 2166 676 et
2181 611 2229 678 in·

1263 697 1490 767 extricabilia.
1544 697 1613 768 Sed
1633 717 1776 792 propter
1793 695 1878 770 haec
1901 726 1973 770 non
2001 707 2191 779 deficiamus
2213 739 2228 780 a

1263 797 1428 881 veritate,
1463 801 1638 870 discamus
1669 805 1751 871 item
1774 807 1845 892 regi
1866 801 2058 873 Ecclesiam
2084 833 2150 876 nou
2171 807 2227 880 hu·

1262 900 1376 966 mauis
1399 902 1571 982 consiliis,
1599 907 1657 972 sed
1683 906 1834 994 divinis,
1868 929 1907 974 ac
1931 903 2044 975 Deum
2066 910 2165 993 velle,
2196 929 2229 986 ut

1263 1025 1335 1069 non
1359 1002 1518 1073 nitamur
1549 1008 1678 1076 nostris
1709 1008 1866 1075 consiliis
1897 1021 1931 1077 et
1954 1010 2149 1096 praesidiis,
2180 1019 2230 1082 sed

1262 1104 1469 1194 simpliciter
1485 1107 1767 1198 obtemperemus
1780 1109 1979 1193 vocationi,
2006 1125 2039 1180 et
2061 1113 2168 1202 ipsum
2184 1115 2231 1182 in-

1262 1228 1437 1278 vocemus.

1600 1375 1918 1426 socundustoous

1364 1470 1583 1544 Naturaliter
1612 1478 1777 1547 dubitant
1809 1480 1937 1570 animi,
1981 1486 2178 1572 praesertim
2200 1487 2230 1554 in

1265 1573 1539 1661 afflictionibus,
1557 1599 1600 1644 an
1614 1575 1808 1657 Deolcurac
1825 1583 1945 1662 simus,
1973 1608 2018 1652 an
2035 1585 2079 1654 sit
2094 1611 2155 1656 nos
2170 1611 2232 1656 scr·
2261 1661 2266 1672 ,

1263 1691 1426 1760 veturus,
1450 1702 1495 1746 an
1512 1679 1598 1748 velit
1611 1682 1785 1752 exaudire.
1840 1680 1918 1753 Hoc
1935 1685 2066 1773 ingens
2091 1703 2122 1758 et
2144 1712 2231 1757 arca·
2288 1709 2289 1744 ³

1264 1794 1549 1868 numpeccatum
1578 1805 1650 1850 non
1677 1783 1880 1872 intelligunt
1904 1779 2115 1878 hypocritae.
2167 1787 2231 1860 lmo

1263 1881 1401 1967 fingunt
1418 1875 1481 1949 has
1499 1883 1660 1952 tenebras
1677 1897 1712 1954 et
1726 1886 1965 1956 dubitationes
1986 1914 2061 1970 non
2078 1915 2148 1960 esse
2163 1916 2231 1982 pec·

1264 1995 1348 2050 cata.
1400 1978 1469 2052 Hic
1496 2005 1597 2052 error
1621 1987 1773 2056 urarime
1796 1983 2108 2076 reprehendendus
2130 2007 2176 2062 est
2200 1996 2232 2062 in

1263 2080 1430 2156 Ecclesia.
1481 2083 1529 2156 Et
1545 2087 1735 2156 discrimen
1750 2089 1834 2158 lacit
1850 2092 2009 2160 doctrina
2032 2094 2076 2163 de
2100 2095 2163 2164 lide
2183 2097 2231 2164 in-

1264 2197 1317 2254 ter
1351 2180 1542 2254 Ecclesiam
1575 2202 1608 2257 et
1640 2213 1761 2258 omnes
1798 2191 1882 2260 alias
1910 2207 2036 2262 sectas:
2070 2209 2119 2266 est
2149 2199 2232 2266 enim

1264 2289 1468 2356 illaudatum
1483 2285 1549 2356 Dei
1566 2303 1746 2358 aeternum
1765 2307 1798 2360 et
1813 2292 2046 2377 immutabile,
2072 2310 2111 2368 ut
2125 2301 2232 2368 creda·
2289 2307 2290 2350 f

1263 2409 1342 2456 naus
1365 2387 1402 2456 in
1426 2386 1557 2458 Filium
1574 2389 1662 2476 Dei,
1690 2388 1756 2460 hoc
1781 2407 1848 2478 εει,
1874 2409 1913 2466 ut
1937 2400 2119 2470 credamus
2142 2401 2234 2470 nobis

1265 2502 1409 2579 propter
1423 2486 1555 2560 Filium
1574 2491 1638 2560 Dei
1662 2496 1813 2582 ignosci,
1828 2519 1894 2565 nos
1910 2499 2040 2590 recipi,
2057 2523 2157 2570 curae
2171 2524 2234 2572 esse

1263 2588 1356 2676 Deo,
1382 2594 1540 2662 exaudiri
1557 2618 1575 2662 a
1591 2591 1679 2679 Deo,
1704 2609 1737 2664 et
1752 2601 1943 2668 servandos
1959 2623 2046 2673 esse.
2092 2601 2172 2674 ldeo
2188 2617 2234 2672 to·

1264 2694 1327 2762 ties
1350 2695 1519 2782 scriptum
1542 2709 1609 2766 est:
1638 2693 1749 2768 Orate
1768 2700 1843 2768 sine
1863 2696 2107 2779 haesitatione.
2157 2703 2236 2776 Oret

1263 2795 1301 2862 in
1317 2795 1385 2863 lide
1400 2791 1491 2863 nihil
1507 2794 1699 2868 haesitans:
1725 2802 1797 2868 imo
1821 2825 1899 2870 cum
1916 2804 2139 2876 dubitatione
2155 2832 2235 2878 sem·

1263 2921 1326 2986 per
1342 2897 1530 2967 coniuncta
1554 2912 1605 2968 est
1629 2900 1826 2987 indignatio
1845 2904 2014 2974 adversus
2031 2904 2162 2994 Deum,
2184 2933 2235 2978 su·
2290 2907 2291 2932 ³

1264 3013 1433 3087 parantur
1449 3012 1565 3069 autem
1580 2999 1682 3090 iinpii
1699 3003 1939 3090 dubitatione,
1960 3013 2021 3077 sed
2042 3011 2149 3079 sancti
2167 3034 2234 3080 cum

1264 3101 1700 3190 dubitatione'luctantur,
1730 3119 1764 3174 et
1780 3105 1928 3176 vincunt
1944 3131 2020 3179 earn
2041 3111 2121 3182 lide.

1366 3217 1464 3290 Haec
1478 3222 1638 3291 doctrina
1663 3224 1701 3291 in
1718 3238 1906 3314 conspectu
1929 3230 2034 3298 nobis
2058 3255 2129 3300 esse
2146 3233 2234 3300 debet

1264 3322 1302 3391 in
1319 3323 1418 3390 omni
1435 3324 1657 3394 invocatione
1678 3340 1710 3395 et
1727 3325 1982 3396 clamitandutn
2000 3346 2068 3402 est:
2096 3332 2233 3403 Domine

1264 3426 1396 3512 adauge
1419 3425 1523 3493 nobis
1545 3427 1661 3500 fidem.
1716 3425 1818 3496 ltem:
1846 3425 1961 3500 Credo
1988 3431 2157 3516 Domine,
2182 3433 2232 3502 sed

1264 3527 1393 3596 adiuva
1418 3526 1701 3602 incredulitatem
1725 3553 1849 3602 meam.
1913 3531 2143 3623 colligendae
2163 3549 2234 3605 sunt

1265 3629 1367 3698 etiam
1384 3630 1577 3697 sententiae
1599 3645 1632 3700 et
1650 3631 1826 3721 exempla,
1852 3657 1941 3726 quae
1966 3634 2156 3724 prohibent
2176 3641 2232 3706 du-

1265 3729 1489 3813 bitationem,
1523 3743 1577 3801 ut:
1604 3727 1734 3802 Omnis
1757 3733 1819 3824 qui
1838 3733 1982 3807 conlidit
2007 3739 2046 3807 in
2070 3766 2147 3812 enm
2171 3761 2234 3808 non

1263 3833 1511 3906 confundetur.
1563 3831 1669 3905 ltem:
1703 3833 1808 3904 Fides
1836 3849 1896 3906 tua
1929 3850 1962 3908 te
1989 3843 2126 3912 salvum
2155 3841 2236 3912 lecit.

1262 3932 1310 4004 Et
1325 3935 1363 4001 in
1380 3930 1447 4002 hoc
1464 3929 1658 4025 Evangelio
1676 3930 1839 4007 Christus
1853 3938 2019 4030 obiurgat
2041 3943 2234 4038 Apostolos:

1263 4035 1361 4122 Quid
1378 4035 1525 4121 timetis,
1551 4061 1610 4106 seu
1636 4039 1752 4129 potius
1774 4039 2067 4131 trepidatis‚,vos
2090 4045 2236 4117 modicae

1261 4137 1367 4206 fidei?

1363 4249 1562 4344 Diligenter
1586 4267 1703 4323 autem
1728 4259 2025 4334 considerandum
2050 4278 2102 4335 est
2125 4264 2237 4332 discri-

1261 4379 1362 4444 men,
1387 4357 1447 4423 ubi
1475 4355 1520 4425 sit
1546 4355 1721 4426 dubitatio
1750 4359 1874 4446 impia,
1900 4387 1960 4431 seu
1977 4389 2067 4456 quae
2084 4365 2235 4434 nomina-

1261 4457 1325 4528 tim
1342 4457 1437 4526 credi
1454 4466 1487 4526 el
1508 4459 1681 4551 expectari
1706 4477 1885 4550 oporteat,
1912 4465 2075 4536 videlicet
2099 4468 2237 4560 promis-

1262 4560 1397 4628 sionem
1420 4553 1604 4650 Evangelii
1628 4563 1828 4651 propriam,
1862 4569 1958 4657 quod
1982 4564 2081 4638 Deus
2104 4583 2236 4662 propter

1263 4655 1444 4734 Christum
1461 4661 1527 4732 tibi
1551 4661 1636 4731 velit
1656 4663 1852 4750 ignoscere,
1879 4682 1913 4737 te
1929 4667 2104 4760 recipere,
2129 4686 2161 4742 te
2185 4695 2237 4740 er·

1264 4763 1387 4832 audire
1419 4777 1452 4832 et
1481 4765 1627 4837 salvare.
1686 4763 1782 4834 llaec
1812 4791 1950 4837 necesse
1981 4786 2032 4840 est
2063 4771 2175 4864 credi,
2208 4785 2237 4840 ct

1264 4865 1466 4957 praelucere
1496 4861 1580 4934 haec
1610 4865 1783 4954 generalis
1805 4867 1890 4936 ledes
1914 4871 1950 4938 in
1974 4873 2074 4941 omni
2103 4876 2235 4944 invoca-

1263 4969 1362 5036 tione
1385 4968 1507 5050 debet,
1539 4971 1619 5060 quia
1654 4983 1704 5038 est
1737 4973 1942 5039 mandatum
1970 4957 2187 5046 immutabile
2208 4987 2237 5044 et

1263 5067 1478 5138 universale:
1511 5059 1626 5137 Hunc*
1643 5072 1773 5140 audite.
1827 5067 1958 5142 Omnis
1985 5077 2047 5168 qui
2078 5079 2184 5148 credit
2203 5079 2237 5145 in

1262 5169 1393 5240 Filium
1421 5171 1623 5240 salvabitur.
1678 5170 1750 5258 Qui
1775 5197 1848 5242 non
1885 5177 1995 5246 credit
2029 5177 2068 5246 in
2102 5177 2236 5268 lilium,

1263 5285 1380 5346 manet
1396 5272 1446 5346 ira
1461 5269 1528 5342 Dei
1544 5297 1649 5362 super
1664 5299 1756 5344 eum.
