4620 5814
265 187 345 268 css
857 162 1721 266 mnam-mommo,
2218 188 2281 267 ecc

230 429 265 440 „
317 360 401 444 „tl
424 343 529 422 dixit
541 338 603 420 ad
617 337 743 418 illum:
768 335 856 416 Est
868 334 917 418 de
931 347 1031 413 terro
1047 348 1132 426 tua,
1154 347 1191 412 et
1208 335 1253 416 de
1363 343 1438 422 Hic
1452 341 1648 424 essMom

261 525 267 532 ,
363 448 590 550 cognatione
614 456 701 534 tua,
728 453 764 517 et
788 441 877 518 aeni
904 438 945 514 in
973 450 1111 516 terram
1141 467 1256 543 quam

366 563 621 628 monstravero
652 543 740 625 tibi,
806 541 914 618 Tunc
951 542 1044 620 exiit
1082 540 1126 618 de
1156 555 1255 619 terro

267 731 271 736 ,
369 651 672 738 Chaldaeorum,
703 657 741 720 a
773 641 961 720 babitarit
992 646 1033 720 in
1062 635 1256 720 Cbar'ron.

1415 455 1494 522 tam
1517 341 1842 525 susembblibbbl
1851 344 2281 536 'bllblrlcr'lddbelbeub'rlbsbbl

1413 544 1669 730 Zssp‘tsribus
1690 553 1841 648 uestro,
1873 564 2054 658 tanquam
2074 583 2147 648 me,
2177 559 2281 659 ipsum

371 757 427 848 Et
450 751 541 830 inde
559 761 757 855 postquam
777 759 887 849 paler
905 747 985 822 ²⁸⁸1ss
1004 757 1173 822 witus
1194 757 1259 838 Μ,
1363 761 1667 842 Tabernaculum
1681 769 1887 845 testimonii
1893 770 1974 872 suit
2008 771 2152 848 utribus
2162 777 2281 848 nostris

368 853 568 934 transtulit
585 849 703 925 :illum
727 851 931 923 interram
953 850 1084 934 istam,
1113 851 1157 923 in
1182 875 1259 952 quo

279 1037 287 1047 ,
374 985 438 1035 cos
452 979 554 1030 ⁴ncesse
567 951 772 1037 bobitatis,
794 962 828 1024 et
839 977 919 1024 non
935 947 1035 1026 dedit
1051 949 1116 1024 illi
1127 947 1259 1026 baere-

367 1060 525 1136 ditatem
555 1056 596 1128 in
625 1080 690 1141 ea,
718 1077 837 1156 neque
857 1077 1011 1152 passum
1039 1049 1163 1153 pedis,
1195 1050 1262 1127 sed

373 1159 547 1264 promisit
563 1181 601 1230 se
615 1153 796 1229 daturum
811 1181 891 1230 eam
903 1151 1170 1255 possidendam
1186 1155 1262 1250 ipsi

316 1305 320 1318 ¹
373 1275 407 1340 ct
435 1261 572 1337 semini
591 1257 675 1330 eius
692 1268 781 1360 post
805 1257 952 1356 ipsunt,
985 1281 1065 1330 cum
1091 1253 1259 1330 nondum

266 1387 274 1394 '
370 1357 672 1457 nutuufitium.

265 1489 275 1498 ·
324 1469 489 1547 Locutus
502 1472 556 1537 est
569 1471 691 1534 autem
699 1457 805 1532 Deus
819 1460 890 1531 sic:
917 1457 1009 1532 Erit
1021 1483 1141 1532 semen
1157 1469 1260 1531 tuum

373 1564 602 1746 inpuilinum
640 1565 680 1635 in
716 1572 816 1634 terra
845 1561 993 1650 aliena,
1033 1572 1065 1633 et
1094 1561 1264 1634 servituti

265 1704 271 1721 ‘
374 1671 408 1746 il
425 1665 479 1744 ud
495 1665 707 1751 subiicient,
735 1671 772 1736 et
789 1662 892 1734 »male
912 1662 1124 1735 tractabunt
1147 1661 1262 1734 annis
1298 1707 1299 1710 =

372 1767 678 1878 quadringentis,
703 1773 735 1836 et
747 1774 889 1860 gentem
901 1765 963 1836 cui
975 1764 1177 1850 servierint,
1203 1764 1262 1836 iu-

311 1901 315 1909 ’
370 1871 509 1952 dicabo
528 1893 615 1966 ego,
638 1863 742 1939 dixit
759 1863 885 1950 Deus,
899 1875 945 1938 'et
965 1876 1049 1965 post
1071 1861 1162 1940 boec
1182 1865 1262 1938 eai-

269 1995 276 2004 '
334 1997 336 2004 ’
373 1978 486 2061 bunt,
507 1982 545 2045 et
559 1969 714 2044 servient
729 1962 827 2038 mibi
841 1969 881 2039 in
901 1965 979 2039 loco
995 1967 1078 2043 isto.
1129 1965 1185 2038 Et
1200 1963 1263 2039 dc-

345 2107 352 2136 ‹
371 2075 432 2153 dit
459 2072 525 2148 illi
542 2077 796 2145 testamentum
818 2067 1123 2153 circumcisionis,
1148 2078 1180 2140 et
1201 2064 1263 2140 bic

374 2177 502 2279 genuit
522 2173 656 2261 Isaac,
679 2181 711 2244 et
733 2168 955 2243 circumcidit
978 2194 1058 2242 eum
1083 2166 1142 2241 die
1163 2179 1262 2242 octo·

364 2309 442 2366 -va,
469 2288 501 2350 et
517 2275 634 2348 Isaac
648 2269 784 2356 Iacob,
810 2281 842 2341 et
859 2269 973 2343 Iacob
989 2268 1177 2344 duodecim
1191 2297 1263 2369 pa·

376 2372 577 2466 triarchas.
780 2457 783 2466 Ι

327 2485 382 2560 Ee
401 2471 643 2583 patriarchae
664 2469 892 2545 aemulantes
912 2467 1067 2569 Ioseph,
1094 2468 1264 2544 vendide-

206 2573 209 2580 ’
296 2581 299 2590 ’
378 2591 464 2657 runt
488 2581 528 2658 in
542 2575 770 2677 Aegyptum,
794 2585 826 2646 et
841 2583 918 2646 erat
932 2571 1039 2644 Deus
1056 2598 1136 2645 cum
1151 2597 1209 2664 ca,
1231 2583 1264 2646 ct

169 2677 172 2684 ’
271 2745 282 2758 .
377 2682 509 2786 cripuit
518 2705 603 2754 eum
611 2703 661 2752 ex
675 2675 844 2752 omnibus
858 2674 1165 2748 tribulationibus
1176 2673 1265 2762 cius,

273 2851 280 2860 .
322 2861 325 2872 ,
377 2798 411 2866 et
440 2776 539 2867 dedit
570 2781 607 2854 ei
629 2779 797 2877 gratiam
825 2787 858 2850 et
888 2775 1114 2875 sapicntiam
1139 2798 1264 2848 coram

273 2933 277 2942 ·
378 2883 580 2972 Pharaone
607 2877 887 2980 regeAepypti,
917 2887 949 2951 et
972 2877 1161 2951 constituit
1184 2900 1264 2948 eum

274 3053 282 3064 .
375 2983 505 3074 duccm
538 3006 648 3082 super
677 2977 885 3081 Aegyptum
906 2988 944 3051 -et
971 2986 1087 3052 totam
1116 2975 1262 3052 domum

330 3165 334 3174 .
376 3116 498 3172 suam·

334 3194 375 3280 V
373 3191 447 3276 cnit
464 3197 589 3264 autem
596 3184 725 3286 sames
747 3184 787 3256 in
804 3178 1017 3256 universam
1041 3191 1177 3253 terram
1195 3175 1265 3252 Ae-

274 3313 283 3372 '.
308 3363 313 3378 ,
375 3293 486 3404 appii
498 3301 529 3364 et
538 3279 743 3377 Cbanaan,
767 3296 799 3386 et
814 3282 1009 3358 tribulatio
1021 3307 1176 3381 magna,
1202 3305 1265 3354 nec

368 3407 369 3412 ’
383 3394 610 3470 inveniebant
627 3387 725 3462 cibos
737 3397 865 3487 patres
881 3383 1010 3458 nostri.

277 3543 288 3579 ·,
328 3495 384 3574 Et
408 3491 589 3580 descendit
609 3489 726 3564 lacob
746 3489 790 3564 in
813 3488 1037 3587 Aegyptum,
1072 3496 1104 3559 et
1129 3483 1264 3584 desun-

278 3664 288 3682 ,
382 3609 460 3680 ctas
484 3605 546 3682 ese,
565 3593 694 3693 ipsect
712 3599 837 3689 patres
859 3588 997 3678 nostri,
1030 3597 1063 3661 et
1083 3585 1267 3662 translati

371 3708 469 3786 ,sunt
492 3697 533 3782 in
548 3688 715 3774 Sicbem,
741 3698 773 3761 et
789 3689 903 3788 positi
922 3699 1009 3762 sunt
1033 3688 1074 3760 in
1088 3687 1264 3786 sepulcro,

276 3865 289 3876 .
316 3793 321 3804 ’
380 3795 483 3902 quod
503 3793 587 3868 emit
605 3786 801 3864 Abrabam
819 3789 940 3890 precio
961 3791 1110 3885 argenti
1130 3815 1155 3862 a
1159 3785 1264 3884 filiis

279 3971 286 3976 .
337 3975 340 3986 ,
379 3887 792 3994 Emor„filiiSiclsem.
931 3963 940 3976 ,

269 4027 271 4032 ’
327 4000 425 4087 Cum
454 4011 576 4088 autem
604 3996 916 4098 appropinquaret
943 3999 1083 4088 tenipus
1105 3989 1265 4088 promis-

281 4172 295 4190 .
378 4107 509 4192 sionis,
535 4125 648 4202 auom
666 4099 854 4184 iuraverat
864 4093 968 4168 Deus
977 4087 1164 4181 Abrabae,
1191 4116 1264 4165 cre-

281 4279 286 4300 ,
315 4283 319 4292 ,
377 4210 431 4286 cit
450 4197 613 4307 papulus
628 4212 659 4274 et
675 4195 946 4297 multiplicatus
960 4203 1013 4266 est
1030 4193 1071 4266 in
1084 4193 1263 4292 Aegypto,

323 4383 325 4390 ,
380 4308 491 4392 donec
512 4302 676 4378 surrexit
698 4298 799 4374 alius
820 4321 886 4370 rex
925 4295 966 4368 ui
980 4321 1054 4369 non
1071 4306 1180 4368 norat
1198 4293 1264 4367 Io-

281 4383 314 4408 ,.
380 4405 497 4510 seplt,
533 4404 620 4504 Hic
622 4397 786 4506 fraudes
807 4323 1186 4505 marbinatuscontro
1199 4421 1264 4493 ge-

311 4589 315 4600 ,
380 4523 451 4586 nus
467 4518 645 4593 nostrum,
670 4499 955 4576 maletractauit
966 4508 1092 4599 potres
1107 4509 1262 4583 nostros,

382 4623 422 4690 ut
438 4616 655 4711 exponerent
672 4603 838 4706 insontis
849 4607 953 4684 suos,
980 4624 1023 4672 ne
1039 4596 1263 4693 vivificaren-

156 4721 161 4736 '
286 4791 290 4802 ,
382 4728 456 4793 tur.
505 4707 649 4782 Eodem
673 4717 826 4806 tempore
845 4714 960 4776 natus
984 4712 1036 4773 est
1059 4699 1204 4784 Moses,
1231 4711 1263 4773 et

382 4819 462 4891 er'at
492 4822 624 4910 gratus
646 4807 747 4894 Deo,
780 4804 848 4907 qui
875 4801 1035 4877 nutritus
1063 4813 1114 4874 est
1144 4802 1263 4875 tribus

284 4975 289 5002 1
380 4915 566 5004 mensibus
581 4913 621 4983 e'n
635 4907 743 4984 domo
755 4900 887 5008 patris.
936 4903 1126 5004 Exposita
1141 4915 1263 4976 autem

289 5085 293 5098 .
384 5020 476 5102 illo,
491 5011 652 5096 ,sustulit
674 5037 753 5086 eum
768 5005 858 5106 filia
876 5002 1111 5094 Pbaraane's,
1136 5017 1169 5079 ct
1193 5033 1264 5078 nu·

368 5122 483 5204 trivit
512 5141 593 5194 eum
614 5113 689 5188 sibi
711 5116 749 5186 in
761 5108 902 5208 filium.
961 5107 1017 5180 Et
1037 5104 1190 5180 eruditis
1212 5119 1264 5180 est

358 5299 359 5306 ,
382 5219 516 5298 Moses
541 5219 644 5295 omni
661 5212 847 5312 sapientia
869 5210 1151 5311 Aegyptiorum,
1185 5221 1263 5282 erat

285 5403 291 5426 Ι
346 5327 349 5334 “
385 5334 505 5398 cutem
518 5334 644 5420 potens
663 5314 831 5416 operibus
848 5324 879 5388 et
895 5313 1023 5434 verbis.

1413 868 1454 941 in
1474 865 1633 961 deserto,
1658 869 1753 946 sicut
1770 869 1953 970 disposuit
2009 899 2122 976 quens
2138 874 2190 948 ad
2202 873 2283 950 Mo-

1412 993 1496 1053 sen,
1539 980 1580 1044 ut
1640 983 1756 1047 areret
1783 971 1886 1047 illud
1912 973 2110 1050 secundum
2130 979 2280 1079 somnam

1413 1095 1527 1170 quam
1554 1071 1591 1144 si
1618 1084 1715 1162 erat,
1745 1071 1850 1175 quod
1866 1085 1901 1150 et
1923 1090 2153 1174 susceperunt
2173 1083 2280 1179 patres

1414 1169 1554 1258 nostri,
1579 1183 1612 1246 et
1626 1175 1875 1277 importarunt
1888 1202 1968 1251 cum
1983 1175 2094 1252 losue
2108 1181 2147 1253 in
2156 1205 2280 1280 posses-

1412 1272 1517 1346 sione
1537 1275 1723 1372 gentium,
1749 1303 1847 1380 quas
1868 1279 2012 1378 expulit
2026 1277 2132 1354 Deus
2154 1307 2178 1351 o
2192 1281 2279 1382 socie

1411 1384 1563 1476 patrum
1589 1389 1819 1465 nostrorum,
1848 1405 1962 1482 usque
1983 1377 2042 1455 od
2059 1379 2136 1456 dies
2157 1378 2279 1466 David,

1415 1473 1496 1575 Qui
1516 1477 1654 1554 invenit
1673 1481 1841 1577 gratiam
1865 1505 1989 1556 coram
2014 1480 2118 1575 Deo,
2143 1493 2174 1555 et
2192 1482 2278 1582 petiit

1415 1588 1455 1651 ut
1470 1578 1646 1653 inveniret
1659 1579 1940 1656 tabernaculum
1951 1580 2175 1661 Declacob.
2220 1581 2279 1658 Sa-

1415 1677 1540 1788 lomon
1556 1691 1680 1756 autem
1696 1679 1905 1780 aedeficavit
1921 1682 1988 1758 illi
2003 1679 2162 1762 domum.

1364 1808 1443 1890 Sed
1475 1813 1686 1890 altissimus
1721 1843 1797 1891 non
1824 1815 1975 1892 bobitot
2005 1819 2046 1892 in
2074 1819 2278 1920 manufactis

1416 1916 1580 2016 templis,
1605 1917 1699 1992 sicut
1707 1913 1894 2019 Propheta
1909 1918 2018 1995 dicit:
2043 1915 2189 1996 Coelum
2202 1913 2280 1990 mibi

1414 2015 1529 2092 sedes·
1547 2029 1619 2106 est,
1656 2029 1757 2092 terra
1787 2033 1910 2096 autem
1937 2020 2142 2096 scabellum
2167 2016 2278 2118 pedum

1414 2145 1586 2197 meorum.
1633 2115 1794 2220 Qualem
1810 2119 1959 2197 domum
1973 2121 2210 2220 aedificabitis
2221 2121 2278 2192 mi·

1417 2216 1480 2316 bi,
1506 2220 1595 2295 dicit
1616 2220 1822 2312 Dominus,
1847 2234 1914 2298 out
1934 2225 2023 2326 quis
2042 2225 2140 2300 locus
2163 2221 2277 2323 requic-

1416 2323 1531 2396 tionis
1554 2348 1655 2397 meae
1678 2326 1767 2399 esc?
1805 2322 1941 2403 Nonne
1960 2353 2097 2402 manus
2119 2349 2194 2398 mea
2203 2323 2277 2426 jecit

1416 2419 1508 2497 baec
1524 2424 1682 2498 omnia?

1365 2554 1476 2632 Decri
1493 2557 1639 2646 ceruice,
1662 2567 1694 2632 et
1710 2559 1957 2634 incircumcisi
1970 2559 2078 2635 corde
2092 2571 2123 2634 ct
2137 2558 2275 2642 auribus,

1418 2682 1480 2730 vos
1499 2659 1639 2756 semper
1652 2657 1815 2759 Spiritui
1834 2672 1964 2735 saneto
1980 2659 2179 2749 restitistis,
2201 2661 2275 2731 sieut

1411 2769 1537 2859 patres
1561 2757 1687 2849 uestri,
1712 2761 1816 2835 itaet
1833 2787 1908 2840 cos.
1960 2759 2080 2862 Quem
2096 2755 2275 2859 Propbeto-

1417 2885 1499 2932 rum
1521 2885 1593 2934 non
1614 2872 1702 2936 sunt
1721 2864 1900 2964 persecuti
1916 2875 2045 2965 patres
2065 2864 2192 2939 uestri?
2233 2855 2275 2930 Et

1400 2958 1623 3050 ¹occiderunt
1659 2986 1735 3049 eos,
1774 2964 1842 3064 qui
1872 2956 2275 3065 praenunciaveruntdc

1417 3058 1577 3136 aduentu
1603 3064 1711 3147 iusti,
1737 3065 1842 3140 cuius
1862 3091 1925 3142 ros
1940 3092 2039 3140 nunc
2052 3063 2274 3169 proditorcset

1418 3161 1590 3238 occisores
1611 3165 1719 3265 facti
1744 3165 1851 3253 estis,
1883 3167 1951 3266 qui
1974 3168 2161 3270 accepistis
2183 3164 2274 3260 legem

1415 3289 1481 3363 per
1509 3261 1767 3366 dispositiones
1790 3265 2038 3365 Angelorum,
2071 3279 2103 3342 et
2128 3291 2196 3340 non
2214 3285 2274 3336 ser·

1417 3367 1546 3440 vastis·
2180 3381 2184 3388 '

1362 3478 1564 3556 Audientes
1591 3493 1712 3556 autem
1741 3479 1849 3568 baec,
1880 3481 2160 3561 dissecabantur
2177 3473 2273 3556 cordi·

1417 3582 1486 3655 bus
1497 3584 1596 3673 suis,
1616 3597 1648 3658 et
1661 3581 1869 3660 stridebant
1881 3583 2053 3662 dentibus
2064 3587 2141 3662 suis
2155 3585 2190 3658 in
2201 3605 2273 3655 eum.

1416 3675 1512 3759 Cum
1527 3696 1648 3761 autem
1663 3697 1753 3758 essct
1763 3685 1897 3787 plenus
1910 3687 2058 3789 Spiritu
2072 3695 2206 3773 sancto,
2228 3681 2273 3752 in·

1418 3787 1527 3860 tentis
1547 3787 1663 3860 oculis
1687 3791 1727 3858 in
1745 3787 1902 3879 coelum,
1929 3788 2022 3864 cidit
2033 3789 2192 3890 gloriam
2204 3779 2273 3866 Dei,

1417 3899 1448 3961 et
1469 3888 1595 3962 lesum
1618 3897 1777 3962 stantem
1797 3915 1823 3962 o
1848 3887 1992 3966 dextris
2012 3891 2110 3974 Dei,
2148 3886 2198 3976 Et
2215 3881 2271 3956 ait:

1416 3987 1522 4077 Eece,
1544 3989 1648 4063 rideo
1663 3989 1778 4065 coelos
1791 4002 1958 4090 apertos,
1975 4005 2007 4066 et
2015 3988 2157 4068 Filium
2172 3981 2271 4061 bome'·

1417 4092 1478 4164 n‘is
1500 4101 1659 4165 stantem
1679 4118 1705 4165 a
1725 4088 1868 4166 dextris
1883 4083 1976 4171 Dei.
2027 4092 2272 4169 Exclamantcs

1416 4185 1538 4266 aulem
1578 4217 1658 4266 uoce
1694 4219 1853 4293 magna,
1900 4196 2152 4270 continuerunt
2183 4207 2272 4262 aures

1415 4320 1527 4381 suas,
1561 4305 1593 4370 et
1622 4296 1794 4397 impetum
1815 4297 1985 4399 secerunt
2010 4294 2224 4372 unanimiter
2241 4285 2275 4400 ‘l'

1417 4420 1515 4480 eum,
1541 4407 1573 4470 et
1594 4399 1740 4471 eiectum
1757 4423 1837 4472 eum
1851 4409 1958 4472 extro
1974 4401 2168 4480 civitatem,
2192 4391 2273 4485 ΙΨ·

1417 4495 1573 4576 dabant.
1626 4499 1681 4574 Et
1703 4509 1808 4573 testes
1830 4498 2072 4599 deposuerunt
2088 4497 2273 4573 vestimenta

1416 4597 1472 4673 ad
1486 4599 1595 4702 pedcs
1618 4600 1876 4686 adolescentis,
1902 4628 1966 4704 qus
1986 4592 2273 4675 vocabaturSat-

1415 4700 1498 4791 lus,
1521 4713 1554 4776 et
1577 4701 1803 4802 lapidabant
1817 4700 2049 4803 Stephanum
2072 4692 2271 4804 inco'canlctf¹

1417 4815 1450 4876 et
1472 4801 1664 4877 dicentem.-
1696 4803 1861 4878 Domine
1882 4803 1990 4892 Iesu,
2022 4801 2159 4900 suscipe
2179 4793 2272 4896 spin-

1415 4915 1493 4977 tum
1521 4930 1650 4982 meum.
1700 4899 1842 4980 Positis
1867 4916 1989 4980 autem
2012 4903 2178 5002 genibus,
2208 4889 2270 4965 εἶθ·

1415 5007 1530 5080 maoit
1562 5029 1640 5081 soce
1670 5033 1831 5106 magno:
1860 5005 2042 5097 Domine,
2075 5031 2117 5080 ne
2145 5005 2269 5074 statuas

1417 5104 1499 5180 illis
1523 5120 1708 5207 peecatum
1736 5105 1815 5190 boc,
1857 5107 1913 5182 Ee
1936 5135 2016 5184 cum
2038 5105 2105 5183 boc
2127 5097 2269 5174 dixisset,

1416 5206 1644 5288 obdormirit.
1970 5217 1973 5228 '
