4674 5822
266 146 366 224 ttta
403 139 418 154 ”

265 445 371 513 opera
388 434 454 492 etc.
475 488 478 494 ,
506 418 664 491 Verbum
683 413 804 488 habes:
819 415 1003 512 ¹Resurget
1027 423 1133 494 trater
1154 439 1251 513 tuus;

246 524 318 609 ¹illi
334 525 453 608 crede,
480 521 637 591 etvives.
1243 581 1247 590 .

326 689 417 789 Ego
442 683 598 775 credidi,
622 683 723 788 quod
745 681 784 760 lu
812 713 848 760 es
861 685 976 782 filius
1002 690 1081 762 Da·
1105 691 1187 767 vr'vr‘.

240 839 243 850 ‘
365 827 599 898 Hebraismus
623 841 690 895 est:
727 821 802 915 Ego
828 828 984 912 credidi,
1009 855 1090 921 pro:
1123 829 1249 923 Credo,

262 934 359 1025 quod
381 945 476 1001 tues
499 925 662 1000 Christus
684 928 778 998 filius
802 928 871 997 Dei
897 929 989 1014 vivi,
1034 947 1139 1026 atque
1161 937 1248 1004 adeo

263 1034 325 1126 qui
340 1045 374 1104 et
389 1046 538 1103 mortem
558 1052 715 1113 evacuas,
737 1025 860 1116 haeres
875 1036 1035 1118 omnium
1051 1049 1084 1103 et
1099 1058 1249 1122 regnans

262 1136 301 1204 in
332 1149 514 1206 aeternum
544 1147 606 1200 etc.
665 1129 717 1199 Ne
745 1132 991 1201 circumscribe
1021 1147 1159 1225 tempus
1187 1138 1248 1218 sic,

261 1250 343 1307 ante
358 1237 432 1306 scio
444 1235 527 1330 qnia
545 1248 713 1322 resurget.

427 1429 431 1452 ¹
484 1400 585 1473 Abiit
612 1412 643 1472 et
672 1400 809 1472 vocavit
836 1397 1018 1474 Mariam.

363 1539 470 1630 Quod
488 1539 720 1620 describitur,
749 1533 927 1608 Martham
952 1552 1088 1610 tantum
1115 1543 1245 1627 vocari,

260 1644 358 1735 sequi
375 1654 478 1713 testes
493 1665 566 1710 non
582 1640 788 1721 accersitos,
815 1641 851 1707 in
879 1635 945 1708 hoc
968 1641 1025 1722 fit,
1050 1657 1090 1711 ut
1112 1643 1246 1732 signifi-

259 1759 330 1830 cet,
356 1747 400 1813 de
415 1744 581 1834 operibus
598 1738 663 1812 Dei
681 1763 803 1810 omnes
823 1736 986 1810 homines
1002 1744 1143 1827 testari,
1168 1745 1245 1814 lru-

259 1861 354 1916 ctum
377 1860 494 1915 autem
516 1865 663 1934 operum
686 1841 753 1912 Dei
775 1855 808 1910 et
828 1843 1104 1913 consolationem
1122 1867 1245 1936 perve-

258 1949 338 2017 nire
360 1947 403 2014 ad
425 1959 578 2018 vocatos.
639 1943 698 2014 Sic
726 1958 865 2015 sanctos
893 1944 1042 2015 afflictos
1072 1964 1170 2016 vocat
1198 1952 1243 2016 ad

258 2048 558 2133 consolationem,
591 2060 630 2116 ut
657 2046 799 2114 interim
824 2046 955 2115 nesciat
978 2049 1133 2118 mundus
1156 2051 1241 2142 quid

256 2150 334 2234 fiat,
359 2163 455 2241 putet
469 2161 606 2220 sanctos
619 2149 736 2238 potius
756 2147 800 2216 ad
818 2147 1031 2236 plorandum
1052 2150 1124 2234 ire,
1157 2155 1242 2220 dum

256 2253 353 2320 videt
370 2275 429 2322 eos
454 2250 652 2322 tristissima
678 2270 838 2342 quaeque
863 2249 947 2338 pati.
999 2248 1099 2320 Sicut
1123 2266 1158 2323 et
1179 2253 1242 2321 filii

257 2351 369 2426 lsrafil
387 2377 428 2422 ex
445 2349 605 2448 Aegypto
624 2350 882 2433 educebantur,
909 2364 943 2420 et
958 2345 1162 2442 Sophoniae
1176 2351 1241 2428 ltt.

254 2450 452 2525 Christiani
469 2453 622 2545 populus
638 2475 772 2544 pauper
795 2465 829 2519 et
848 2474 976 2539 egenus
995 2467 1164 2524 vocantur
1171 2481 1182 2554 Ξ
1208 2471 1243 2527 et

254 2570 374 2628 tamen
388 2556 512 2624 eodem
528 2554 607 2624 loco
624 2554 794 2643 scriptum
811 2565 876 2620 est:
902 2549 984 2621 Non
1001 2555 1067 2623 erit
1083 2555 1144 2648 qui
1169 2573 1240 2628 ter·

254 2671 389 2742 reatur3
417 2658 517 2726 item:
543 2653 625 2724 Non
643 2653 785 2725 timebis
800 2653 930 2722 malum
948 2668 1011 2728 etc.
1066 2656 1137 2745 Qui
1159 2651 1241 2729 Ma·

253 2760 341 2830 riam
358 2757 388 2845 ⁷)
404 2769 601 2850 sequuntur
616 2769 716 2826 testes
733 2767 814 2825 sunt
831 2754 965 2844 gloriae
983 2753 1061 2826 Dei.

423 2923 626 3028 Infremoit
650 2889 804 3020 spirito,
831 2933 862 2996 et
888 2925 1064 3002 turbavit.

353 3061 530 3133 Fremitus
543 3059 745 3151 indignatio
761 3063 934 3152 quaedam
952 3076 1014 3147 est,
1041 3061 1123 3155 quia
1141 3087 1238 3134 com·

251 3178 414 3236 movetur
437 3161 598 3236 Christus
628 3165 796 3234 adversus
825 3185 972 3252 regnum
1002 3164 1144 3244 mortis,
1178 3191 1236 3235 ae-

250 3281 371 3338 stuans
387 3259 619 3358 peccatum'et¹
634 3279 782 3335 mortem
800 3287 988 3349 enervare,
1013 3281 1053 3337 ut
1065 3269 1239 3355 ostendat,

184 3381 190 3390 '
250 3391 287 3438 se
311 3365 426 3437 odisse
458 3385 606 3458 reguum
636 3367 776 3450 mortis,
819 3389 884 3436 nec
906 3368 1015 3447 vella,
1054 3380 1095 3438 ut
1118 3385 1238 3460 pereat

250 3481 421 3560 peccator,
434 3471 494 3536 sed
510 3469 629 3560 potius
642 3483 681 3537 ut
695 3483 920 3539 convertatur
933 3484 966 3540 et
979 3468 1084 3556 vivat,
1109 3466 1237 3541 Ezech.

247 3567 383 3641 xvlll.
436 3567 487 3638 Hi
506 3568 652 3640 affectus
676 3583 829 3658 arguunt
851 3581 886 3662 et
908 3582 1079 3642 testantur
1101 3567 1235 3645 Christi

247 3667 453 3742 charitatem
470 3693 550 3760 erga
568 3691 652 3754 nos,
674 3686 707 3740 et
730 3686 975 3755 commovent,
999 3688 1039 3744 ut
1059 3685 1136 3744 tuto
1161 3675 1235 3744 ala-

247 3773 421 3866 criterque
437 3785 470 3842 et
485 3795 551 3841 nos
565 3776 758 3844 credamus.
797 3769 896 3842 Sicut
915 3773 1035 3842 illaad
1052 3772 1234 3848 Hebraeos

245 3875 379 3970 inquit:
407 3873 456 3947 Ut
470 3899 549 3944 cum
567 3873 692 3944 fiducia
709 3874 923 3946 accedamus.
959 3870 1055 3946 Mihi
1073 3876 1232 3950 fremitus

244 3978 307 4047 itte
322 3989 356 4048 et
372 3973 571 4072 lachrymae
588 3978 632 4045 ab
648 3979 768 4045 eadem
791 3999 893 4046 causa
911 3977 1084 4068 proficisci
1107 3979 1232 4050 viden-

246 4094 326 4161 tur,
351 4079 446 4171 quod
463 4078 667 4148 misereatur
681 4100 790 4166 genus
810 4071 1025 4147 humanum:
1061 4083 1155 4172 quod
1172 4079 1231 4153 lu-

245 4176 324 4252 daei
343 4180 502 4251 sentiunt
519 4174 716 4273 lachrymas
732 4180 939 4270 expressisse
957 4204 1133 4262 amorem,
1159 4209 1230 4276 quo

242 4281 416 4353 Lazarum
432 4281 613 4365 dilexerit,
641 4293 730 4350 certe
746 4279 977 4352 testificantur
993 4283 1037 4351 de
1061 4277 1230 4358 charitate

134 4361 139 4370 ’
242 4379 388 4456 Christi.
416 4473 423 4486 1

377 4547 469 4625 Non
492 4561 635 4651 poterut
662 4544 741 4636 hie,
767 4549 835 4650 qui
855 4550 1000 4649 operuit
1026 4563 1088 4629 etc.

341 4688 401 4757 Ad
427 4684 522 4760 hunc
545 4689 691 4759 modum
716 4685 833 4756 solent
855 4709 960 4777 opera
990 4690 1112 4759 divina
1133 4692 1226 4763 blas-

135 4807 138 4810 ·
241 4784 414 4878 phemari.
464 4786 510 4860 Et
525 4788 729 4860 huiusmodi
754 4811 855 4858 voces
879 4787 1028 4861 audiunt
1043 4794 1225 4864 conscien-

239 4889 327 4984 tiae,
365 4891 485 4984 quales
510 4892 592 4961 illae
616 4903 697 4961 sunt
725 4890 763 4959 in
788 4882 878 4959 Psoi
901 4885 1019 4961 XXl.:
1064 4893 1225 4988 Speravit

239 4990 452 5063 indomiuo.
504 4991 607 5064 ltem:
642 4989 745 5063 Alios
768 4992 882 5062 salvos
908 4993 1010 5080 lecit,
1036 5019 1132 5066 nunc
1153 4999 1223 5068 sal-

237 5105 296 5162 vet
310 5115 345 5162 se
360 5095 488 5186 ipsum.

268 5325 301 5384 7)
320 5327 415 5377 socer.
432 5327 652 5394 mazlaum
669 5345 703 5384 cz
721 5332 830 5384 mendo.

860 139 985 228 Pfflt.
1007 137 1129 225 uu.
1156 145 1364 245 somma
1390 147 1689 244 ranorum.
1795 189 1802 201 .
1863 181 1868 197 .
1951 181 1976 197 ··

264 334 328 405 eat,
343 319 412 392 fide
426 319 473 388 fio
489 313 746 389 resurrectioet
761 316 851 402 vita;
877 317 952 389 noli
962 342 1129 413 quaerere
1143 323 1252 414 sigua,
1275 331 1281 422 ξ
1329 345 1465 440 Non„
1492 361 1579 439 dim·
1601 367 1687 454 1555,
1715 363 1891 472 „ongum
1917 379 1957 455 „⁴
1978 379 2173 459 „edgdmg
2198 399 2253 466 ιη.

2189 183 2275 260 llll

1405 499 1500 592 Quia
1516 505 1646 576 audisti
1661 531 1737 594 me,
1761 513 1908 602 scilicet,
1922 517 1992 588 iam
2008 521 2103 592 enim
2119 527 2275 598 certifica-

1303 614 1360 671 tus
1378 625 1473 688 sum,
1498 605 1575 675 lore
1590 621 1631 678 ut
1648 629 1807 702 resurgat
1822 613 1985 694 Lazarus.
2070 699 2074 706 ,

1403 763 1515 844 Pam
1537 779 1688 869 gratias
1714 803 1788 875 ogo
1811 781 1899 873 tibi,
1926 794 2103 886 quoniam
2125 800 2187 867 etc.

1403 904 1618 1004 Quanquam
1626 909 1789 988 Christus
1805 923 1924 996 omnia
1941 927 2070 998 referat
2083 930 2126 1000 ad
2143 946 2275 1020 patrem,

1300 1003 1424 1080 loann.
1436 1007 1494 1085 V.:
1520 1011 1601 1082 Non
1616 1041 1745 1110 quaero
1763 1022 1979 1097 voluntatem
1996 1023 2121 1112 meam,
2147 1035 2205 1100 sed
2221 1059 2274 1102 vo-

1301 1107 1471 1179 lontatem
1498 1113 1590 1200 eius,
1640 1121 1703 1209 qui
1734 1123 1831 1193 misit
1861 1151 1934 1214 me;
1974 1142 2008 1199 et
2035 1127 2160 1206 loann.
2185 1131 2273 1204 Vlt:

1301 1208 1374 1299 Qui
1387 1215 1525 1303 quaerit
1545 1217 1693 1305 gloriam
1715 1223 1790 1291 eius
1811 1240 1891 1299 etc.:
1925 1243 2044 1300 tamen
2066 1227 2127 1302 bic
2152 1233 2216 1317 ait,
2242 1259 2273 1304 se

1299 1313 1429 1400 gratias
1442 1337 1564 1404 agere,
1590 1335 1629 1389 ut
1645 1325 1818 1409 ostendat,
1843 1335 1923 1398 'cum
1937 1332 2030 1430 patri
2045 1356 2136 1422 opus
2150 1335 2273 1423 tribuit,

1299 1414 1409 1504 patris
1429 1415 1514 1484 item
1535 1419 1774 1510 voluntatem,
1809 1431 1955 1500 verbum
1983 1446 2017 1504 et
2035 1435 2136 1512 verbi
2160 1450 2272 1527 poten-

1299 1513 1383 1584 tiam
1401 1539 1492 1603 esse,
1522 1523 1618 1612 quod
1641 1525 1786 1595 verbum
1810 1529 1884 1620 ipse
1933 1535 2106 1620 raedieat,
2134 1550 2176 1607 ut
2196 1539 2272 1608 scia-

1298 1639 1394 1696 mus,
1420 1618 1568 1710 flagrare
1585 1637 1719 1712 patrem
1741 1630 1862 1702 eadem
1885 1555 2073 1717 charitate,
2101 1662 2205 1731 quam
2222 1665 2271 1710 ex-

1298 1712 1544 1801 hibuitfilius,
1570 1747 1615 1793 ne
1629 1727 1831 1802 dubitemus
1855 1735 2035 1805 iustificari
2058 1762 2144 1819 nos,
2171 1765 2271 1832 quan-

1297 1843 1403 1910 quam
1419 1845 1595 1894 careamus
1611 1829 1796 1917 operibus,
1821 1857 1900 1905 cum
1916 1838 2092 1909 credimus
2111 1839 2197 1916 filio.
2221 1841 2270 1914 Si-

1295 1920 1439 2012 quidem
1457 1923 1520 1992 filii
1536 1927 1833 2016 praedicationem
1851 1950 1948 2024 pater
1967 1944 2152 2032 approbat.
2195 1941 2272 2032 Spe-

1295 2021 1436 2092 luncam
1454 2041 1602 2097 mortem
1621 2029 1798 2122 intellige,
1823 2037 1977 2126 lapidem
1993 2058 2184 2132 peccatum.
2216 2043 2270 2114 Li-

1295 2136 1396 2213 gatus
1407 2124 1561 2198 Lazarus
1579 2130 1680 2202 vultu
1695 2139 1917 2208 ac'manibus
1931 2141 2153 2238 pedibusque
2173 2145 2271 2234 signi-

1294 2225 1391 2310 ficat,
1419 2223 1512 2298 Mosi
1529 2230 1653 2300 faciem
1671 2237 1832 2309 velatam.
1885 2239 2067 2329 Quamdiu
2092 2247 2132 2315 in
2155 2247 2198 2316 iis
2219 2271 2271 2316 su-

1292 2349 1390 2411 mus,
1425 2353 1499 2398 non
1532 2355 1716 2422 possumus
1737 2341 1856 2410 videre
1878 2341 1916 2410 in
1938 2345 2042 2416 finem
2067 2347 2173 2438 legis,
2204 2349 2225 2422 i.
2246 2374 2270 2418 e.

1293 2421 1499 2518 Christum,
1524 2446 1564 2504 ut
1579 2432 1772 2527 Apostolus
1787 2441 1847 2513 ait.

1349 2586 1587 2693 Collegzront
1615 2627 1701 2700 ergo
1726 2587 1928 2683 Pharisaei
1951 2623 1983 2684 et
2008 2611 2212 2713 Pontifices.

1393 2731 1487 2804 Vide
1517 2737 1734 2831 impietatem
1757 2745 1972 2838 principum.
2036 2750 2200 2828 Primum
2224 2760 2271 2829 la-

1292 2845 1432 2920 tentor,
1456 2837 1631 2910 divinitus
1655 2844 1728 2933 geri
1750 2870 1840 2940 quae
1856 2849 1986 2922 fiebant
2003 2850 2200 2943 aChristo,
2224 2885 2270 2931 se-

1290 2937 1407 3006 cundo
1433 2961 1495 3028 per
1518 2940 1692 3014 invidiam
1716 2964 1904 3023 causantur
1928 2976 2075 3044 regnum
2107 2961 2269 3048 affectare,

1290 3033 1371 3133 οῖ’)
1393 3045 1631 3126 praetendunt
1643 3047 1822 3146 publicam
1842 3057 2102 3145 necessitatem,
2136 3065 2268 3148 scilicet,

1290 3137 1320 3207 si
1338 3135 1502 3214 Christus
1523 3167 1669 3236 regnum
1695 3150 1862 3240 invadat,
1885 3151 2070 3230 Romanos
2081 3164 2216 3252 bellum
2232 3167 2270 3234 il·
2322 3223 2323 3226 ,

1289 3240 1422 3312 laturos
1456 3269 1541 3320 esse.
1606 3250 1730 3320 Aaron
1754 3253 2008 3345 interrogatus,
2042 3287 2107 3336 cur
2129 3269 2268 3338 vitulum

1288 3342 1443 3429 lecisset,
1475 3353 1688 3438 respondet,
1725 3356 1785 3424 sed
1815 3359 1948 3449 populo
1973 3363 2180 3438 obsecutum
2205 3393 2268 3438 esse

1287 3443 1325 3514 id
1341 3446 1546 3536 postulanti,
1560 3453 1704 3533 scilicet,
1723 3479 1768 3525 ne
1784 3457 2054 3551 dispergeretur.
2087 3467 2148 3540 Sic
2163 3471 2199 3540 in
2215 3495 2266 3540 re-

1287 3545 1353 3616 bus
1368 3548 1521 3640 publicis
1536 3553 1613 3623 fieri
1627 3557 1737 3642 solet,
1767 3558 1830 3628 ubi
1851 3560 1928 3630 siue
1952 3561 2023 3636 fide
2046 3570 2264 3643 administra·

1285 3659 1346 3716 tur
1362 3672 1436 3733 res,
1463 3665 1558 3722 metu
1580 3657 1822 3752 delinquitur,
1853 3682 2074 3753 quaeruntur
2100 3675 2262 3762 praesidia

1285 3753 1480 3822 secundum
1496 3779 1650 3831 carerem.
1702 3758 1763 3831 Sic
1780 3763 1949 3836 volebant
1972 3783 2004 3839 et
2045 3771 2195 3867 riucipes
2210 3775 2264 3846 lu·

1285 3851 1454 3922 dacorum
1479 3856 1592 3927 videri
1614 3863 1764 3942 sentire,
1799 3864 1827 3931 si
1850 3883 1971 3957 pergat
1991 3795 2173 3961 Christus,
2198 3879 2262 3947 for-

1284 3962 1373 4023 tasse
1391 3979 1538 4045 reguum
1554 3959 1714 4048 invadet,
1740 3963 1769 4032 si
1786 3988 1933 4056 regnum
1950 3968 2129 4063 invaserit,
2154 3993 2260 4050 actum

1283 4055 1350 4124 erit
1365 4057 1408 4124 de
1424 4059 1539 4132 nobis.

1446 4223 1557 4299 Unus
1582 4237 1704 4302 autem
1728 4255 1775 4304 ex
1802 4233 1894 4332 ipsis
1917 4227 2101 4342 Caiphae.

1383 4359 1491 4450 Quod
1514 4359 1667 4460 Caiphae
1698 4365 1973 4462 prophetizavit,
2007 4382 2089 4474 quia
2113 4385 2257 4475 pontifex

1281 4474 1374 4542 erat,
1414 4486 1544 4553 ergone
1576 4469 1774 4559 pontifices,
1816 4499 2020 4571 quanquam
2048 4483 2169 4577 impii,
2207 4485 2257 4579 pie

1279 4560 1518 4654 prophetant?
1572 4566 1806 4665 Respondeo,
1845 4579 1956 4650 imnio
1982 4599 2142 4673 econtra;
2183 4591 2254 4658 ideo

1279 4667 1499 4766 propositum
1523 4685 1574 4743 est
1597 4674 1814 4764 exemplum,
1846 4695 1886 4752 ut
1909 4703 2112 4774 appareret,
2145 4713 2253 4762 excae·

1277 4766 1351 4835 cari
1375 4771 1608 4860 magistratus.
1668 4773 1819 4850 Nomio
1841 4775 1906 4854 hac
1931 4783 2116 4880 prophetia
2143 4793 2189 4864 sic
2208 4804 2253 4862 est

1276 4889 1360 4936 usus
1389 4870 1499 4962 impio
1531 4875 1695 4967 pontifice
1720 4876 1836 4968 Deus,
1875 4887 1966 4960 sicut
1994 4902 2047 4962 est
2071 4889 2250 4965 ususta·

1276 4991 1384 5042 raone
1409 4986 1546 5046 tantum
1574 4980 1619 5047 ad
1649 4988 1902 5056 excaecandum
1937 5014 2018 5062 eum
2050 5009 2082 5066 et
2110 4998 2248 5086 perden-

1275 5071 1382 5160 dum;
1409 5075 1489 5148 ideo
1506 5081 1664 5172 oportuit
1687 5085 1891 5176 pontificem
1918 5093 2120 5182 vaticinari,
2149 5112 2187 5168 ut
2206 5098 2246 5168 si-

1308 5339 1339 5400 e)
1358 5345 1401 5404 et]
1419 5345 1513 5397 Sacer.
1533 5351 1576 5400 ut.
