4616 5818
236 126 310 203 331
835 107 961 186 Pillb.
987 101 1339 183 masculeta
1364 92 1666 186 EXEGETICA.
2187 120 2253 196 852

345 291 439 368 cutis
452 285 557 362 adse
570 281 678 358 Iesus
698 275 893 380 discipulis
916 274 1015 362 suis,
1048 274 1104 348 uit
1128 273 1227 348 illis:
1278 281 1457 367 sentibus,
1483 279 1665 355 utMatth.
1681 282 1735 358 6.:
1762 281 1924 356 Primum
1941 287 2100 382 quaerite
2115 311 2253 379 regnum

345 391 534 470 Misereor
548 411 657 487 super
669 382 834 466 turbam,
861 377 951 479 quia
970 401 1041 451 ecce
1058 379 1136 449 ium
1161 379 1229 450 tri·
1279 382 1365 478 Dci,
1399 397 1435 456 et
1458 399 1591 457 caetera
1613 386 1827 456 adiicientur
1851 385 1964 459 vobis}
2013 363 2060 460 ¹1.
2087 387 2180 464 Tim.
2205 393 2252 464 4.:

346 497 420 573 duo
433 501 583 566 monent
599 484 706 586 opud
716 507 786 571 me,
815 493 861 554 et·
876 507 950 554 non
970 475 1108 552 hubent
1131 476 1233 579 quod
1280 484 1398 556 Pietas
1421 487 1465 555 ad
1489 486 1611 556 omnia
1636 487 1736 558 utilis
1757 501 1826 573 est,
1858 489 2111 580 promissiones
2132 486 2254 562 habens

344 591 585 679 manducent,
624 599 655 662 et
680 589 717 662 si
738 583 912 658 dimisero
939 608 997 654 eos
1022 580 1164 654 ieiunos
1190 581 1229 650 in
1283 587 1476 681 praesentis
1493 587 1586 659 vitae
1609 602 1643 659 et
1663 591 1814 664 futurae.
1867 589 2076 662 Marci10.:
2110 589 2183 680 Qui
2206 620 2255 664 re-

348 702 496 778 domum
528 711 655 780 suum,
686 683 848 786 deficient
878 686 920 760 in
953 685 1025 760 vio.
1064 678 1230 782 Quidam
1280 689 1429 783 liquerit
1453 691 1598 760 domum
1629 705 1776 787 propter
1801 715 1857 762 me
1879 705 1913 762 et
1934 706 2082 784 propter
2104 691 2254 786 Evange-

348 805 445 880 eru'm
460 823 507 874 esc
520 799 572 870 eis
589 792 633 868 de
647 791 756 888 louge
772 797 953 862 uenerunt.
1281 791 1391 880 lium,
1424 791 1570 884 recipiet
1591 793 1796 885 centuplum
1821 795 1859 862 in
1882 809 2040 886 tempore
2063 790 2151 880 boc,
2183 821 2253 866 cnm

297 909 352 984 Et
369 897 630 1003 responderunt
653 895 687 968 ei
705 891 881 990 discipuli
900 889 978 963 sui:
1008 882 1118 963 Unde
1139 884 1230 957 istos
1281 891 1532 979 tribulatione,
1559 907 1593 964 et
1608 893 1646 962 in
1660 895 1783 966 futuro
1806 894 1917 967 vitam
1939 908 2130 967 aeternam.
2182 895 2254 968 Huc

348 1009 432 1113 quis
445 1002 577 1105 poterit
599 994 661 1070 ltic
682 995 823 1069 satiare
845 991 1008 1092 poribus
1031 989 1071 1060 iu
1096 986 1230 1059 solitu·
1282 996 1459 1065 addantur
1480 994 1612 1066 multae
1632 996 1884 1087 promissiones
1904 1022 1945 1068 ex
1959 996 2124 1071 Psalmis.
2172 999 2254 1072 Psal.

349 1109 458 1185 diue?
484 1102 539 1177 Et
554 1096 795 1194 interrogauit
810 1119 889 1168 eos:
915 1090 1016 1192 Quot
1029 1084 1231 1191 paneslta·
1282 1095 1361 1170 86.;
1388 1097 1432 1166 In
1449 1097 1576 1166 dicbus
1592 1097 1696 1166 tamis
1719 1099 1984 1172 saturabuntur.
2043 1097 2148 1170 Item:
2181 1099 2253 1170 Non

347 1209 466 1288 betis?
495 1204 571 1280 Illi
593 1210 715 1275 autem
738 1193 927 1272 dicerunt:
961 1192 1115 1292 Septem.
1177 1188 1231 1261 Et
1282 1199 1357 1268 vidi
1373 1199 1504 1270 iustum
1519 1199 1746 1282 derelictum,
1773 1223 1837 1270 nec
1855 1225 1976 1271 semen
1991 1200 2068 1272 eius
2092 1225 2254 1295 quaerens

347 1311 528 1419 praecepit
558 1303 687 1379 turbae
716 1295 935 1372 discumbere
955 1318 1064 1394 super
1085 1304 1231 1366 terrum.
1283 1323 1422 1392 panem.
1482 1299 1561 1374 82st
1596 1298 1644 1372 Ut
1666 1300 1737 1372 alat
1761 1322 1821 1372 eos
1845 1301 1883 1370 in
1907 1302 2010 1374 same.
2069 1302 2148 1374 bb:
2181 1301 2253 1372 Non

350 1417 406 1490 Et
421 1409 604 1512 occipiens
623 1415 754 1502 septem
775 1424 908 1500 panes,
932 1396 1082 1495 gratias
1102 1419 1232 1492 opens,
1283 1418 1335 1474 est
1349 1402 1470 1492 inopia
1487 1401 1696 1472 timentibus
1711 1426 1803 1474 eum.
1853 1401 1932 1476 64:
1957 1402 2050 1474 lacta
2065 1427 2170 1496 snper
2184 1404 2254 1473 Do·

241 1519 247 1539 '
338 1520 481 1625 fregit,
508 1507 675 1609 deditque
692 1500 885 1603 discipulis
907 1501 986 1575 suis
1009 1509 1048 1572 ut
1071 1520 1231 1596 oppone·
1283 1504 1420 1574 minum
1437 1526 1555 1573 curam
1579 1516 1697 1590 tuam,
1732 1519 1766 1575 et
1789 1506 1865 1602 ipse
1889 1519 1925 1576 te
1945 1505 2111 1580 enutriet.
2166 1507 2253 1578 111.:

352 1631 449 1708 reat,
475 1627 507 1689 et
524 1616 770 1713 opposuerunt
787 1604 925 1678 turbae.
974 1599 1028 1672 Et
1044 1597 1231 1672 habebant
1282 1603 1414 1676 Beatus
1431 1603 1486 1673 vir
1507 1605 1568 1697 qui
1590 1605 1690 1676 timet
1706 1603 1922 1690 Dominum,
1953 1629 2040 1700 opes
2063 1621 2100 1680 et
2120 1608 2253 1676 divitiae

347 1718 543 1825 pisciculos
570 1735 724 1814 paucos,
759 1717 792 1779 u
820 1701 1025 1791 benedixit,
1059 1727 1103 1775 oc
1124 1701 1232 1773 iussit
1283 1707 1323 1778 in
1345 1709 1453 1776 domo
1477 1705 1563 1775 eins.
1620 1705 1727 1790 Tales
1749 1688 1941 1778 sententias
1962 1708 2094 1779 multas
2124 1711 2255 1799 prodest

350 1821 491 1927 opponi
518 1829 550 1893 et
579 1811 666 1900 ltus,
708 1807 1020 1882 manducaverunt
1049 1815 1170 1878 autem
1201 1811 1231 1874 et
1284 1809 1322 1877 in
1341 1819 1528 1900 conspectu
1545 1802 1692 1894 babere,
1708 1822 1749 1880 nt
1764 1831 1829 1879 nos
1846 1807 2012 1892 erudiant
2029 1823 2063 1879 et
2080 1812 2253 1880 consolen-

354 1922 522 2000 saturuti
544 1926 666 2002 suut,
684 1923 716 1986 et
739 1909 966 1984 sustulerunt
989 1903 1091 2008 quod
1107 1931 1233 2003 super·
1285 1922 1360 1991 tur,
1393 1923 1434 1981 ut
1455 1922 1574 1999 postea
1598 1911 1725 1978 dicam.
1776 1909 1937 1981 Primum
1958 1934 2041 2002 ergo
2063 1912 2253 1980 memineri-

348 2040 427 2102 mt
442 2024 485 2099 de
494 2015 743 2125 fragmentis,
767 2022 899 2110 septem
914 2021 1071 2110 spurtus.
1105 2005 1232 2077 Erant
1285 2036 1363 2082 mus
1379 2033 1451 2082 esse
1467 2005 1552 2080 haec
1570 2011 1642 2081 dno
1656 2035 1782 2102 genera
1798 2013 2087 2104 promissionum.

298 2187 300 2192 .
350 2141 490 2218 alutem,
515 2125 583 2225 qui
596 2113 929 2200 manducaverunt,
944 2112 1059 2211 quusi
1070 2120 1231 2210 quatuor

352 2229 496 2313 millio,
524 2237 555 2298 et
571 2219 714 2296 dimisit
731 2241 801 2291 eos.
1613 2210 1671 2262 ⁰⁶
1705 2213 1932 2266 mm*

426 2320 429 2331 '
633 2336 675 2426 ὀ
754 2405 762 2422 ⁸
1384 2312 1455 2385 Sed
1471 2311 1565 2384 dicet
1586 2313 1728 2408 aliquis:
1755 2313 1822 2383 His
1841 2313 1948 2402 largis
1966 2317 2254 2414 promissionibus

302 2422 379 2498 Sex
395 2430 476 2492 sunt
496 2410 678 2508 pracciput
694 2406 777 2478 1⁰⁶¹·
1284 2439 1358 2486 non
1377 2411 1544 2485 videntur
1566 2428 1711 2486 eventus
1736 2418 1968 2507 respondere,
2001 2442 2128 2504 magna
2153 2423 2255 2514 impc-

402 2554 432 2631 Ι.
459 2543 669 2623 Differentia
683 2537 959 2634 promissionum
983 2539 1027 2606 de
1050 2535 1156 2606 rebus
1176 2559 1233 2604 ae·
1284 2518 1357 2603 ¹5²2
1387 2539 1535 2607 manae
1563 2540 1647 2609 θροῦ
1678 2517 1876 2610 plerunque
1904 2532 1987 2589 sunt
2009 2522 2106 2612 apud
2129 2523 2253 2615 impios.

459 2649 589 2734 mnis,
615 2657 649 2715 et
663 2645 706 2714 de
723 2642 828 2714 rehu,
842 2637 1095 2731 praesentibus,
1284 2617 1448 2711 Apostoli
1471 2631 1643 2708 vagantur
1665 2632 1705 2689 ut
1732 2641 1894 2704 errones,
1926 2623 2101 2706 mendici,
2133 2639 2165 2696 et
2187 2627 2251 2715 ple-

403 2755 450 2831 ῃ,
482 2751 589 2843 Quod
620 2765 758 2838 ,emper
790 2739 1018 2835 promissioni
1055 2737 1234 2831 corporati
1285 2742 1424 2815 cunque
1440 2719 1490 2811 pii
1507 2721 1667 2789 doctores
1692 2719 1873 2805 esuriunt,
1898 2735 1981 2792 sunt
2004 2724 2043 2790 in
2064 2724 2165 2810 odio,
2189 2741 2255 2796 tm.

455 2853 617 2929 addenda
634 2849 678 2920 sit
693 2845 856 2916 doctrina
873 2845 917 2912 de
935 2865 1050 2934 cruce.
1285 2823 1466 2902 cidantur,
1493 2833 1529 2891 et
1544 2819 1688 2911 vulgare
1704 2819 1839 2892 dictum
1858 2831 1927 2892 est:
1954 2821 2120 2896 Probitas
2142 2827 2252 2896 lauda-

405 2959 472 3034 lll.
499 2957 575 3032 Cur
591 2953 662 3022 sint
677 2948 827 3020 traditae
841 2944 1093 3038 promissiones
1110 2943 1155 3012 de
1178 2963 1235 3011 re-
1286 2939 1345 2996 fflr
1373 2938 1407 2995 01
1437 2919 1539 3011 ³18⁰&
1600 2920 1704 2992 Item:
1740 2917 1851 2995 Exest
1878 2924 1975 3010 aula,
2009 2925 2072 3020 qui
2096 2928 2171 2997 vnit
2192 2951 2253 2996 esse

459 3063 527 3130 bus
542 3051 797 3148 praesentibus.
1287 3027 1377 3120 pius.
1428 3021 1503 3092 lmn
1516 3023 1747 3112 ,manifestum
1762 3038 1832 3109 est,
1860 3019 2055 3096 Ecclesiam
2074 3029 2251 3099 subiectam

408 3160 490 3234 llll.
517 3157 599 3249 Quo
614 3153 742 3224 ordine
759 3151 830 3220 sint
846 3149 1026 3239 petendae.
1287 3151 1361 3197 esse
1377 3125 1472 3196 cruci
1490 3137 1525 3195 et
1539 3125 1616 3194 sine
1634 3125 1818 3218 praesidiis
1832 3121 1998 3197 humanis
2013 3151 2097 3200 esse.
2120 3126 2172 3200 Ac
2185 3153 2255 3198 vere

407 3265 452 3338 v,
481 3258 671 3352 Quomodo
684 3255 771 3323 fidas
794 3251 984 3321 exercenda
1009 3248 1076 3333 eie,
1114 3247 1152 3316 in
1174 3269 1237 3340 pe..
1286 3229 1391 3302 nobis
1407 3227 1547 3312 accidit,
1564 3229 1657 3320 quod
1675 3231 1719 3297 de
1734 3251 1769 3296 se
1784 3251 1824 3296 ae
1839 3229 1883 3296 de
1900 3229 2068 3300 universo
2085 3253 2183 3322 grege
2197 3256 2251 3300 sno

454 3365 580 3437 titione
595 3355 834 3456 corporalium
851 3355 1040 3425 bonorum,
1287 3332 1376 3403 dixit
1390 3325 1570 3400 Christus:
1600 3329 1714 3400 Filius
1728 3325 1883 3399 hominis
1906 3354 1979 3400 non
2002 3327 2110 3404 babet
2128 3334 2186 3404 ubi
2207 3355 2253 3400 re.

409 3467 471 3538 Vl.
499 3459 699 3557 Applicatin
713 3453 821 3528 huius
838 3449 1016 3524 historiae.
1285 3434 1393 3505 clinet
1408 3446 1524 3524 caput.

615 3645 675 3698 ῃ,
709 3653 759 3706 1„
778 3639 787 3690 ι
805 3652 832 3690 ,2
849 3651 874 3692 ο,
1388 3581 1446 3655 Ad
1463 3577 1549 3653 haec
1574 3583 1692 3652 omnia
1716 3584 1929 3672 respondeo:
1966 3579 2042 3654 Etsi
2074 3599 2182 3656 totum
2204 3611 2253 3674 gc·

360 3759 505 3835 Certum
530 3763 601 3834 est,
637 3743 872 3836 Evangelinm
895 3741 1140 3836 principaliter
1163 3755 1237 3812 tra·

139 3901 143 3907 ·
258 3877 342 3946 dere
363 3857 635 3959 promissionem
657 3852 702 3920 de
726 3849 832 3918 rebus
858 3845 1026 3929 aeternis,
1062 3843 1237 3928 videlicet,

256 3973 351 4071 qnod
367 3965 481 4040 Filius
494 3957 562 4028 Dei
587 3955 633 4025 sit
658 3952 800 4020 victima
825 3972 891 4041 pro
916 3970 1043 4037 genere
1069 3939 1237 4028 hnmano,

256 4089 291 4148 et
307 4071 401 4168 quod
416 4060 533 4157 agenti
551 4052 825 4153 poenitentiam,
859 4063 893 4120 et
914 4047 1071 4120 credenti
1094 4059 1237 4139 propter

256 4179 372 4270 ipsum
403 4181 498 4238 certo
528 4165 587 4232 det
610 4156 706 4229 Deus
734 4151 977 4224 remissionem
1002 4163 1237 4242 peccatorum,

257 4276 431 4372 Spiritum
460 4278 637 4345 sanctum,
676 4271 710 4327 et
731 4258 840 4324 vitam
864 4267 1059 4324 aeternam:
1094 4264 1236 4320 econtra

257 4383 521 4452 contemnentes
536 4359 767 4450 Evangelinm
781 4371 878 4428 certo
898 4353 1042 4424 obiiciat
1062 4352 1101 4422 in
1124 4365 1237 4422 aeter-

1287 3712 1354 3760 nus
1368 3683 1566 3757 humanum
1591 3683 1784 3753 obnoxium
1807 3699 1859 3754 est
1884 3685 1990 3756 morti
2012 3701 2047 3757 ct
2069 3689 2186 3758 multis
2206 3691 2254 3756 in-

1286 3790 1449 3879 gentibus
1473 3785 1751 3868 calamitatibus,
1777 3798 1893 3854 tamen
1916 3802 2011 3857 certo
2035 3791 2179 3860 consilio
2195 3789 2252 3860 Dei

1288 3893 1396 3982 magis
1418 3889 1591 3981 premitur
1614 3883 1789 3966 Ecclesia,
1807 3961 1810 3966 ,
1825 3887 2007 3972 videlicet,
2040 3906 2079 3960 nt
2101 3914 2250 3980 agnosca·

1289 4017 1367 4065 mus
1388 3995 1477 4062 iram
1495 3991 1564 4060 Dei
1592 3991 1761 4058 adversus
1783 4003 1939 4077 peccata,
1971 4004 2004 4061 et
2026 3993 2174 4062 sciamus
2193 4015 2254 4059 ser·

1286 4096 1362 4165 vari
1391 4091 1593 4163 Ecclesiam·
1608 4091 1792 4162 divinitus.
1847 4091 1902 4161 »Et
1932 4106 2048 4163 tamen
2076 4096 2149 4164 vult
2170 4093 2254 4164 Deus

1287 4200 1326 4268 in
1360 4191 1425 4266 bac
1454 4194 1526 4262 vita
1551 4215 1624 4262 esse
1645 4193 1799 4286 aliquam
1826 4215 1922 4262 suam
1946 4191 2155 4280 Ecclesiam,
2192 4217 2254 4261 non

1288 4299 1365 4372 vult
1381 4311 1492 4368 totum
1508 4318 1618 4384 genus
1642 4290 1838 4364 humanum
1863 4297 1996 4385 perire,
2032 4301 2091 4366 sed
2113 4297 2255 4389 aliquem

1288 4425 1360 4472 esse
1375 4399 1518 4482 florem,
1552 4398 1705 4489 aliquem
1721 4413 1880 4478 coctum,
1914 4423 1932 4468 a
1955 4425 2025 4492 quo
2050 4411 2254 4488 agnoscatur,

257 4505 321 4552 ¹¹³³
335 4494 477 4570 P⁰²¹¹³¹⁸·
1288 4505 1472 4574 invocetur
1492 4512 1526 4570 et
1547 4499 1763 4578 celebretur,
1800 4511 1840 4570 ut
1863 4500 1974 4574 Amos
1989 4502 2044 4576 3.:
2080 4499 2254 4590 Quomodo

357 4575 461 4648 Hanc
494 4564 744 4642 revelationem
779 4558 973 4631 voluntatis
999 4555 1141 4626 divinae
1175 4556 1238 4625 de·
1307 4607 1315 4624 .
1806 4599 1813 4616 ,
2090 4599 2106 4619 ¹·

1198 4657 1207 4675 .
1289 4620 1316 4676 ss
1334 4618 1433 4675 eruat
1449 4616 1568 4694 pastor
1582 4604 1626 4671 de
1642 4623 1702 4670 ore
1718 4601 1833 4670 leonrs
1851 4605 1925 4676 dcto
1940 4631 2057 4688 curra,
2080 4625 2128 4670 arc
2142 4623 2255 4670 eman.

257 4694 434 4779 promtam
453 4699 493 4744 ex
511 4671 591 4743 sinu
607 4662 742 4739 aeterni
758 4663 868 4782 patris
882 4661 1047 4730 derebus
1074 4670 1238 4779 aeterprs,
1288 4723 1348 4780 mr
1363 4707 1428 4778 filii
1445 4704 1554 4776 lum-,31

257 4787 408 4858 sciamus
427 4773 650 4870 praecipuam
664 4764 852 4854 Evangeln
879 4785 999 4834 vocem
1023 4783 1116 4844 esse,
1147 4772 1239 4831 srcnt
1558 4757 1566 4776 ⁹

255 4885 421 4960 Christus
434 4874 553 4971 inquit
566 4866 691 4944 luban.
708 4870 762 4943 6.:
794 4863 892 4936 Ilaec
915 4878 966 4935 est
987 4862 1152 4934 voluntas
1176 4884 1239 4951 pa·
1355 4903 1358 4911 ·
1391 4857 1580 4932 Mandavit
1594 4857 1702 4946 igitur
1721 4857 1818 4926 crecti
1843 4859 2044 4928 articulnmr
2072 4857 2181 4929 Credo
2195 4853 2254 4925 Ec·

212 4985 220 4992 ’
257 4989 341 5072 tris,
365 4998 408 5057 ut
422 4977 537 5054 omnis
550 4974 614 5069 qui
630 4971 740 5044 credit
760 4968 799 5038 in
814 4967 965 5052 Filium,
990 4961 1117 5036 babeat
1131 4964 1237 5033 vitam
1290 4962 1429 5036 clesiam
1449 4956 1688 5050 catholicam,¹
1715 4961 1750 5028 id
1783 4973 1852 5042 est,
1889 4963 1994 5030 credo
2020 4962 2169 5053 aliquem
2192 4976 2255 5023 esse

258 5104 447 5163 aeternam.
499 5077 608 5152 Hanc
641 5071 839 5146 doctrinam
874 5071 917 5138 de
951 5067 1055 5136 rebus
1087 5063 1239 5136 aeternis
1290 5066 1463 5160 populum
1495 5058 1583 5146 Dei,
1625 5060 1892 5152 amplectentem
1924 5063 2070 5131 verbnm
2100 5059 2253 5130 traditum

255 5191 413 5295 primum
429 5183 702 5276 amplectamur,
728 5187 843 5266 postca
860 5172 1012 5242 sciamus
1028 5167 1132 5236 etiam
1155 5191 1240 5254 pro-
1290 5194 1353 5262 per
1368 5159 1562 5257 Prophctas
1586 5175 1622 5232 et
1639 5160 1848 5253 Apostolos,
1879 5163 1935 5234 cui
1959 5159 2129 5234 catholica
2145 5155 2255 5230 Eccle-

256 5290 440 5366 missiones
453 5285 590 5360 additas
605 5302 678 5352 esse
694 5272 910 5366 Evangelio,
943 5273 987 5342 de
1011 5269 1118 5342 rebus
1138 5293 1240 5360 prae·
1290 5272 1341 5342 sia
1358 5265 1598 5341 testimoninm
1614 5262 1793 5356 perhibet,
1821 5279 1855 5336 et
1871 5268 1975 5336 credo
1989 5268 2092 5336 tatem
2116 5264 2253 5352 aliquem
