4590 5808
78 128 140 199 'lli

74 320 159 392 quam
179 297 218 367 dc
240 295 331 368 asini
352 295 499 380 umbra,
532 295 641 368 utin
601 296 861 389 mproverbio
891 295 1034 378 dicitur,

73 413 120 470 aut
134 401 171 468 de
183 399 256 468 lana
272 399 428 490 caprina,
448 397 668 468 tumultuose
684 421 723 468 ae
739 398 819 490 plus
838 422 945 492 quam
961 411 1033 466 tra-

72 501 131 590 gice
149 502 393 571 contendentes
415 513 520 593 atque
540 498 794 588 digladiantes,
820 515 854 570 et
876 501 1031 570 crudeli·

72 602 231 672 teromnia
247 601 390 672 miscere
406 615 591 685 conantes,
623 596 680 671 his
706 603 793 672 adeo
818 601 933 674 saevis
956 600 1032 672 dis-

71 704 277 776 tractionibus
301 702 516 796 opinionum
545 716 580 774 et
609 703 856 787 voluntatum,
892 717 927 774 et
954 716 1031 774 tur·

68 805 297 876 bulentissimis
315 806 600 898 tempestatibus,
629 805 760 899 quihus
779 829 890 897 paene
906 805 1031 888 obrui-

66 931 148 992 mur,
177 910 393 980 occasionem
419 908 492 977 suis
512 906 743 977 amarulentis
766 907 1031 977 criminationi-

16 1007 17 1010 '
65 1009 118 1080 bus
131 1023 228 1103 atque
242 1008 430 1080 calumniis
446 1009 697 1099 praebuerunt.

148 1107 220 1183 Etsi
235 1124 367 1197 autem,
384 1124 425 1184 ut
438 1109 525 1198 dixi,
548 1132 622 1179 non
633 1109 832 1182 levescelus
844 1123 907 1198 est,
927 1124 1029 1202 petu-

62 1211 159 1282 lanter
172 1213 349 1285 ordinaria
365 1224 535 1305 potestate
561 1214 712 1298 deserta,
744 1236 819 1282 non
841 1211 1028 1284 necessarii

62 1307 237 1387 schismatis
259 1329 418 1386 autorem
444 1338 533 1386 esse:
578 1329 695 1387 tamen
721 1314 875 1406 politicis
895 1338 1028 1388 sermo-

61 1415 166 1498 nibus,
210 1418 502 1509 exaggerantibus
534 1417 753 1488 atrocitatem
787 1416 1029 1511 cuiuscunque

61 1511 257 1602 schismatis,
307 1534 341 1590 et
371 1519 529 1612 pericula
554 1518 783 1590 labefactatae
816 1519 1028 1589 concordiae

59 1643 250 1717 quacunque
275 1623 319 1692 d‘e
342 1644 464 1708 causa,
496 1620 549 1713 pii
574 1635 757 1714 opponant
782 1622 940 1711 regulam
966 1645 1028 1690 ve-

59 1720 232 1810 rissimam,
262 1723 485 1817 perspicuam
507 1737 542 1794 et
564 1723 766 1808 immotam,
802 1747 894 1816 quae
915 1725 1027 1806 docet,

57 1825 135 1912 qnod
159 1828 205 1897 sit
229 1825 450 1897 severissima
466 1823 534 1896 Dei
559 1826 724 1896 voluntas
747 1837 782 1894 et
806 1825 1028 1895 immutabile

57 1927 255 2012 mandatum,
270 1941 313 1998 ut
330 1949 471 2016 omnem
488 1926 742 2010 idololatriam,
758 1950 881 1996 omnes
898 1926 1027 2018 impios

56 2025 169 2116 cultus,
194 2029 339 2100 omne'm
355 2029 553 2101 doctrinam
571 2027 837 2098 dissentientem
853 2023 1027 2098 abEvan-

55 2126 129 2213 gello
145 2131 338 2222 fugiamus,
360 2131 603 2222 improbemus
619 2144 653 2201 et
669 2152 898 2204 exsecremur.
931 2127 1026 2198 Haec

55 2231 155 2316 regula
178 2233 335 2303 sumitur
358 2257 398 2302 ex
424 2232 541 2325 primo
565 2245 750 2323 praecepto
772 2231 958 2321 Decalogi,
992 2245 1026 2302 et

54 2329 118 2402 aliis
137 2335 349 2406 firmissimis
372 2335 584 2405 testimoniis
606 2333 746 2404 divinis.
808 2331 899 2404 Nam
914 2334 1025 2406 Deca-

53 2429 137 2522 lngus
151 2435 344 2535 praecipit:
378 2435 462 2508 Non
485 2433 634 2506 habebis
651 2437 749 2506 Deos
775 2435 921 2510 alienos.
947 2445 950 2450 '
978 2435 1025 2506 Et

53 2533 87 2602 de
101 2539 281 2609 doetrinae
298 2538 507 2631 corruptelis
524 2535 657 2608 Paulus
672 2537 791 2632 inquit
810 2535 894 2608 Gal.
911 2540 960 2609 1.:
986 2537 1026 2610 Si

52 2637 116 2724 quis
142 2641 240 2712 aliud
268 2637 506 2730 Evangelium
537 2639 699 2721 docebit,
736 2635 936 2710 Anathema
967 2640 1024 2712 sit.

52 2733 121 2808 ltem
130 2738 299 2835 Apostoli
314 2744 352 2811 in
363 2740 461 2814 Actis
476 2741 623 2833 capitl.
639 2744 871 2834 respondent:
901 2737 1024 2836 Opor-

49 2851 88 2908 tet
100 2837 170 2913 Deo
188 2846 304 2935 magis
320 2845 487 2930 obedire,
512 2867 618 2937 quam
634 2839 853 2914 hominihus.

133 2944 231 3019 Haec
250 2961 286 3018 et
303 2945 432 3015 similia
455 2946 632 3036 generalia
657 2948 822 3017 mandata
845 2944 1025 3037 pertinent

48 3046 82 3112 ad
97 3071 216 3122 omnes
232 3052 369 3142 absque
385 3049 460 3119 ullo
474 3047 691 3119 discrimine.
742 3047 837 3137 Ergo
858 3071 932 3117 non
954 3048 1025 3116 du·
1075 3063 1078 3068 ·

46 3145 129 3219 bium
161 3166 216 3223 est
247 3147 456 3221 huiusmodi
489 3149 582 3220 dicta
610 3149 777 3227 omnihus
804 3143 1024 3230 hominihus,

15 3335 17 3342 y
47 3248 374 3369 singulisRegibus‚
401 3249 645 3344 Principibus,
669 3247 872 3344 Episcopis,
901 3249 1023 3342 etpri-

46 3354 120 3420 vans
132 3355 275 3428 civibus
287 3352 507 3447 praecipere,
532 3366 573 3424 ut
589 3353 743 3438 discant,
767 3353 1024 3444 amplectantur

46 3467 73 3521 et
85 3458 323 3546 confiteantur
341 3479 461 3526 veram
484 3453 682 3527 doctrinam
705 3477 918 3548 quocunqne
934 3468 1023 3524 tem-

45 3577 132 3641 pore,
157 3584 200 3631 ac
217 3558 362 3649 fugiant
375 3568 450 3631 toto
466 3555 634 3648 pectore„
648 3556 788 3648 publica
803 3557 1022 3656 professione

46 3656 211 3746 reiieiant,
239 3675 276 3732 et
291 3661 497 3752 improbent
511 3683 635 3729 omnes
650 3659 892 3730 idololatricos
907 3658 1023 3728 cultus

43 3775 69 3828 et
82 3787 335 3856 quameunque
351 3763 496 3854 impiam
515 3761 734 3846 doctrinam,
757 3785 818 3830 seu
843 3783 1022 3853 quaecun-

42 3885 98 3951 que
113 3865 201 3936 falsa
218 3868 398 3955 dogmata.
429 3862 499 3935 Sed
515 3862 577 3933 illa
591 3863 896 3946 commonefactio‚
915 3885 1022 3956 quam

42 3986 133 4055 supra
158 3967 362 4055 inculcavi,
385 3965 534 4057 repetita
558 3960 743 4044 hocloco,
770 3964 944 4064 praesenti
966 3987 1023 4034 re-

303 47 384 198 Xll
436 118 832 202 annotartonns
859 118 927 196 ET
953 115 1236 228 CONClONES
1261 119 1313 194 ΙΝ
1339 116 1522 194 EVANG.
1549 118 1828 200 ΜΑΤΤΗΑΕΙ.

2006 131 2079 206 774

1086 295 1295 388 plebeius
1264 295 1353 365 ervis
1372 296 1424 387 es)
1443 307 1483 366 ιιι
1498 293 1594 386 piam
1611 297 1811 383 doctrinam
1827 315 1861 372 et
1877 325 1977 376 veras
1996 329 2081 377 sen-

1084 398 1214 468 tentias
1235 398 1477 490 amplectaris,
1505 398 1679 484 celebres,
1714 414 1748 471 et
1772 404 1968 476 confitearis
1993 432 2079 500 pro·

1081 507 1161 592 'pter
1175 499 1324 590 gloriam
1345 497 1411 568 Dei
1422 499 1624 618 ,propriae
1644 453 1768 574 sellulis
1787 518 1870 573 tuae
1892 531 2014 594 causa,
2042 526 2077 583 et

1082 603 1126 671 ad
1154 603 1445 694 propagationem
1472 625 1512 672 ac
1538 602 1755 674 incrementa
1780 601 1984 679 Catholicae
2005 609 2077 684 Ec-

1081 703 1188 773 lesiae
1202 698 1352 774 Christi.
1404 703 1443 774 Si
1467 717 1611 794 propter
1634 698 1702 776 hoc
1726 707 1883 777 studium
1906 714 2075 801 veritatis,

1081 820 1115 876 et
1138 806 1231 898 piam
1255 805 1531 890 confessionem,
1553 803 1667 896 Papa,
1691 804 1878 901 Episcopi,
1905 811 2020 904 Reges
2036 841 2076 888 ac
2118 807 2121 818 ’

1080 905 1265 999 Principes
1280 906 1456 999 expellent
1469 920 1503 977 te
1520 929 1561 976 ex
1576 907 1649 977 suis
1665 909 1848 996 coetibus,
1881 927 1915 983 et
1931 909 2073 990 hostili-

1080 1019 1136 1080 ter
1154 1012 1321 1080 adversus
1337 1023 1372 1081 te
1386 1009 1662 1098 grassabuntur,
1687 1023 1793 1104 atque
1807 1012 1855 1084 ita
1872 1015 2072 1090 distractio·

1080 1133 1162 1195 nes,
1198 1111 1363 1192 dissidia,
1403 1107 1589 1182 schismata
1621 1124 1656 1182 et
1684 1113 1843 1200 ingentes
1875 1117 2072 1192 discordiae

1079 1214 1258 1284 orientur:
1293 1212 1539 1296 viderintilli,
1573 1236 1726 1306 quorum
1748 1232 1799 1288 est
1822 1218 1941 1311 culpa,
1974 1224 2072 1292 scili·

1078 1328 1151 1398 eet,
1184 1315 1349 1410 tyranni,
1383 1266 1587 1408 hypocritae
1609 1328 1644 1385 et
1662 1317 1724 1385 alu
1739 1332 1879 1390 autores
1894 1334 1965 1391 tam
1984 1319 2071 1395 hor-

1078 1417 1239 1488 nihilium
1255 1417 1516 1488 dissensionum
1534 1429 1568 1488 et
1583 1417 1868 1507 seiunctionum,
1898 1445 2004 1517 seque
2024 1430 2067 1496 ad

1078 1520 1297 1590 reddendam
1313 1518 1391 1589 Deo
1405 1521 1579 1589 rationem
1598 1535 1827 1611 praeparent3
1864 1535 1903 1594 tu
1921 1527 2066 1618 quidem

1079 1645 1144 1692 nec
1161 1622 1242 1692 ideo
1258 1622 1304 1693 ab
1317 1619 1473 1692 Ecclesia
1487 1616 1670 1691 Catholica
1688 1624 1885 1715 seiunctus,
1911 1651 1976 1698 nec
1991 1643 2068 1700 tur-

1078 1725 1178 1794 batae
1210 1724 1441 1809 concordiae,
1475 1723 1700 1796 dilacerative
1721 1748 1911 1798 consensus
1934 1733 2068 1819 publici

1077 1825 1227 1895 crimine
1241 1827 1531 1896 condemnandus
1545 1849 1598 1906 es,
1625 1829 1719 1918 quod
1737 1829 1893 1898 veritatis
1909 1832 2068 1904 coelestis

1077 1927 1192 2022 lucem
1214 1928 1382 1996 omnibus
1399 1927 1491 1996 vitae
1514 1927 1729 2007 commodis,
1752 1943 1786 1998 et
1807 1932 1970 2021 publicae
1993 1938 2068 2026 pri-

1077 2043 1246 2121 vataeque
1260 2027 1509 2121 tranquillitati
1532 2051 1605 2097 non
1629 2028 1771 2098 dubitas
1790 2033 1980 2118 anteferre,
2004 2043 2065 2108 sed

1076 2132 1126 2200 oh
1140 2129 1176 2199 id
1195 2129 1431 2200 alienissimus
1455 2131 1500 2200 ab
1522 2121 1586 2199 hac
1608 2129 1729 2219 culpa,
1756 2133 1943 2225 potiusque
1960 2138 2066 2209 laude

1063 2233 1222 2323 dignus,
1249 2245 1284 2302 et
1297 2229 1414 2303 officio
1430 2245 1523 2302 recte
1537 2232 1679 2301 fundus
1693 2253 1766 2301 esse
1781 2234 1931 2306 iudicari
1947 2237 2064 2318 debes.

1077 2333 1386 2423 Quemadmodum
1415 2346 1564 2405 testatur
1590 2328 1692 2404 Eliae
1716 2331 1914 2428 Prophetae
1946 2363 2064 2416 erem.

1076 2438 1195 2528 plum,
1221 2436 1278 2507 cui
1296 2437 1375 2506 cum
1392 2435 1523 2525 impius
1538 2459 1598 2506 rex
1605 2430 1731 2507 Achab
1745 2439 1913 2510 obiiceret
1928 2441 2063 2516 crimen

1076 2541 1236 2610 turbatae
1264 2537 1490 2618 concordiae,
1529 2550 1563 2607 et
1586 2538 1747 2608 convulsi
1776 2551 1888 2614 status
1919 2546 2065 2635 publici,

1076 2645 1112 2716 8.
1125 2640 1279 2730 Regum.
1299 2641 1358 2713 18.
1381 2641 1561 2734 inquiens:
1595 2637 1700 2708 Tune
1724 2663 1760 2708 es
1782 2643 1863 2739 ille,
1894 2647 1955 2736 qui
1977 2673 2064 2718 con.

1071 2739 1197 2816 'turbat
1220 2741 1356 2813 lsrael?
1407 2744 1481 2832 ipse
1502 2754 1654 2836 tyranno
1679 2743 1835 2830 graviter
1857 2753 2064 2836 respondet:

1077 2843 1154 2937 lmo
1171 2870 1245 2915 non
1268 2868 1331 2934 ego
1348 2844 1488 2914 turbavi
1505 2841 1632 2929 lsrael,
1659 2846 1718 2912 sed
1742 2856 1780 2913 tu
1804 2845 1879 2937 ipse
1902 2864 2005 2920 autor
2028 2877 2064 2924 es

1074 2929 1340 3030 turbationum,
1366 2945 1525 3015 colendis
1540 2969 1580 3014 ac
1593 2945 1814 3016 stabiliendis
1828 2947 1957 3036 idolis,
1985 2968 2049 3026 etc.

1176 3047 1290 3118 Porro
1305 3071 1361 3118 res
1375 3049 1450 3140 ipsa
1465 3048 1637 3138 loquitur,
1660 3073 1701 3118 ac
1717 3072 1779 3118 vos
1793 3051 1902 3132 scitis,
1917 3049 2063 3143 Papam,

1075 3149 1270 3243 Episcopus
1285 3165 1390 3243 atque
1404 3151 1601 3220 doctrinam
1620 3149 1859 3238 Pontificiam,
1885 3178 1945 3224 seu
1956 3153 2062 3248 Papi.

1074 3255 1217 3334 sticam,
1244 3254 1385 3324 anobis
1400 3253 1531 3329 taxari,
1557 3253 1771 3342 improbari,
1799 3279 1839 3322 ac
1853 3259 1998 3326 refutari
2022 3262 2060 3330 in

1075 3355 1322 3427 controversiis
1339 3353 1671 3445 planeperspicuis,
1699 3352 1915 3440 illustribus,
1942 3359 2062 3432 neces-

1073 3456 1196 3540 seriis,
1223 3472 1257 3527 et
1273 3455 1415 3524 maximi
1433 3477 1517 3524 sane
1533 3456 1714 3528 momenti.
1772 3454 1813 3526 ln
1833 3484 1901 3577 qua
1917 3463 2061 3553 quidem

1074 3560 1266 3628 necessaria
1298 3552 1572 3650 reprehensione
1602 3559 1842 3629 studuimus'
1832 3577 1924 3632 entra
1954 3563 2062 3637 iustas

1073 3674 1184 3731 metas
1197 3683 1360 3741 manere,
1386 3659 1537 3730 fideliter
1556 3661 1719 3730 universa
1733 3655 1913 3735 Ecclesiae
1930 3667 2062 3737 doctri-

1074 3786 1119 3831 na
1130 3763 1346 3857 ,inquisitis
1361 3762 1540 3848 fontibus,
1566 3763 1748 3852 explicata,
1772 3776 1980 3858 tantumque
1995 3769 2062 3838 do-

1073 3867 1185 3936 cendo
1193 3917 1205 3952 ‚
1231 3891 1306 3936 non
1321 3865 1555 3934 seditionibus
1569 3875 1604 3932 et
1617 3865 1724 3932 armis
1741 3881 1941 3954 propagata.
1988 3869 2063 3939 Lu.

1074 3981 1128 4038 cet
1142 3968 1251 4056 igitur
1265 3969 1303 4036 in
1318 3964 1639 4041 nostrisEcclesiis,
1665 3965 1736 4034 Dei
1754 3966 1942 4052 beneficio,
1969 3987 2060 4042 certa
2080 3997 2081 4000 ¹

41 4068 131 4150 gulae
146 4071 387 4160 adiungatur
409 4068 559 4151 scilicet,
586 4067 683 4159 quod
706 4079 865 4155 oporteat
883 4068 1022 4135 dassen
1074 4085 1108 4139 et
1123 4069 1305 4160 perspicua
1322 4069 1468 4148 veritas,
1495 4067 1662 4135 adversus
1679 4065 1829 4152 Papam,
1855 4067 2061 4163 Episcopus,

40 4168 153 4240 tientes
171 4175 219 4242 ab
241 4168 425 4241 ordinaria
441 4179 612 4260 potestate
629 4182 742 4238 certos
764 4189 837 4236 esse
861 4169 905 4236 de
928 4168 1022 4236 veri·
1075 4163 1292 4254 Monachos,
1323 4190 1515 4264 omnesque
1537 4167 1699 4236 factionis
1713 4166 1921 4240 Pontificiae
1946 4180 2063 4244 mani·
2115 4249 2117 4252 ,

15 4277 97 4342 'tate
112 4275 325 4357 doctrinae,
354 4295 461 4364 quam
478 4270 689 4362 profitentur
704 4265 1024 4359 etamplectuntur,
1074 4272 1214 4363 pulares
1230 4295 1269 4340 ac
1285 4270 1466 4340 satellites:
1504 4293 1655 4362 quorum
1683 4269 1787 4340 multi
1811 4274 1890 4341 tetri
1913 4297 2062 4358 errores,

40 4375 118 4446 sicut
134 4391 248 4452 antea
265 4374 450 4444 citavimus
471 4373 577 4442 verba
592 4369 698 4444 Dent.
715 4367 789 4439 17.:
825 4369 879 4442 Sit
895 4371 1023 4439 veritas
1074 4386 1108 4443 et
1122 4371 1226 4443 multi
1242 4374 1371 4442 abusus
1396 4374 1483 4440 adeo
1506 4371 1681 4440 manifesti
1705 4386 1806 4455 sunt,
1833 4389 1870 4444 ut
1894 4377 2063 4450 facillime

39 4490 138 4563 certa,
165 4493 236 4550 etc.
253 4476 290 4546 rd
307 4489 375 4559 est
391 4491 500 4566 prius
517 4472 715 4542 doctrinam
736 4473 876 4541 studeas
900 4495 941 4540 ex
962 4496 1024 4540 ve·
1073 4475 1215 4564 agnosci
1241 4488 1277 4545 et
1300 4473 1449 4542 iudicari
1479 4475 1525 4542 ab
1550 4475 1718 4544 omnibus
1745 4479 1924 4547 communi
1959 4505 2063 4553 sensu

40 4577 79 4643 ris
107 4533 284 4650 fhntibus
297 4589 414 4670 atque
442 4574 687 4647 fundamentis
718 4586 810 4643 recte
834 4596 874 4642 ac
898 4574 1024 4642 ordine
1076 4577 1247 4668 praeditis
1264 4575 1440 4692 possint.

38 4677 184 4766 discere,
225 4678 305 4770 pie,
346 4681 486 4762 dextre,
527 4675 781 4768 perspicueque
813 4674 1024 4765 intelligere,

40 4802 139 4904 quam·
159 4795 379 4874 postquam,
414 4779 597 4850 convictus
620 4792 655 4850 et
677 4776 902 4847 confirmatus
925 4777 1025 4847 testi-

38 4884 159 4954 moniis
175 4884 400 4972 scripturae,
430 4881 589 4971 agnoscis
607 4895 641 4950 et
657 4877 825 4968 intelligis
841 4902 914 4948 esse
933 4881 1025 4947 veri·
1178 4877 1281 4950 Certa
1305 4894 1339 4949 et
1359 4881 1505 4949 immota
1522 4878 1650 4947 veritas
1667 4891 1732 4947 est:
1762 4881 1942 4950 manifesta
1962 4907 2063 4952 men-

40 4995 136 5056 tatem
162 4983 345 5056 divinitus
368 4983 552 5068 traditam,
585 4997 687 5068 tunc,
716 4983 881 5075 inquam,
908 4981 1024 5070 agnita
1076 4980 1195 5065 dacia,
1222 4997 1256 5050 et
1271 4981 1525 5053 contumeliosa
1540 4981 1708 5050 adversus
1727 4981 1841 5050 tilium
1855 4980 1922 5052 Dei
1945 4985 2063 5056 doceri

39 5102 69 5156 ct
81 5089 269 5164 meetlecta
283 5086 446 5171 veritate
472 5086 579 5158 debes
591 5078 684 5155 hanc
698 5083 937 5154 obedientiam
949 5080 1026 5152 Deo
1077 5084 1199 5170 abiis,
1225 5086 1287 5177 qui
1311 5087 1452 5163 dicunt,
1480 5069 1642 5151 homines
1665 5082 1791 5151 mereri
1818 5085 2062 5158 remissionem

38 5187 321 5286 (inquocunque
343 5211 468 5279 genere
495 5189 587 5260 vitae
610 5186 779 5268 versaris,
819 5187 892 5254 sive
913 5187 1025 5275 magi·
1079 5201 1318 5306 peccatorum,
1354 5185 1505 5290 propriis
1526 5183 1713 5274 operibus,
1747 5168 2065 5276 cultuMissarum,

37 5307 177 5366 stratum
203 5290 319 5384 getis,
345 5291 541 5364 aliorumve
564 5287 710 5359 consilia
734 5289 928 5378 gubernas,
954 5290 1027 5358 sive
1078 5277 1615 5374 exercitiisvitaeMonnsticae,
1651 5285 1994 5394 peregrinationibus
2020 5296 2063 5362 ad

1358 5383 1441 5460 49*

1405 4758 1569 4822 Exempli
1599 4757 1732 4823 gratis.
