4622 5818
58 223 123 302 tlt
289 215 377 295 ΧΠ.
435 209 827 296 auuorartoaus
851 209 920 289 ΕΤ
942 207 1225 290 conctactus
1252 209 1304 288 ιιι
1328 207 1516 293 EVANG.
1542 212 1821 296 ΜΑΤΤΗΑΕΙ.
1909 145 1913 152 .
1997 227 2072 302 tta

141 387 223 462 ldco
240 391 301 464 dat
316 389 486 484 imperia,
511 401 552 462 ut
572 389 646 462 sint
669 387 759 464 tales,
777 381 920 458 bonesti
944 407 1032 456 con-

54 515 196 588 gressus,
227 491 523 566 utPsalm.122.
548 493 666 563 docet:
704 489 869 560 Laetatur
891 510 970 558 sum
993 487 1032 556 in

54 593 119 680 bis,
142 617 230 690 quae
253 595 345 666 dicta
365 607 452 666 runt
474 589 582 666 mihi:
633 589 677 662 ln
710 593 856 662 domum
878 585 1031 661 Domini

53 697 192 781 ibimus,
217 711 283 768 etc.

139 795 207 868 llic
229 795 474 868 consideretur
499 809 533 866 et
556 791 773 890 promissio,
803 790 1031 882 peculiariter

51 898 158 970 addita
188 897 372 969 communi
395 897 677 987 congregationi:
719 892 936 986 Ubicunque
956 896 1028 964 dxro

50 1013 101 1072 ant
112 1011 181 1070 tres
195 999 410 1072 convenient
426 998 464 1068 in
491 998 636 1070 nomine
651 1017 750 1082 mco,
775 995 816 1064 in
830 994 949 1066 medio
966 1019 1029 1068 eo·

51 1125 119 1174 ιιιιιι
133 1125 222 1179 ειιιιι.
275 1099 380 1174 ltem:
405 1099 444 1174 Si
465 1101 537 1173 duo
553 1099 815 1183 consenserint,
840 1109 906 1172 etc.

303 1279 392 1356 Iam
420 1275 499 1377 fiat
526 1279 751 1378 obiurgatio.

138 1416 192 1494 Es
210 1415 278 1492 hac
300 1419 639 1492 commonefactiune
661 1417 823 1505 discatis,
857 1417 1025 1488 volunta·

50 1539 109 1596 tem
124 1520 188 1595 Dei
206 1546 298 1606 csse,
323 1532 365 1594 ut
380 1522 599 1592 conveniatis
615 1521 652 1590 iri
668 1521 812 1614 publicu
830 1518 963 1611 templo
980 1520 1024 1589 ad

49 1626 247 1699 audiendam
274 1647 397 1695 vocem
425 1619 631 1716 Evangelii,
665 1639 701 1695 et
728 1625 773 1693 ad
799 1645 1024 1692 communem

48 1727 309 1813 invocationem,
334 1738 368 1797 et
384 1724 576 1815 gratiarum
593 1725 781 1812 actionem,
809 1723 901 1796 etad
920 1747 1023 1796 usum

47 1842 351 1913 sacramentorum,
382 1826 473 1896 sicut
493 1827 531 1896 in
554 1821 659 1896 Esaia
682 1827 816 1897 dictum
839 1837 911 1911 est,
948 1849 1024 1917 cap.

47 1927 98 2004 56.
122 1929 263 2000 Domus
278 1953 354 1999 mea
371 1930 499 2000 domus
520 1928 692 1999 orationis
708 1927 908 1999 vocabitur·

135 2029 209 2121 Qni
233 2055 309 2100 non
325 2030 451 2100 volunt
467 2031 636 2100 adiuvare
651 2029 955 2101 conservationem
970 2037 1024 2098 ta-

47 2132 123 2202 lium
140 2131 468 2225 congregationum,
483 2145 629 2222 peccant
643 2145 765 2202 contra
781 2141 1023 2224 praeceptum:

50 2233 189 2307 Sabbata
211 2233 419 2305 sanctifices.
479 2229 681 2305 Offendunt
704 2231 820 2304 Deum
843 2242 1025 2302 contemtu

49 2336 222 2408 ministerii
234 2349 270 2408 et
288 2347 608 2422 sacramentorum,
633 2348 668 2407 et
683 2329 865 2406 attrahunt
883 2354 1023 2424 poenas.

136 2437 232 2527 Quid
251 2435 409 2529 pulcrior
425 2449 478 2508 est
496 2458 688 2526 congressu
711 2437 750 2507 in
774 2435 935 2526 templis,
960 2432 1024 2503 ubi

49 2551 135 2610 sonat
148 2563 214 2612 vox
227 2537 417 2628 Evangelii
436 2537 513 2608 sine
535 2537 755 2608 mendaciis?
793 2535 833 2609 Si
856 2531 923 2606 hoc
944 2549 1026 2604 tan·

48 2649 113 2708 tum
140 2641 276 2712 bonurn
304 2663 381 2710 non
412 2638 530 2710 velitis
557 2653 672 2710 vestra
703 2639 885 2730 diligentia
918 2637 1024 2708 etiarn

50 2763 270 2826 conservare,
310 2738 409 2812 Deus
440 2741 533 2812 sinet
560 2753 672 2813 vestra
698 2740 828 2829 templa
850 2739 963 2828 redigi
986 2738 1024 2808 in

49 2843 167 2914 stabula
186 2843 356 2928 militum,
382 2840 472 2914 sicut
486 2843 524 2911 in
531 2841 617 2913 Asia
631 2857 665 2914 ct
681 2844 719 2913 in
729 2839 878 2914 Graecia
891 2841 1024 2912 tactum

49 2955 104 3026 cst,
127 2943 191 3018 nbi
205 2947 279 3017 iarn
295 2941 408 3016 Tucci
425 2958 606 3016 verterunt
621 2944 752 3038 templa
769 2944 808 3014 in
823 2941 975 3018 stabula.

277 3091 280 3099 ’
324 3089 497 3162 secunda
520 3107 733 3163 admonttto.

135 3206 204 3282 Sed
224 3210 380 3281 sciamus
408 3210 534 3294 etiam,
558 3210 601 3279 ad
626 3211 713 3303 quid
739 3209 1025 3282 conveniendum

50 3307 102 3394 sit,
126 3311 297 3402 nimirum
313 3313 358 3382 ad
373 3305 460 3380 baec
473 3321 642 3404 quatuor:

138 3416 171 3489 ι.
221 3409 284 3487 Ad
301 3413 514 3484 audiendam
533 3435 654 3484 vocem
670 3409 872 3504 Evangelii.

135 3515 173 3590 2.
225 3511 285 3586 Ad
301 3514 577 3589 invocationem.

134 3618 179 3690 S.
223 3612 284 3687 Ad
299 3616 491 3706 gratiarnm
514 3616 703 3690 actionem.

132 3715 171 3794 4.
221 3717 282 3788 Ad
298 3739 404 3789 usum
421 3731 732 3794 sacramentorum.

48 3889 141 3970 Tunc
155 3893 467 3973 accedensPstrus
482 3897 622 3999 inquit:
647 3895 800 3998 Quoties
818 3896 1028 3973 remittam?

136 4031 206 4106 llic
242 4035 342 4106 locus
372 4034 532 4106 continet
571 4037 769 4108 doctrinam
804 4036 843 4108 in
866 4032 1025 4108 Ecclesia

48 4135 186 4209 maxime
213 4135 472 4234 necessariam,
514 4151 548 4210 et
577 4139 830 4229 amplissimam
862 4138 1024 4208 consola-

49 4233 181 4314 tionem.
241 4235 327 4309 ldeo
356 4236 545 4329 diligenter
576 4241 752 4328 discatur,
794 4252 827 4312 et
859 4239 1026 4330 infigatur

50 4341 185 4426 pectori.
817 4417 820 4424 ,

138 4437 276 4512 Omnes
289 4441 439 4532 pavidae
456 4453 592 4512 mentes
607 4439 863 4523 excrucientur,
884 4463 930 4513 an
945 4466 1025 4513 cum

50 4549 112 4608 tam
128 4545 240 4617 crebri
256 4545 327 4613 sint
342 4544 460 4634 lapsus
475 4543 608 4628 nostri,
633 4541 731 4615 Deus
746 4546 849 4614 toties
871 4545 1026 4615 remittat

50 4645 199 4728 peccata?
225 4643 326 4718 Sicut
340 4638 400 4715 bic
413 4643 519 4720 Petro
535 4645 640 4718 etiarn
656 4644 796 4716 videtur
818 4644 970 4738 mirum,
996 4645 1026 4715 si

51 4744 143 4814 toties
157 4745 255 4820 Dens
268 4747 433 4818 remittat.

142 4845 225 4920 ldeo
240 4842 422 4921 Meterius
436 4846 684 4933 Alexandriae,
710 4859 744 4918 et
760 4839 932 4918 Nomius
948 4843 1026 4918 Ro-

54 4965 139 5033 rnae,
164 4963 380 5040 negaverunt
397 4951 515 5040 lapsos
530 4950 751 5042 recipiendos
765 4972 860 5036 esse,
885 4950 947 5043 qui
962 4947 1025 5021 ha·

53 5041 173 5122 bebant
194 5050 320 5124 delicta
344 5051 545 5138 manifesta,
569 5065 630 5137 ut,
661 5052 724 5145 qui
746 5051 903 5123 lacerant
923 5052 1026 5121 adul-

18 5161 20 5168 ’
56 5148 188 5238 ιιιῐιιιιι,
231 5167 293 5225 ant
321 5145 574 5238 homicidium,
615 5167 677 5226 aut
708 5153 770 5245 qni
802 5152 841 5223 in
870 5153 1026 5245 periculo

57 5253 273 5326 comesturus
286 5256 486 5327 defecerant
508 5258 554 5330 ab
566 5253 762 5348 Evangelio
784 5268 929 5349 propter
951 5277 1027 5325 mc-

56 5353 122 5422 tum
138 5357 399 5450 suppliciorum.

1184 379 1231 455 Et
1245 405 1449 480 quanquam
1466 383 1606 458 Meletii
1621 399 1720 460 tanta
1737 401 1811 462 erat
1825 395 2004 483 autoritas,
2030 413 2071 474 ut

1082 507 1208 574 magna
1225 487 1419 558 multitudo
1436 487 1475 557 in
1491 483 1654 584 Aegypto
1671 503 1705 562 et
1722 491 1759 562 in
1770 489 1873 590 Syria
1889 492 1985 568 hunc
2000 502 2070 572 du-

1082 609 1163 658 rurn
1198 610 1354 658 errorem
1395 589 1681 680 amplecteretur,
1719 606 1836 666 tamen
1871 595 2067 692 Episcopus

1081 684 1347 759 Alexandrinus
1366 683 1497 760 Petrus
1518 705 1722 764 constanter
1737 696 1769 764 ei
1787 697 1991 772 adversatus
2005 717 2067 775 est.

1079 787 1123 859 Et
1139 790 1259 860 citavit
1274 784 1373 861 hunc
1388 791 1507 862 locum
1521 793 1731 886 scripturae:
1758 794 1915 870 Remitte
1926 816 2066 893 septua-

1079 891 1152 980 gies
1174 891 1311 984 septies.
1362 890 1410 964 Et
1429 893 1567 966 addidit
1588 895 1829 968 testimonium
1853 924 1894 970 cx
1910 903 1982 974 ritu
1997 902 2068 987 Ec-

1079 993 1222 1076 clasiae,
1255 1015 1345 1085 quae
1375 1004 1461 1064 tunc
1483 1019 1625 1088 quoque
1649 996 1767 1089 lapsos
1790 999 1998 1093 recipiebat,
2031 1019 2067 1079 et

1077 1095 1333 1186 pronuntiabat
1357 1095 1408 1164 eis
1428 1095 1698 1170 absolutionem
1750 1098 1850 1172 Sicut
1869 1127 1935 1172 nos
1948 1103 2064 1179 adhuc

1077 1197 1270 1267 retinemus
1286 1219 1419 1266 morem
1437 1197 1598 1288 singulos
1614 1199 1834 1272 absolvendi.

1177 1311 1224 1382 Et
1251 1312 1395 1406 quidem
1416 1305 1509 1382 hanc
1532 1313 1646 1410 ipsam
1672 1317 1718 1385 ob
1743 1341 1882 1387 causam
1902 1319 1991 1392 utile
2011 1335 2064 1396 est

1076 1413 1222 1484 retineri
1244 1437 1380 1484 morem
1403 1415 1637 1486 absolutionis
1663 1417 1903 1508 singulorum,
1932 1437 1970 1493 ιιι
1987 1448 2063 1495 ma

1076 1528 1157 1587 neat
1173 1515 1211 1584 in
1226 1513 1383 1586 Ecclesia
1400 1509 1469 1587 hoc
1484 1517 1747 1606 testimonium,
1773 1523 1868 1616 qnod
1882 1524 1973 1626 lapsi
1988 1526 2062 1600 sint

1076 1616 1282 1709 recipiendi.

1178 1734 1237 1806 Sic
1262 1747 1295 1806 ct
1319 1759 1384 1806 nos
1406 1749 1588 1808 teneamus
1609 1732 1703 1808 hanc
1723 1739 1940 1829 doctrinam,
1965 1753 2063 1843 quod

1074 1837 1165 1929 lapsi
1190 1837 1262 1907 sint
1283 1837 1497 1930 recipiendi,
1523 1853 1556 1910 et
1580 1839 1731 1912 sciamus
1751 1838 1807 1914 lsic
1822 1845 1921 1938 loqui
1933 1847 2062 1921 Domi·
2087 1912 2091 1916 .

1075 1964 1162 2008 num
1186 1939 1231 2009 de
1254 1939 1452 2010 ministerio
1472 1951 1506 2010 et
1523 1964 1603 2010 vera
1617 1943 1823 2014 remissione
1839 1971 1957 2018 coram
1973 1951 2063 2040 Deo,
2162 1959 2168 1972 '

1075 2043 1219 2134 quando
1235 2039 1322 2110 dicit
1336 2035 1517 2112 Christus:
1542 2037 1700 2114 Remitte
1712 2049 1909 2136 septuagies
1925 2057 2063 2145 septies,

1074 2143 1112 2214 id
1135 2154 1203 2226 est,
1237 2142 1524 2237 quandocunque
1545 2141 1704 2234 petimus.
1762 2143 1856 2233 Quia
1879 2174 2061 2244 numerus,

1074 2241 1270 2336 septuagies
1302 2243 1450 2334 septies,
1483 2243 1629 2335 ponitur
1649 2270 1713 2336 pro
1735 2245 1873 2319 infinita
1898 2255 2062 2330 multitu·

1075 2345 1170 2415 dine.
1227 2341 1379 2416 Faciunt
1401 2358 1517 2416 autem
1541 2347 1762 2440 septuaginta
1787 2363 1939 2442 septem,
1972 2383 2062 2456 qua.

1075 2447 1261 2537 dringenta
1278 2459 1312 2516 et
1326 2446 1533 2538 nonaginta.
1833 2445 1835 2447 ’

1177 2561 1300 2656 Aliqui
1331 2557 1429 2636 bunc
1459 2575 1591 2636 textum
1618 2567 1710 2636 male
1740 2541 1993 2660 corruperunt,
2027 2595 2093 2654 et·
2186 2607 2189 2614 ’

1076 2667 1337 2736 contenderunt
1353 2690 1433 2737 eum
1449 2677 1587 2738 tantum
1603 2667 1702 2760 loqui
1717 2669 1761 2738 de
1771 2675 2062 2754 reconciliatione

1075 2767 1230 2837 fraterna
1253 2765 1347 2839 inter
1361 2763 1541 2852 homines,
1567 2790 1641 2838 non
1658 2769 1702 2837 de
1718 2771 1925 2845 remissione
1942 2803 2061 2854 coram

1074 2866 1168 2940 Deo.
1221 2865 1290 2938 Sed
1315 2861 1355 2936 bi
1377 2869 1513 2940 faciunt
1536 2867 1704 2942 iniuriam
1727 2873 1855 2958 textui,
1879 2890 1913 2947 et
1933 2905 2062 2972 magna

1076 2969 1256 3061 impietate
1283 2972 1478 3059 depravant
1505 2993 1598 3043 eum.
1653 2969 1747 3060 Quia
1774 2967 1937 3049 Christus
1967 2985 2062 3058 clare

1076 3071 1166 3141 dixit
1184 3069 1298 3162 prius:
1326 3070 1507 3168 Quicquid
1524 3073 1700 3146 solveritis
1714 3090 1973 3168 superterram,
1995 3089 2063 3161 erit

1076 3171 1232 3244 solutum
1250 3173 1339 3242 etin
1357 3175 1466 3250 coelo.

1177 3278 1215 3348 2.
1267 3269 1372 3344 Item:
1405 3271 1577 3344 Lucratus
1600 3275 1670 3344 eris
1689 3275 1833 3348 fratrem
1859 3294 1970 3357 tuum.
2021 3289 2064 3362 Si

1076 3374 1238 3446 remissio
1261 3398 1336 3445 non
1360 3374 1493 3445 valeret
1512 3398 1630 3444 corant
1649 3376 1744 3462 Deo,
1770 3405 1844 3450 non
1866 3383 2065 3464 lucraretur
2092 3411 2095 3416 '

1076 3477 1235 3551 fratrem.
1782 3499 1784 3504 ·

1178 3577 1215 3654 S.
1250 3573 1300 3649 Et
1312 3576 1456 3673 quidem
1470 3577 1697 3651 manifestum
1712 3594 1746 3653 et
1761 3584 1948 3677 impudens
1962 3615 2064 3664 men-

1077 3677 1217 3750 dacium
1243 3692 1314 3762 est,
1340 3679 1458 3750 dicere
1480 3683 1575 3776 quod
1602 3675 1661 3753 hic
1684 3708 1758 3755 non
1780 3683 1918 3758 dicatur
1941 3693 1985 3762 de
2007 3720 2064 3765 re-

1076 3780 1245 3853 missione
1268 3804 1388 3852 coram
1402 3779 1499 3868 Deo,
1525 3806 1607 3854 cnm
1628 3799 1743 3856 textus
1765 3803 1882 3878 postea
1899 3791 1990 3863 clare
2006 3797 2063 3866 di-

1077 3894 1147 3954 cat:
1173 3881 1234 3955 Sic
1249 3883 1352 3954 saciet
1366 3879 1471 3954 Pater
1484 3907 1585 3955 meus
1599 3886 1768 3958 coelestis.

1181 3982 1218 4060 4.
1268 3979 1316 4056 Et
1341 4005 1490 4078 sequens
1514 3984 1711 4058 similitudo
1736 3989 1925 4079 significat,
1957 3999 2063 4069 nobis

1076 4085 1230 4178 plurima
1247 4085 1415 4159 remittis
1430 4087 1521 4158 Deo.

1179 4185 1398 4258 Accedamus
1431 4185 1541 4276 igitur
1571 4187 1617 4256 ad
1645 4185 1935 4283 similitudinem,
1973 4224 2064 4296 quae

1019 4319 1021 4331 ·
1077 4289 1236 4361 continet
1252 4287 1426 4380 egregiam
1445 4287 1657 4361 doctrinam..

1127 4471 1261 4548 Simile
1283 4481 1334 4543 est
1357 4495 1509 4568 regnum
1530 4472 1710 4548 coeloram
1730 4477 1811 4572 regi
1817 4533 1828 4564 ,
1861 4480 1929 4580 qui
1949 4481 2063 4558 voluit

1175 4571 1372 4649 subducem
1387 4574 1548 4648 rationes
1566 4600 1645 4648 cum
1662 4578 1777 4650 servis
1791 4580 1884 4659 suis.

1176 4729 1248 4802 Hic
1268 4729 1424 4823 primum
1443 4731 1610 4816 observa,
1639 4756 1786 4823 regnum
1804 4737 2000 4824 coelorum,
2026 4740 2065 4811 id

1077 4847 1148 4916 est,
1180 4829 1396 4917 Ecclesiam,
1429 4833 1549 4904 vocari
1578 4834 1622 4903 ad
1653 4835 1827 4922 rationes,
1867 4839 1950 4908 item
1981 4865 2066 4931 pro-

1077 4937 1177 5030 prios
1205 4956 1325 5006 servos
1355 4933 1459 5022 regis.
1495 4973 1498 4980 ·
1526 4932 1601 5004 Nos
1629 4960 1798 5007 vocamur
1825 4939 1869 5008 ad
1900 4939 2066 5021 rationes.

1077 5037 1152 5110 Nos
1180 5058 1350 5107 vocamur
1378 5037 1424 5104 ad
1454 5035 1720 5125 poenitentiam}
1779 5041 1866 5108 Ideo
1895 5041 2065 5136 scriptum

1078 5153 1129 5211 est
1147 5143 1181 5211 1.
1197 5136 1292 5211 Pctr.
1309 5133 1361 5210 4.:
1389 5133 1565 5206 Indicium
1581 5161 1601 5207 a
1619 5140 1726 5212 domo
1740 5139 1808 5212 Dei
1823 5139 1964 5234 incipit.

1180 5251 1295 5324 Valde
1315 5253 1427 5343 igitur
1446 5253 1651 5330 detestanda
1673 5270 1724 5329 est
1739 5249 1915 5329 horrenda
1930 5259 2064 5332 securi-

1354 5433 1441 5536 ast

998 5447 1000 5452 .
1078 5369 1131 5428 tas
1147 5349 1348 5446 bominum.
