4616 5818
57 205 117 279 185

574 201 657 280 llll.
710 197 1108 282 tuuortutouus
1134 199 1188 280 lu
1212 197 1519 284 uvauuuuts.

1855 317 1858 324 .
1981 205 2056 280 ldd

52 393 80 447 st
99 377 292 459 ιειιιιιιιιιιιι
313 372 458 462 ludaei,
484 373 548 470 qni
577 387 659 467 post
680 390 855 471 quartam
869 399 1015 447 monar-
1064 397 1145 445 mus
1161 375 1241 447 Deo
1258 400 1362 454 curae
1377 399 1468 464 esse,
1491 397 1537 450 ue
1555 377 1703 472 imperia
1724 378 1866 472 penitus
1888 379 2046 451 obruant

53 474 170 564 chiam,
205 493 237 548 et
267 491 347 569 post
369 499 528 549 evertam
555 477 717 570 politiam
738 477 866 564 Moisi,
897 474 1015 548 adhuc
1064 473 1274 554 Ecclesiam.

52 593 216 670 expectant
238 577 428 664 Messiam,
461 601 542 650 cum
566 579 765 672 oportuerit
796 602 876 650 eum
899 593 1015 651 stante

53 677 105 750 bac
127 681 269 771 politis,
302 681 374 752 imo
395 693 511 752 stante
543 683 700 752 secundo
723 683 877 772 templo,
903 682 1013 769 nasci,

50 782 128 854 sicut
140 779 320 873 Aggaeus,
343 779 474 853 Daniel
491 795 524 852 et
543 779 704 854 Micheas
721 797 904 854 testantur.

403 933 451 986 De
469 932 641 986 secundo.

135 1031 203 1104 Sed
252 1032 465 1106 mirabiliter
503 1035 700 1132 implentur
745 1033 1012 1128 promissiones,

1447 628 1496 679 De
1519 629 1659 693 quarto.

1167 727 1217 804 Ut
1240 729 1350 822 igitur
1374 726 1442 802 hoc
1467 730 1546 801 loco
1565 727 1662 802 Deus
1683 743 1783 802 curat
1798 753 1964 836 praesepe
1978 754 2044 800 na·

1065 834 1176 905 scenti
1185 827 1340 920 Christo,
1353 832 1403 905 sic
1418 856 1555 923 semper
1565 832 1712 926 aliquod
1729 827 1923 924 hospitium
1942 856 2044 924 prae-

1065 934 1144 1006 buit
1166 950 1200 1009 et
1218 937 1366 1036 praebet
1386 929 1583 1016 Ecclesiae,
1610 935 1697 1004 alias
1719 935 1848 1024 magis,
1873 932 1961 1004 alias
1978 934 2048 1003 mi-

1066 1060 1133 1108 nus
1148 1037 1395 1130 tranquillum.
1446 1033 1501 1106 Ac
1515 1038 1560 1106 de
1573 1049 1723 1128 utraque
1744 1059 1784 1105 re
1808 1035 2048 1106 commonefa-

49 1135 241 1228 promiserat
252 1133 349 1206 Deus
364 1159 400 1206 se
416 1138 581 1207 daturum
593 1133 697 1207 lacob
712 1151 842 1210 terram
860 1133 1014 1219 Canaan,
1066 1137 1112 1210 cit
1129 1162 1196 1208 nos
1211 1133 1279 1211 hoc
1295 1139 1556 1231 spectaculum,
1581 1140 1626 1207 de
1647 1135 1800 1208 miseriis
1815 1131 1992 1208 Ecclesiae
2015 1150 2050 1208 et

49 1239 98 1306 sed
113 1237 207 1330 prius
223 1236 363 1308 inducit
387 1262 467 1309 eum
484 1238 522 1306 in
540 1238 763 1334 Aegyptum,
790 1253 823 1309 et
839 1237 890 1308 ibi
904 1239 1012 1328 longo

48 1354 188 1429 tempore
205 1339 368 1409 miseram
381 1341 621 1438 posteritatem
631 1339 913 1430 duriterallligit,
927 1363 1012 1432 pro-

48 1441 173 1510 miserat
189 1463 226 1510 se
243 1442 472 1511 defensurum
498 1464 572 1510 esse
594 1444 787 1535 templum,
814 1444 876 1512 sed
893 1455 1011 1512 tamen

48 1541 120 1610 sinit
140 1541 249 1611 deleri
272 1565 293 1612 a
312 1539 617 1632 Nabngdonosor,
643 1559 678 1615 et
700 1559 821 1638 postea
847 1543 1012 1614 restituit.

49 1639 91 1711 lta
105 1643 300 1740 plerunque
314 1645 584 1736 promissiones,
600 1644 704 1716 aliter
719 1670 825 1740 quam
840 1667 906 1714 nos
922 1646 1011 1714 ima-

49 1744 211 1832 ginamur,
236 1740 460 1819 exhibentur.
505 1744 547 1816 ld
578 1746 666 1817 scire
688 1771 754 1818 nos
775 1759 932 1837 oportet,
966 1770 1012 1816 ne
1065 1797 1074 1814 .

50 1847 177 1914 verbum
193 1843 264 1914 Dei
280 1845 511 1938 abiiciamus,
536 1871 618 1917 cum
644 1862 836 1920 occurrunt
860 1847 1010 1939 impedi-

50 1960 164 2032 menta,
189 1971 282 2040 quae
301 1949 467 2019 videntur
484 1971 643 2041 pugnare
659 1963 738 2022 cum
758 1949 1010 2043 promissione:

50 2062 83 2116 ιιι
95 2043 243 2118 Ecclesia
266 2049 438 2140 promissa
462 2064 514 2121 est
541 2051 631 2134 vita,
658 2057 778 2125 taiuen
801 2051 900 2144 prius
917 2075 1011 2120 mer-

49 2149 146 2236 gimur
161 2151 198 2218 in
214 2163 378 2222 mortem.

132 2247 195 2321 Est
208 2251 321 2342 igitur
338 2267 372 2324 et
388 2249 551 2324 hocloco
571 2254 676 2324 aliter
693 2253 838 2347 impleta
858 2255 1010 2345 promis-

50 2349 105 2432 sio,
139 2377 245 2444 qnam
283 2349 445 2424 homines
479 2355 790 2445 imaginabantur„
841 2355 1010 2429 Sciebant

49 2455 240 2525 omoesiorc
264 2468 305 2525 ut
328 2469 531 2527 nasceretur
546 2452 711 2529 Christus
734 2457 772 2528 in
786 2455 1010 2541 Bethlehem,

49 2555 94 2620 sed
114 2557 313 2646 cogitabant
334 2559 494 2629 futurum
516 2581 590 2628 esse
617 2559 772 2653 aliquem
795 2562 1007 2652 opulentum

1 2703 2 2736 3
50 2655 139 2723 civem
159 2657 209 2727 ibi
234 2653 473 2744 habitantem,
508 2659 687 2732 munitum
718 2661 896 2732 nobilium
921 2686 1011 2733 con·

1 2783 2 2788 ¹
49 2757 226 2841 iunctione,
255 2759 295 2828 in
318 2759 418 2833 cuius
440 2761 577 2831 familia
601 2777 805 2834 nasceretur
829 2761 1007 2850 Christus,

1 2941 2 2952 2
49 2872 79 2926 ut
111 2853 253 2934 haberet
296 2861 409 2932 socios
451 2876 570 2957 postea
610 2889 729 2935 rerum
763 2867 1009 2956 gerendarum.

50 2956 241 3055 Quanquam
259 2977 375 3034 autem
393 2959 520 3059 loseph
541 2979 592 3036 est
614 2966 704 3035 civis
718 2991 758 3037 ac
775 2968 928 3053 nobilis,
955 2981 1009 3036 ta-

1 3133 2 3162 ,
50 3085 112 3129 nen
130 3065 180 3134 ibi
205 3089 285 3134 non
306 3060 467 3150 habitat,
491 3091 556 3138 nec
577 3067 725 3162 stipatus
748 3084 801 3141 est
824 3069 1009 3163 praesidiis

2 3165 3 3224 ἶ
50 3165 240 3252 ιιιιίιοιιιιιι,
267 3181 406 3238 tantum
425 3167 465 3235 in
481 3168 678 3240 diversorio
700 3171 815 3260 exigui
838 3173 1009 3265 temporis

2 3321 3 3326 ,
50 3259 219 3357 hospitium
238 3263 361 3354 lsahel·

419 3417 467 3470 lte
493 3419 620 3474 tertlo.

128 3517 310 3592 Venturos
325 3535 400 3592 crat
415 3519 585 3607 Messias,
611 3547 693 3595 cum
710 3524 845 3617 populo
861 3540 951 3597 esset
966 3523 1006 3594 in

51 3623 208 3708 servitute,
237 3637 275 3694 et
297 3635 417 3692 tam'en
432 3621 577 3696 baberet
593 3619 836 3720 αὐτονομίαν.
889 3626 1007 3720 blaxi-

50 3743 90 3791 ne
103 3747 177 3794 vero
200 3725 384 3798 declarant
400 3727 605 3800 servitutem
631 3725 698 3799 bae
714 3732 805 3800 duae
820 3752 1005 3820 personae,

50 3839 129 3895 natae
142 3826 239 3916 regio
252 3850 391 3915 genere,
419 3831 579 3900 nondum
597 3831 692 3899 enim
708 3832 881 3903 memoria
898 3855 1004 3922 gene·

51 3923 86 3990 ιὶι
102 3927 246 3999 extincta
269 3944 362 4014 erat,
389 3935 450 4000 sed
467 3945 549 4002 ante
565 3954 680 4002 annos
699 3947 840 4004 centum
857 3949 891 4006 et
906 3957 1005 4004 sexa-

50 4025 122 4110 ginta
137 4025 255 4100 adbuc
271 4033 384 4102 tenuit
400 4034 696 4122 gubernationem
713 4033 839 4106 lanncs

51 4123 201 4201 lotiocho
226 4131 433 4205 interiectus
452 4149 521 4216 est,
546 4162 571 4229 q

50 4221 137 4300 Lucas
164 4235 335 4305 tritavum
367 4233 504 4327 loseph.
565 4236 687 4327 Quare
715 4262 816 4309 senes
840 4239 1004 4312 viderant

52 4541 91 4602 tus
106 4537 288 4608 extinctam
312 4547 385 4610 esse
407 4543 615 4613 memoriam
640 4543 871 4614 successionis
900 4546 939 4613 in
964 4569 1002 4616 ea

50 4630 168 4714 familia.

126 4735 203 4810 Duo
218 4755 335 4812 autem
353 4742 537 4816 discantur
550 4769 591 4816 ex
607 4741 674 4816 hoc
692 4747 865 4838 exemplo.
893 4747 1001 4838 Quod

1065 1243 1109 1309 de
1123 1234 1290 1332 hospitio.
1339 1236 1406 1312 Est
1420 1263 1651 1334 aerumnosa,
1665 1240 1724 1309 sed
1740 1234 1965 1310 tamenDeus
1981 1239 2048 1309 ali-

1064 1345 1162 1437 quod
1184 1338 1378 1433 hospitium
1395 1356 1512 1433 curat,
1540 1356 1580 1416 ut
1597 1340 1718 1410 navim
1741 1341 1903 1412 servabat
1919 1337 2047 1426 Paulo,

1064 1444 1237 1556 tantisper
1249 1447 1362 1514 donec
1376 1445 1416 1512 in
1430 1457 1570 1536 portum
1591 1441 1740 1524 veniret,
1765 1440 1886 1514 Actor.
1902 1440 1965 1516 27.

1445 1587 1493 1640 De
1516 1587 1654 1653 qutnto.

1166 1691 1244 1765 Etsi
1268 1715 1306 1762 ea
1327 1691 1476 1786 quaein
1497 1685 1655 1762 Ecclesia
1678 1702 1870 1780 geruntur,
1895 1713 1969 1759 non
1990 1689 2041 1759 sic

1064 1809 1256 1866 mcurrunt
1271 1795 1309 1864 in
1322 1795 1466 1876 oculos,
1491 1805 1532 1863 nt
1549 1815 1605 1864 res
1621 1806 1736 1882 gestae
1750 1787 1961 1876 Alexandri,
1984 1805 2045 1862 ant

1061 1895 1293 1982 C.Caesaris,
1319 1921 1410 1990 quae
1426 1895 1695 1987 conspiciuntur
1710 1893 1872 1964 omnium
1885 1893 2044 1984 gentium

1063 2000 1195 2069 oculis:
1230 2014 1349 2070 tamen
1370 1996 1468 2068 Dens
1488 1997 1566 2068 vult
1584 1991 1781 2066 Ecclesiam
1804 2007 1933 2065 certam
1960 2015 2046 2076 esse,

1062 2114 1098 2171 et
1112 2096 1254 2171 exbibet
1277 2101 1389 2170 multa
1413 2097 1627 2169 testimonia.
1681 2095 1767 2166 ldeo
1784 2111 1819 2167 et
1833 2093 1892 2168 hic
1908 2098 1953 2165 de
1971 2094 2043 2166 Na-

1062 2199 1198 2272 tivitate
1213 2202 1402 2290 diligenter
1415 2201 1608 2270 recitantur
1622 2198 1842 2283 testimonia,
1867 2221 1958 2294 qnae
1977 2220 2045 2267 no-

1062 2303 1118 2374 bis
1132 2303 1311 2374 inculcare
1327 2304 1517 2384 debemus,
1541 2300 1697 2371 utfidem
1723 2299 1761 2368 in
1785 2300 1890 2371 nobis
1912 2299 2044 2370 confir·

1062 2420 1171 2480 ment.
1226 2403 1333 2478 initio
1350 2417 1454 2476 testes
1468 2417 1551 2474 sunt
1566 2403 1610 2470 de
1624 2416 1783 2494 tempore
1796 2416 1831 2473 et
1847 2404 1943 2481 loco,
1970 2397 2045 2471 Da-

1062 2507 1135 2578 niel
1150 2521 1184 2580 et
1198 2502 1371 2578 Micheas.
1421 2503 1513 2577 Cum
1531 2505 1641 2595 igitur
1654 2518 1801 2575 eventus
1819 2505 2044 2596 respondeat,
2115 2513 2117 2516 ’

1062 2623 1197 2680 certum
1213 2622 1265 2679 cst
1282 2609 1448 2678 vaticinia
1471 2607 1532 2677 illa
1554 2606 1662 2678 luisse
1676 2607 1811 2680 divina.
1865 2602 1942 2676 lam
1958 2627 2042 2673 vero

1061 2735 1081 2780 a
1098 2723 1270 2810 conceptu
1286 2723 1370 2780 snnt
1385 2723 1506 2794 testes,
1525 2705 1663 2789 Maria,
1680 2704 1826 2805 loseph,
1842 2700 2043 2788 Zacharias,

1062 2807 1266 2896 Elisabeth,
1288 2825 1322 2882 et
1341 2807 1467 2881 borum
1484 2809 1650 2880 familiae.
1702 2806 1955 2893 doctissime,
1969 2806 2038 2876 Pa-

1061 2927 1192 2997 stores,
1218 2911 1335 3004 Magi,
1362 2913 1527 2998 Simeon,
1553 2906 1679 2997 Anna,
1705 2924 1741 2982 et
1762 2910 1867 2980 multi
1883 2908 1958 2980 alii.

1163 3029 1227 3105 Est
1251 3034 1362 3122 igitur
1379 3027 1535 3104 Ecclesia
1559 3030 1713 3116 visibilis
1737 3044 1878 3116 coetus,
1903 3024 2038 3098 habens

1061 3149 1153 3208 certa
1178 3134 1380 3210 testimonia
1398 3131 1584 3204 hominum
1603 3159 1684 3203 vere
1702 3130 1980 3202 asseverantium
1999 3153 2040 3198 ea

1060 3263 1150 3332 quae
1164 3235 1261 3309 Deus
1277 3237 1454 3322 ostendit,
1473 3236 1611 3306 etiamsi
1634 3232 1719 3305 baec
1736 3233 1938 3306 testimonia
1954 3255 2042 3324 pro·

1062 3354 1139 3433 pter
1162 3362 1328 3432 personas
1351 3338 1546 3408 imbecilles
1575 3348 1864 3408 contemnuntur.
1905 3331 1955 3406 Ut
1979 3353 2042 3426 pa-

1058 3454 1195 3512 storum
1217 3441 1374 3512 narratio
1399 3462 1417 3510 a
1442 3439 1565 3510 multis
1589 3453 1705 3531 spreta
1728 3438 1818 3519 luit,
1855 3449 1890 3506 et
1922 3449 2041 3506 tamen

1060 3545 1171 3638 aliqui
1197 3543 1300 3614 etiam
1333 3541 1580 3611 iniunctione
1607 3540 1788 3612 ordinaria
1818 3539 2041 3609 sacerdotum

1058 3647 1204 3716 fuerunt
1219 3660 1344 3730 testes,
1369 3657 1409 3715 ut
1427 3637 1619 3713 Zacharias
1637 3656 1671 3715 et
1686 3640 1844 3714 Simeon.

1160 3761 1234 3834 Nos
1258 3787 1342 3834 vero
1367 3761 1555 3852 diligenter
1581 3785 1620 3830 ca
1652 3759 1757 3830 nobis
1785 3775 2041 3858 proponamus,

1058 3867 1141 3961 quia
1164 3866 1250 3936 fides
1271 3865 1431 3955 exemplo
1454 3864 1696 3933 membrorum
1711 3857 1890 3930 Ecclesiae
1907 3855 2038 3926 confir-

1058 3983 1175 4038 matur
1191 3969 1235 4037 de
1253 3965 1421 4036 omnibus
1435 3964 1608 4035 articulis.
1659 3962 1783 4033 Simul
1801 3961 1904 4031 etiam
1922 3957 2041 4028 consi-

840 4087 853 4127 ι
881 4061 943 4131 ‘1¹¹¹
959 4038 1004 4107 “b
1056 4073 1221 4141 deremus
1242 4067 1569 4139 dissimilitudinem
1596 4061 1773 4137 Ecclesiae
1802 4076 1836 4133 et
1868 4059 2039 4157 imperio·

573 4161 652 4206 Μ’
675 4133 823 4206 limem
848 4153 1004 4211 “cimel
1057 4197 1149 4257 rum,
1175 4185 1210 4242 et
1225 4171 1375 4241 sciamus
1391 4165 1588 4240 Ecclesiam
1605 4190 1678 4235 non
1697 4188 1771 4235 esse
1788 4168 1866 4233 sine
1881 4163 2041 4231 testimo-

1056 4274 1146 4359 niis,
1171 4272 1309 4344 etiamsi
1337 4296 1411 4356 res,
1438 4294 1528 4363 quae
1553 4270 1591 4337 in
1613 4293 1653 4338 ea
1676 4280 1865 4360 geruntur,
1893 4287 1967 4334 non
1990 4262 2041 4331 sic

50 4333 173 4423 ¹⁰⁰¹¹⁰⁸s
206 4337 341 4434 (Ιιιίὴιῖδ
362 4337 424 4407 3¹¹⁸
449 4337 577 4409 imni*
599 4353 706 4410 ”⁰⁸⁰⁵
729 4341 814 4412 suin
850 4356 890 4413 ¹¹²
908 4343 1003 4412 ‘¹¹3⁰‘
1056 4377 1244 4446 incurrunt
1260 4373 1299 4442 in
1315 4374 1437 4444 oculos
1455 4371 1636 4454 omnium,
1661 4385 1701 4441 ut
1723 4368 1894 4439 exercitus
1916 4362 2035 4454 magni

50 4446 119 4503 tuta
135 4452 220 4508 esset
237 4439 396 4508 familiae
411 4441 539 4528 series,
561 4440 662 4512 Deus
679 4467 754 4511 non
772 4444 887 4514 voluit
903 4443 1003 4532 peni·
1055 4478 1307 4572 imperiorum,
1333 4475 1648 4570 quilpervagamu,
1663 4472 1787 4541 orbem
1804 4484 1990 4541 „mm

1449 4639 1497 4692 lte
1524 4637 1638 4690 sexto.

1156 4741 1327 4815 Doctrina
1350 4743 1537 4836 praecipue
1560 4739 1782 4810 observanda
1814 4751 1887 4816 cst,
1920 4750 1954 4806 et
1976 4733 2039 4828 ap-

51 4841 136 4908 taucti
149 4842 299 4914 debcant
314 4845 459 4936 politica
473 4843 589 4917 officia
605 4849 706 4918 obire
721 4873 787 4940 pro
807 4849 1002 4933 vocatione,
1054 4847 1199 4940 plicatio
1217 4843 1388 4918 historiae
1403 4846 1442 4914 in
1452 4839 1639 4913 bocdicto:
1660 4837 1765 4926 Ecce,
1784 4841 1965 4909 annuncio
1976 4863 2038 4908 vo-

51 4947 122 5008 stea
143 4945 185 5011 ad
208 4945 397 5017 utilitatem
423 4946 602 5019 Ecclesiae
625 4949 796 5040 dirigere:
819 4965 860 5022 ut
876 4945 935 5020 hic
952 4953 1002 5038 lit,
1054 4952 1109 5020 bis
1128 4949 1297 5040 gaudium
1315 4971 1503 5038 magnum,
1530 4958 1702 5015 natusest
1718 4937 1943 5012 robisbodie
1968 4939 2040 5010 sal-

10 5123 11 5126 *
52 5035 267 5134 obtemperant
291 5049 424 5132 sancti,
463 5065 501 5121 et
525 5047 594 5122 hoc
618 5052 688 5120 iter
710 5053 819 5123 servit
850 5053 1000 5122 maxime
1053 5065 1154 5122 vator
1171 5045 1349 5122 Christus.
1400 5047 1508 5119 Nulla
1525 5059 1684 5116 creatura
1709 5057 1824 5136 potest
1848 5036 1954 5111 huius
1976 5045 2040 5111 ad·

51 5139 170 5214 utilitati
192 5143 391 5235 Ecclesiae,
417 5152 496 5222 imo·
508 5151 607 5226 Dens
628 5153 677 5223 ita
702 5157 876 5246 gubernat
894 5154 1000 5225 edicti
1055 5153 1215 5222 mirand'l
1234 5152 1376 5222 consilii
1390 5173 1511 5221 causas
1529 5164 1562 5219 et
1579 5146 1862 5236 magnitudinem
1880 5145 1965 5215 satis
1981 5168 2039 5214 ex-

52 5245 175 5335 tempus,
213 5264 253 5321 nt
273 5252 404 5323 serviat
425 5251 608 5344 Augustus
628 5275 833 5352 quanquam
856 5258 1001 5348 ignaros
1052 5257 1229 5346 pendere,
1263 5255 1336 5323 imo
1360 5249 1514 5322 humana
1540 5251 1634 5322 ratio
1656 5245 1744 5317 baec
1768 5246 1936 5330 audiens,
1969 5246 2037 5315 Dei

52 5329 373 5450 hulttttttguooperi.
425 5351 888 5451 Hisexemplis'atlmooiti,
912 5359 1000 5430 scia·
1052 5355 1185 5428 Filium
1208 5357 1355 5427 missum
1371 5377 1465 5440 esse,
1489 5367 1528 5425 ut
1542 5351 1716 5445 supplicio
1733 5347 1943 5427 alliceretur,
1970 5349 2037 5434 ob-
