4590 5808
3 1875 4 1890 ,
50 1831 107 1900 que
128 1809 256 1880 crebro
280 1808 442 1880 meditari
465 1803 645 1891 homines,
679 1823 712 1880 ct
735 1810 963 1900 cogitationes
987 1833 1027 1880 ac

65 173 129 250 :sa
278 157 384 254 'xu
438 171 833 252 aunortrtouus
858 173 926 250 ur
951 123 1235 250 conciones
1263 167 1314 244 tn
1335 165 1521 248 nvauo.
1546 89 1842 252 narentur..
2001 185 2076 262 ass

58 347 137 418 lium
159 343 560 431 d00021313·.An01h0m2
582 349 638 422 ιιι,
690 346 935 424 Ρῃιω,119,ι
959 349 1033 420 Lu.
1086 367 1164 416 rere
1191 343 1378 422 maximam
1407 345 1548 416 turbam
1580 369 1641 420 seu
1671 349 1933 426 multitudinem
1956 352 2075 429 homi-
2147 367 2152 373 '

58 473 150 520 cerna
172 453 321 540 pedibus
344 453 430 522 meis
453 453 601 522 verbum
622 467 742 537 tunm,
768 465 802 521 et
824 453 884 522 lux
900 453 1034 522 semitis
1084 470 1189 516 num:
1214 468 1337 514 verum
1362 444 1444 514 finis
1468 471 1508 516 ac
1525 447 1638 520 exitus
1651 453 1842 524 admodum
1859 474 1910 529 est
1921 459 2072 532 'misera-

58 553 147 622 meis.
199 551 285 624 ltem
301 553 441 624 Psalmo
459 555 510 624 1.:
536 551 667 646 Beatus
689 554 745 632 vir
766 555 827 646 qui
848 579 922 624 uon
943 555 1033 628 abiit
1085 547 1186 629 bilis,
1213 562 1247 617 el
1268 543 1488 638 talflltrophe
1505 551 1705 642 plusquam
1722 558 1863 648 tragica.
1915 559 2071 634 Proinde

57 654 92 722 in
112 655 257 742 consilio
279 656 492 748 impiorum,
516 681 633 748 neque
653 671 721 727 stat
744 655 855 726 invia
873 672 1030 747 peccato-
1084 647 1261 736 Dominus
1281 649 1387 718 etiam
1408 651 1494 720 dicit
1510 651 1548 719 in
1564 646 1633 722 hoc
1648 669 1761 726 textu:
1788 657 1913 730 Latam
1931 679 2068 755 portam

54 779 144 841 rum,
179 781 245 826 nec
272 761 368 828 sedet
399 757 437 826 in
462 752 628 828 cathedra
655 758 874 842 derisorum,
907 758 966 829 sed
993 759 1029 826 in
1082 755 1212 823 ducere
1227 753 1272 822 ad
1287 751 1522 843 perditionem
1538 777 1600 824 seu
1614 755 1806 828 interitum.
1860 763 2069 838 ldemaffir-
2143 857 2146 860 Ι

52 855 573 947 begeDominivolontaseius.
626 858 887 934 Psalrn0119.:
915 845 1029 930 Malle-
1083 867 1156 923 mul
1176 851 1338 923 psalmus
1361 853 1459 926 1¹9·=
1492 853 1675 928 Maledicli
1698 885 1838 946 omnes,
1873 867 2069 960 qui'decli-
2121 941 2132 954 ‚

50 959 125 1029 dicti
148 961 209 1054 qui
233 961 413 1034 declinant
430 985 449 1030 a
467 964 642 1034 mandatis
658 962 740 1032 tuis.
772 960 937 1055 Denique
949 963 1029 1053 pln-
1083 969 1170 1028 nant
1193 979 1212 1024 a
1236 955 1413 1024 mandatis
1433 955 1513 1026 tuis.
1565 955 1598 1028 Ε
1618 961 1761 1050 regione
1778 989 1863 1037 vero
1878 983 2019 1040 aeterna
2034 985 2069 1044 et

52 1062 128 1130 rima
152 1063 281 1155 passim
307 1077 427 1135 extant
449 1063 486 1134 in
509 1059 601 1133 hauc
623 1065 833 1135 senteutiam
858 1065 1029 1134 divinitus
1080 1070 1228 1146 angusta
1253 1069 1351 1146 porta
1377 1069 1428 1128 est
1451 1057 1568 1148 ipsum
1593 1063 1740 1132 verbum
1758 1063 1848 1153 Dei,
1874 1074 1968 1163 quod
1986 1074 2068 1144 alli-

49 1165 144 1234 dicta.
196 1163 250 1235 lta
265 1187 368 1257 saepe
383 1180 524 1236 revocet
540 1189 605 1236 nos
618 1163 714 1237 Deus
730 1166 925 1246 uindiciis,
950 1191 1026 1236 rno-
1072 1175 1138 1250 ,gol
1156 1183 1235 1238 cum
1253 1160 1376 1244 fidem,
1403 1171 1480 1230 tum
1496 1183 1602 1251 opera
1621 1179 1740 1235 nostra
1755 1171 1798 1236 ad
1813 1193 1920 1242 unam
1935 1189 2065 1246 cenam

49 1265 156 1351 ribus,
183 1267 418 1357 opinionibus
440 1279 474 1338 et
496 1269 664 1360 exemplis
684 1268 781 1338 varie
804 1263 1027 1337 hallucinan-
1080 1260 1262 1332 doctrinae
1283 1283 1467 1344 normam,
1494 1275 1528 1331 el
1553 1265 1596 1332 ad
1619 1267 1763 1337 unicum
1791 1295 1912 1343 verum
1936 1277 2067 1364 Deum,

12 1413 18 1428 ·
50 1370 151 1452 tibus,
177 1370 352 1438 maximae
373 1369 539 1440 videlicet
560 1368 598 1438 iu
622 1372 758 1439 mundo
776 1357 1028 1454 multitudinis,
1080 1364 1141 1456 qui
1163 1363 1266 1432 certis
1289 1377 1324 1432 et
1345 1363 1543 1434 illustribus
1566 1367 1796 1458 testimoniis,
1822 1390 1856 1445 et
1880 1379 2066 1450 essentiam

50 1472 85 1536 ad
107 1492 198 1553 sese,
225 1485 261 1541 ει
283 1471 497 1542 adverbum
520 1494 642 1555 suum,
668 1495 827 1562 expresse
842 1472 880 1540 in
898 1495 1026 1542 monu·
1079 1489 1176 1535 suum
1195 1478 1228 1534 et
1242 1465 1459 1536 voluntatem
1476 1469 1648 1557 patefecit.

49 1571 164 1642 utentis
181 1567 406 1664 Propheticis
418 1586 453 1642 ει
468 1567 683 1664 Apostolicis
697 1573 879 1646 traditum.
1180 1563 1255 1636 ltm
1277 1589 1333 1636 ¹⁰⁸
1357 1567 1431 1657 39⁸²
1455 1568 1615 1663 l⁰q¹³ll¹¹¹
1628 1585 1662 1642 ‘l
1680 1575 1891 1666 “pellenda
1907 1596 2065 1671 ῑθδῑὸῐΰῑ,

1079 1693 1140 1737 cor
1160 1662 1356 1740 humanum
1380 1692 1482 1761 aegre
1503 1669 1576 1763 poti
1602 1695 1639 1742 se
1655 1677 1749 1747 velut
1764 1679 1801 1748 in
1817 1687 1995 1772 angustias
2008 1711 2064 1759 re-

136 1703 493 1780 Hancmecessariam
511 1705 707 1777 doctrinam
724 1708 854 1780 debent
869 1706 957 1778 scire
973 1720 1026 1777 at·
1300 1770 1384 1787 ..
1523 1775 1531 1789 .
1699 1779 1707 1794 ,
1846 1784 1854 1800 ,

1078 1772 1220 1840 dactum
1248 1771 1406 1860 alligare,
1438 1787 1473 1842 et
1500 1778 1726 1847 circumdatis
1756 1805 1855 1874 quasi
1885 1790 1985 1859 metis
2008 1790 2066 1859 in-

3 1943 4 1958 2
50 1932 150 1980 mores
164 1933 252 1980 suos
268 1909 313 1979 ad
329 1933 490 1980 normam
506 1934 567 1980 seu
585 1913 838 2003 praescriptum
853 1913 954 1981 verbi
970 1913 1027 1980 di-

3 2089 4 2094 ,
50 2011 112 2079 vini
136 2012 313 2108 dirigere,
345 2036 410 2082 nec
434 2012 556 2082 relicta
581 2013 700 2102 regula
724 2014 1026 2106 circumspectare,

3 2117 4 2134 ¹
50 2135 80 2180 ac
96 2115 190 2208 sequi
213 2115 274 2184 vel
297 2114 454 2204 exempla
477 2115 534 2183 vel
556 2117 841 2200 multitudinem,
867 2131 902 2187 et
920 2117 1025 2184 modo

50 2209 137 2299 hanc,
156 2216 377 2298 modoillam
389 2216 595 2306 opinionem
606 2218 781 2309 amplecti.
807 2212 1025 2288 Sicuthodie

3 2401 4 2404 Ἴ
50 2318 136 2386 multi
153 2318 310 2402 faciunt,
336 2316 398 2410 qui
412 2317 527 2388 videri
543 2318 669 2390 volunt
684 2344 756 2388 non
774 2332 845 2390 tam
862 2319 1023 2390 omnium

3 2419 4 2464 3
50 2412 213 2502 horarum,
243 2420 525 2512 quamomnium
541 2434 713 2490 sectarum
729 2417 905 2507 homines,
930 2423 1024 2512 apud

3 2543 4 2552 ¹
51 2516 190 2610 Papistas
224 2517 398 2592 simulant
425 2519 636 2612 Papisticam
662 2523 890 2614 religionem,
930 2524 1022 2613 apud

3 2627 4 2710 j
50 2616 269 2712 Evangelicos
292 2621 564 2712 Evangelicam,
589 2627 683 2714 apud
707 2623 856 2696 ludaeos
877 2625 1024 2718 applau-

3 2721 4 2804 Τ
50 2724 124 2794 dunt
138 2725 456 2818 superstitionibus
470 2722 641 2810 ludaicis,
667 2727 760 2818 apud
776 2726 914 2798 Turcos
928 2725 1024 2797 Tur-

3 2851 4 2900 ,
50 2823 118 2895 eicis
140 2851 202 2898 scu
229 2822 502 2911 Mahometicis,
533 2850 613 2896 cum
639 2841 755 2898 tamen
779 2825 873 2898 nibil
895 2826 1023 2901 borum

3 3265 5 3308 t

3 3313 5 3434 l

3 3439 5 3538 l
131 3471 232 3542 Haec
246 3471 316 3542 latc
331 3485 453 3562 patens
470 3482 570 3562 porta
584 3486 652 3556 est,
677 3493 816 3545 sumere
828 3473 896 3544 sibi
912 3471 1022 3542 licen-

50 2930 176 2999 credant
192 2941 259 2998 aut
275 2927 445 3022 probent,
470 2930 529 2998 sed
544 2932 695 3019 superbe
711 2931 894 3004 derideant
908 2927 1022 3002 Deum

51 3042 76 3094 et
94 3030 281 3120 religiones
301 3051 437 3099 omnes.
484 3027 539 3100 Dc
560 3031 691 3123 quibus
706 3033 874 3104 omuibus
893 3029 949 3102 bic
966 3033 1024 3102 in-

50 3129 112 3218 quit
127 3129 323 3204 Dominus:
350 3128 436 3202 Lata
459 3146 509 3201 cst
531 3147 631 3224 porta
655 3148 690 3203 et
710 3134 859 3224 spatiosa
884 3133 939 3202 via
953 3135 1023 3214 du,-

50 3252 116 3300 ceus
136 3235 180 3304 ad
205 3230 466 3326 perditionem,
501 3234 660 3306 etmulti
683 3248 785 3316 sunt,
819 3235 881 3330 qui
905 3236 1023 3326 ingre-

49 3331 180 3406 diuntur
196 3357 264 3428 per
279 3358 367 3409 eam.

49 3568 117 3638 tiam
132 3573 286 3665 vagandi
301 3572 550 3664 opinionibus,
577 3588 610 3644 et
626 3573 663 3642 in
679 3576 847 3665 operibus
862 3600 934 3644 non
951 3575 1021 3644 cir·

3 3735 4 3742 ,
49 3676 209 3761 tundari,
237 3699 303 3746 nec
318 3675 501 3765 alligatum
519 3698 592 3744 esse
609 3677 713 3748 certis
731 3677 832 3748 metis
847 3676 1023 3748 divinitus

49 3777 255 3861 constitutis,
279 3776 317 3846 id
341 3789 411 3860 est,
437 3777 636 3867 petulanter
659 3779 789 3848 sentire
811 3803 851 3847 ac
874 3778 1021 3849 commi-

48 3875 123 3946 nisci
142 3878 313 3973 quicquid
337 3879 442 3960 libet,
469 3879 552 3948 item
574 3879 699 3950 laxatis
720 3880 928 3970 disciplinae
950 3882 1022 3950 fre-

49 3976 110 4058 nis,
135 4005 348 4074 morumque
361 3979 525 4063 vinculis,
551 3981 725 4074 quidlibet
740 3982 924 4073 indulgere
938 3981 1021 4052 sibi:

50 4084 336 4168 quemadmodum
360 4075 505 4152 Ethnici
527 4082 705 4154 finxerunt
727 4083 844 4170 idola,
869 4108 930 4154 εει]
953 4108 1022 4154 nu-

49 4180 131 4252 mina
161 4208 230 4276 pro
260 4184 428 4254 libidine:
462 4196 497 4253 et
523 4183 613 4254 sicut
635 4179 705 4255 boc
728 4198 886 4276 tempore
910 4187 1022 4283 multa

50 4281 182 4357 distorta
212 4299 247 4357 et
270 4284 411 4356 rabiosa
436 4285 578 4375 ingenia
602 4285 921 4358 comminiscuntur
942 4289 1022 4377 opi-

50 4383 159 4456 niones
188 4412 256 4479 pro
286 4387 398 4458 coecis
427 4401 460 4458 et
488 4387 623 4476 rapidis
648 4388 843 4460 affectibus.
903 4386 1021 4460 Multa

51 4486 148 4558 millia
177 4486 365 4560 bominum
382 4489 433 4557 'in
460 4489 628 4579 operibus
650 4503 755 4582 atque
777 4491 936 4560 moribus
958 4515 1021 4562 va-

51 4601 163 4670 gantur
193 4605 366 4664 struunt
397 4604 547 4676 temere,
581 4587 691 4662 nullis
723 4593 874 4662 coiircita
901 4593 1022 4678 frenis,

52 4707 104 4756 teu
122 4691 253 4763 feroces
274 4694 356 4787 equi
380 4715 523 4764 excusso
546 4708 701 4776 rectore,
733 4706 896 4764 exercent
918 4695 1022 4765 adul-

53 4792 142 4876 teria,
163 4795 350 4886 indulgent
359 4790 656 4876 helluationibus,
680 4795 913 4880 libidinibus,
936 4798 1022 4867 dant

54 4911 181 4974 operam
213 4899 317 4969 rebus
345 4896 497 4980 illicitis,
530 4897 717 4966 fraudibus
745 4912 779 4969 ct
807 4897 1023 4989 imposturis,

55 4992 241 5092 ubicunque
256 4999 404 5071 facultas
419 5011 453 5070 et
468 4998 669 5070 occasiones
683 5011 888 5092 suppetunt.

140 5129 237 5204 llaec
264 5137 473 5226 vagabunda
497 5135 638 5205 licentia
661 5159 801 5204 morum
824 5148 858 5205 et
880 5137 1023 5228 opinio-

3 5273 4 5278 η
57 5247 127 5297 num
143 5249 192 5305 est
208 5237 267 5308 illa
283 5238 401 5329 patula
416 5262 477 5307 seu
491 5237 561 5306 lata
578 5252 699 5328 porta,
720 5231 769 5306 ‘ad
784 5261 891 5332 quam
907 5239 1022 5308 mani-

56 5325 165 5404 festum
188 5351 238 5410 est
259 5337 565 5436 quasiconfluere
587 5353 621 5410 et
642 5340 847 5432 agminatim
870 5363 1022 5412 concur-

1079 1872 1194 1952 cludi,
1221 1873 1443 1966 vinculisque
1465 1878 1670 1968 constringi.
1711 1878 1876 1974 Indulget
1891 1890 1985 1960 enim
2003 1917 2064 1964 cn-

1080 1975 1231 2045 riositati
1266 1997 1410 2065 prorsus
1445 1976 1537 2046 ultra
1576 1983 1721 2052 modum
1759 2001 1793 2056 et
1823 1989 1955 2082 absque
1983 1995 2063 2077 fine,
2178 2031 2185 2037 ·

1078 2078 1184 2159 adeo,
1216 2089 1258 2146 ut
1285 2076 1581 2168 quemadmodum
1615 2083 1776 2155 volucres
1805 2087 1969 2164 iamhuc
1992 2097 2063 2168 iam
2186 2171 2189 2178 ,

1078 2178 1164 2248 illuc
1184 2177 1223 2246 in
1238 2177 1319 2246 aiire
1335 2177 1462 2269 passim
1479 2203 1518 2249 ac
1534 2181 1644 2255 libere
1660 2185 1826 2271 volitant,
1852 2192 1901 2261 ita
1917 2219 1978 2265 cor
1994 2193 2063 2270 hu-

1078 2303 1222 2348 manum
1257 2279 1433 2349 fluctuans
1463 2282 1587 2369 gestiat
1616 2310 1695 2356 cum
1724 2291 1955 2380 opinionibus
1985 2314 2061 2372 tum

1076 2381 1354 2473 appetitionibus
1382 2381 1653 2475 circumvagari,
1694 2393 1817 2478 gestiat
1837 2400 2062 2486 petulantiae

1077 2484 1177 2579 quasi
1197 2485 1296 2554 venti
1318 2487 1423 2552 modo
1447 2479 1517 2556 ltuc
1540 2491 1646 2560 modo
1669 2491 1756 2564 illuc
1772 2497 1875 2578 ferri,
1902 2504 1997 2593 rapi,
2022 2529 2062 2576 ac

1077 2609 1199 2670 ruere,
1231 2583 1353 2675 gestiat
1383 2587 1501 2659 frenos
1531 2588 1648 2661 laxare
1676 2602 1916 2672 contumaciae
1939 2629 2062 2678 erran.

1078 2690 1166 2758 tium
1190 2689 1435 2777 cupiditatum.
1489 2689 1554 2775 Ut,
1581 2690 1717 2781 David,
1744 2700 1807 2768 etsi
1830 2703 1928 2773 dorni
1952 2703 2061 2780 habe·
2155 2753 2162 2768 ι

1077 2793 1136 2860 bat
1157 2789 1276 2882 plures
1298 2791 1465 2878 coniuges
1487 2787 1768 2886 honestissimas,
1793 2815 1827 2871 et
1851 2805 2003 2896 ingeniis
2022 2839 2062 2884 ac

1075 2895 1189 2963 forma
1222 2905 1455 2983 praestantes,
1490 2907 1609 2966 tamen
1641 2899 1829 2992 indulgens
1854 2913 2062 3001 vagantibus

1074 2994 1187 3066 oculis
1211 3008 1245 3064 et
1267 2994 1565 3085 appetitionibus,
1591 3002 1683 3092 rapit
1704 3006 1773 3076 viri
1794 3013 1927 3098 sancti,
1953 3028 1986 3084 et
2003 3039 2062 3087 ex.

1075 3095 1234 3167 cellentis
1249 3095 1411 3165 omnium
1426 3096 1599 3169 virtutum
1615 3102 1719 3174 laude
1735 3110 1932 3200 coniugem.
1983 3113 2062 3190 Ad-

1076 3221 1197 3268 versus
1237 3193 1444 3292 huiusmodi
1481 3203 1707 3290 vagabundas
1737 3213 1984 3301 cogitationes,
2028 3238 2062 3294 et

1075 3301 1309 3395 appetitiones
1333 3300 1409 3370 sine
1435 3303 1577 3386 ordine,
1610 3309 1653 3374 ad
1684 3310 1751 3379 alia
1775 3329 1881 3406 atque
1905 3321 1973 3390 alia
1997 3326 2063 3394 ob-

1074 3403 1160 3471 iecta
1189 3415 1349 3484 ruentes,
1391 3402 1428 3470 in
1457 3398 1521 3472 hac
1549 3405 1696 3478 Domini
1728 3419 1899 3488 concione
1927 3425 2063 3496 dictum

1074 3519 1140 3574 est:
1171 3502 1303 3574 lntrate
1326 3528 1388 3594 per
1413 3521 1595 3593 angustam
1622 3528 1777 3601 portam,
1804 3515 1956 3609 bocest,
1982 3541 2062 3597 tan.

1075 3621 1148 3692 tum
1172 3605 1210 3674 in
1233 3606 1339 3675 verbo
1355 3607 1427 3676 Dei
1447 3628 1509 3678 seu
1532 3608 1626 3682 iuxta
1643 3639 1803 3689 normam
1822 3627 1986 3697 traditam
2004 3631 2061 3700 dt-

1074 3708 1227 3791 vinitus,
1252 3709 1442 3780 ambulate.

1176 3800 1308 3880 Cavete
1325 3804 1813 3930 vobisoPseudoprophetis‚
1840 3829 2061 3924 quiveniunl
2084 3839 2086 3844 '

1024 3972 1028 3986 ,
1074 3905 1130 3980 ad
1148 3934 1209 3981 vos
1231 3911 1271 3980 in
1295 3911 1515 3984 vestimentis
1538 3917 1678 4008 ovium,
1705 3923 1922 4000 intrinsecus
1937 3943 2052 4005 auten*

1071 4022 1159 4083 sunt
1175 4010 1256 4110 lupi
1275 4037 1449 4111 rapaces,
1476 4027 1537 4088 etc.
2045 4047 2046 4052 ¹

1175 4113 1485 4203 Quemadmodum
1515 4122 1617 4211 periti
1647 4149 1687 4195 ac
1711 4128 1825 4201 fidelis
1847 4149 1897 4205 est
1920 4141 2059 4229 medici,

1073 4231 1231 4308 aegrotos
1253 4232 1444 4312 utrumque
1465 4245 1628 4318 monere,
1663 4229 1844 4318 videlicet,
1871 4251 1905 4318 et
1928 4243 2059 4332 quibus

1073 4320 1162 4388 cibis
1183 4333 1289 4411 atque
1303 4322 1469 4392 remediis
1485 4329 1655 4396 utendum
1672 4331 1742 4415 sit,
1760 4346 1793 4403 et
1810 4359 1828 4404 a
1845 4361 1916 4432 quo
1932 4321 2058 4432 genere

1074 4420 1145 4488 cibi
1181 4443 1221 4490 ac
1252 4423 1405 4511 potionis
1433 4425 1702 4518 abstinendum,
1746 4436 1877 4525 veluti,
1916 4444 1947 4512 si
1978 4451 2058 4540 quis
2095 4520 2102 4530 ,

1073 4522 1297 4612 febricitans,
1338 4548 1399 4593 εει]
1429 4526 1518 4596 febri
1550 4531 1736 4620 laborans,
1766 4561 1912 4630 magnos
1941 4564 2058 4621 aestus

1074 4625 1277 4718 caloresque
1297 4625 1444 4708 sentiat,
1471 4630 1503 4696 ei
1527 4634 1617 4705 solet
1638 4635 1825 4728 interdici,
1851 4660 1890 4717 ut
1910 4651 2057 4722 omnino
2122 4675 2124 4682 ‘

1074 4727 1196 4796 vinum
1229 4751 1294 4796 nec
1322 4727 1422 4800 bibat
1453 4755 1517 4801 nec
1544 4731 1728 4809 adhibeat:
1765 4743 1813 4812 ita
1844 4772 1982 4820 necesse
2006 4771 2057 4826 cst

1074 4828 1192 4919 pium,
1224 4829 1363 4898 fidelem
1392 4854 1431 4899 ac
1460 4836 1638 4906 eruditum
1668 4837 1846 4918 Ecclesiae
1876 4854 2055 4934 doctorem

1073 4944 1265 5024 utrumque
1294 4945 1486 5022 praestare,
1517 4935 1646 5022 idest,
1680 4968 1751 5014 uon
1775 4960 1914 5019 tantum
1937 4979 2057 5028 veram
2086 5021 2090 5033 .

1073 5031 1272 5102 doctrinam
1294 5033 1509 5126 simpliciter
1523 5063 1562 5107 ac
1583 5041 1733 5116 fideliter
1758 5072 1975 5141 proponere,
2000 5084 2057 5130 re,

1074 5149 1212 5220 petere,
1237 5150 1272 5207 et
1294 5135 1489 5220 illustrare,
1516 5154 1555 5210 ut
1579 5145 1759 5238 auditores
1780 5174 1856 5220 eam
1873 5159 2056 5251 perspicue

1074 5236 1293 5326 intelligant,
1318 5253 1366 5309 et
1395 5239 1502 5336 gratis
1529 5244 1658 5315 animis
1685 5252 1960 5343 amplectantur,
1995 5267 2058 5334 sed
2089 5319 2092 5337 .

1074 5339 1267 5430 adiungere
1297 5341 1414 5512 etiam1
1419 5341 1727 5514 areprehensiones
1747 5368 1853 5450 atque
1877 5362 2060 5437 refutatio·
