4616 5818
64 205 122 286 sss

248 373 252 380 ’
342 341 349 350 .
403 371 480 427 -lts
508 371 634 430 tertio.

134 475 326 552 Iliscamns
354 500 431 550 non
459 478 537 548 siue
567 479 753 572 vigilantia
777 495 813 556 et
838 481 1029 554 certamine

61 583 184 656 retineri
211 579 334 654 idem.
402 576 644 673 Oppugnatur
670 583 766 684 enim
795 575 1029 676 opinionibus

60 684 204 766 rationis,
229 681 384 754 naturali
400 680 569 771 caligine,
595 695 630 754 et
645 684 868 758 dubitatione
881 685 926 756 de
938 685 1028 773 Deo,

60 786 243 856 infirmitate
263 783 399 866 carnis,
424 797 465 856 et
481 782 622 854 insidiis
644 785 799 869 diaboli,
824 786 915 860 siun
929 788 1027 858 dele-

59 885 284 959 eernntmulti
301 885 422 974 magni
441 883 510 953 viri
528 884 859 979 intentationibus,
885 901 927 962 ut
939 887 1027 960 Saul

59 1003 86 1060 et
103 989 168 1063 alii.
217 984 394 1067 Ecoutra,
418 982 537 1057 David
558 1001 730 1059 sustentat
750 1005 788 1060 se
804 990 893 1075 lide,
919 989 1024 1060 etiam

60 1113 122 1160 cum
138 1087 279 1180 pellitur
294 1088 333 1158 iu
349 1085 513 1169 erilium,
538 1100 573 1158 et
587 1089 753 1161 omnibus
769 1089 936 1162 fluctibns
949 1115 1026 1163 ma-

59 1190 210 1260 ximarum
232 1209 485 1260 aerumnarum
507 1187 684 1260 obruitur.
735 1188 806 1262 Sed
822 1193 926 1285 pauci
943 1204 1027 1264 tunt
1078 1203 1082 1214 '

59 1292 144 1377 tales,
173 1302 213 1364 ut
240 1287 328 1362 haec
350 1286 499 1362 historia
522 1290 629 1360 etiam
651 1291 819 1365 ostendit.
884 1289 1024 1364 Novem

12 1463 13 1466 ,
59 1387 237 1466 habuerunt
269 1390 372 1462 initia
404 1390 509 1476 lidei,
550 1404 586 1462 et
616 1391 782 1467 auferunt
812 1392 1024 1466 beneficium

59 1493 237 1587 corporale,
261 1494 355 1564 sicut
369 1491 455 1564 Saul
469 1493 573 1564 initio
588 1493 689 1594 pius,
714 1489 839 1568 habuit
854 1495 1026 1587 gloriosae

58 1594 216 1680 uictorias,
240 1596 304 1666 sed
325 1607 444 1688 postea
465 1595 571 1668 fidem
593 1595 778 1682 amittunt,
806 1596 1025 1668 obliviscun-

12 1769 13 1772 ,
59 1695 185 1778 tnrDei,
209 1695 397 1786 negligunt
406 1691 609 1782 Christum,
634 1697 776 1789 obrepit
790 1698 914 1789 opinio
927 1700 1023 1793 quod

12 1831 14 1866 t
61 1797 95 1868 sit
106 1797 283 1870 fortuitum
301 1797 531 1883 beneficium,
559 1808 594 1868 et
608 1799 742 1870 eremit
758 1797 968 1889 negligentia
984 1799 1024 1870 in

12 1889 13 1906 ³
60 1896 122 1968 aliis
143 1900 265 1984 rebus,
297 1897 437 1968 facilins
467 1899 714 1992 obtemperant
744 1899 863 1970 animi·
876 1900 969 1972 ebrii
988 1914 1025 1973 et

12 2047 13 2062 ,
61 1996 166 2069 innati
182 1997 302 2091 pravis
317 2000 583 2090 cupiditatibus.

12 2785 14 2874 l

140 2099 202 2172 Sed
211 2100 460 2172 Samaritanus
473 2101 604 2173 retinet
617 2101 743 2187 tidem,'
755 2123 831 2173 non
844 2101 932 2174 sinit
946 2121 1023 2174 erm

62 2198 113 2270 sibi
132 2203 237 2274 excuti
257 2223 325 2292 per
345 2202 547 2288 diabolum,
571 2215 633 2274 aut
650 2205 824 2274 carnalem
839 2205 1024 2294 negligen-

62 2299 141 2388 tiam,
177 2304 255 2374 ideo
296 2304 476 2396 praedicat
504 2304 580 2375 eius
606 2303 731 2384 fidem,
764 2317 810 2378 'et
837 2306 1024 2378 confirmat

62 2395 211 2491 Christus,
235 2404 424 2504 inquiens!
450 2403 556 2476 Fides
578 2416 638 2475 tua
656 2405 793 2476 salvum
810 2420 846 2477 te
859 2406 959 2488 lecit,
983 2406 1022 2477 id

62 2515 114 2582 est,
148 2527 273 2599 corpus
305 2505 460 2589 curavit,
502 2519 536 2577 et
566 2503 716 2578 salvavit
745 2506 919 2590 animam,
960 2507 1023 2579 alii

61 2603 161 2675 anius
179 2607 249 2676 lide
274 2629 350 2676 non
373 2601 508 2677 habent
529 2607 691 2678 salutem.
741 2603 800 2679 'l'u
821 2631 928 2700 perge
947 2633 1023 2680 ere-

60 2701 139 2789 dere,
160 2719 192 2776 et
204 2707 321 2778 retine
337 2707 464 2792 iidem,
489 2707 539 2776 ita
555 2707 622 2776 eris
636 2707 765 2783 salvus.
818 2706 943 2804 ltaque
957 2707 1023 2782 Sa-

60 2805 196 2878 maritani
217 2807 518 2901 perseverantiam
533 2807 731 2893 imitemur,
756 2824 791 2881 et
804 2809 912 2882 simul
927 2811 1023 2900 cogi-

61 2915 164 2994 temus,
194 2933 271 2979 non
302 2909 449 2980 retineri
480 2910 584 2978 fidem
607 2909 684 2979 sine
707 2909 967 2983 tentationibus
986 2924 1023 2985 et

60 3010 297 3083 certaminibus.
345 3007 420 3080 Iam
441 3009 590 3104 quisque
606 3010 732 3101 cogitet
747 3013 841 3104 apud
857 3035 950 3102 sese,
975 3037 1022 3085 an

61 3105 94 3176 sit
110 3110 225 3181 similis
240 3109 488 3196 Samaritano,
513 3135 560 3181 an
581 3134 656 3182 non
676 3123 757 3204 post
778 3114 947 3186 beneficia
963 3139 1023 3186 ac·

12 3211 13 3252 ³
60 3223 153 3304 cepta,
181 3214 297 3286 tactus
320 3211 367 3282 sit
388 3211 634 3303 negligentior.
700 3210 772 3286 Sed
793 3206 888 3288 hanc
908 3216 1023 3308 negli-

60 3311 186 3396 gentiam
200 3314 443 3388 emendemus·

312 3569 315 3576 ,
424 3514 473 3568 tte
501 3513 639 3580 quarto.

12 3607 14 3696 l
135 3613 209 3689 Hoc
223 3616 362 3692 dictum
376 3619 466 3690 solet
481 3619 526 3689 ad
539 3617 794 3691 contessionem
809 3619 1024 3716 detorqueri,

12 3717 14 3798 l

12 4151 14 4220 l

12 4229 14 4302 l

12 4303 14 4368 l

60 3715 106 3784 sed
123 3741 197 3790 vera
214 3733 251 3794 et
267 3721 387 3791 dextra
404 3719 573 3810 allegoria
588 3733 653 3792 est.
703 3718 753 3794 Ut
768 3722 873 3808 alibi,
898 3721 948 3794 iu
963 3717 1022 3791 hic

59 3839 175 3911 mame
188 3819 340 3893 remittit
353 3817 517 3892 Christos
533 3843 614 3892 snos
629 3822 674 3892 ad
689 3821 948 3908 ministerium,
971 3821 1022 3892 si-

59 3931 104 3987 mt
121 3920 197 3992 illos
221 3923 410 3993 mundatos
425 3922 569 3993 volebat
584 3923 709 3992 andire
723 3947 846 3994 vocem
859 3923 1021 3994 ministe-

58 4016 92 4084 rii
108 4019 275 4096 divinitus
295 4023 466 4109 instituti,
499 4022 549 4094 its
570 4023 649 4093 vult
668 4045 736 4094 nos
755 4025 880 4096 audire
896 4047 1020 4096 vocem
1040 4109 1041 4112 Ἴ
1080 4031 1083 4039 “

57 4109 237 4212 livangelii,
270 4137 455 4194 sonantem
484 4123 524 4193 in
544 4113 742 4196 ministerio
766 4124 940 4198 divinitus
961 4126 1020 4197 in'-

58 4219 170 4294 stituto.
234 4223 340 4296 Tunc
374 4228 572 4298 sacerdotes
604 4226 783 4298 debebant
813 4249 886 4300 esse
915 4240 1020 4302 testes

12 4393 13 4404 χ
57 4313 191 4412 Christi,
222 4323 307 4420 quir
329 4325 385 4396 lex
406 4341 441 4398 et
462 4321 728 4420 Prophetae.de
747 4323 891 4401 Christo
912 4340 1020 4402 testa·

57 4415 176 4498 matur.
225 4425 278 4498 lta
300 4449 438 4520 semper
452 4428 557 4498 tidem
572 4427 647 4518 regi
662 4440 696 4500 et
713 4429 916 4502 confirmari
930 4432 1020 4518 vult,

57 4541 116 4592 aon
136 4527 217 4596 solis
239 4529 395 4600 externis·
414 4531 598 4602 eventibus
620 4542 682 4601 aut
702 4529 832 4620 signis,
861 4533 921 4603 sed
942 4530 1019 4623 ipsa

12 4653 13 4726 j
58 4613 221 4716 Evangelii
250 4653 336 4700 voce
360 4641 397 4700 et
421 4629 630 4702 ministerio.
681 4627 907 4721 lntelligatnr
934 4653 1018 4722 ergo

12 4727 13 4782 ἶ
58 4729 209 4813 mensio,
232 4741 309 4800 tum
330 4731 377 4800 de
397 4730 642 4817 absolutione,
663 4744 742 4804 tum
758 4731 798 4801 in
812 4732 1018 4804 universnm

12 4919 15 4984 f
57 4921 198 5000 videlieet
236 4933 282 5004 de
321 4932 578 5023 gubernatione
594 4931 697 5004 -flaei
735 4947 772 5006 et
805 4933 1026 5022 ministerio,

58 4821 92 4890 tle
108 4851 187 4900 voce
201 4827 386 4921 Evangelii
402 4843 544 4923 regente
559 4833 677 4906 iidem.
726 4829 825 4904 llaec
838 4845 936 4904 tanta
951 4855 1020 4920 res,

12 5039 14 5128 p
58 5022 250 5113 lenificatur
271 5027 331 5104 hic
353 5029 548 5108 aChrieto.
599 5032 723 5123 Quare
745 5036 843 5107 locus
866 5049 1019 5108 nonest

12 5141 13 5156 ¹
58 5123 295 5224 detorquendus
323 5136 369 5204 ad
382 5135 675 5228 -snperetitiossm
704 5138 1018 5226 enumerationem,

58 5245 131 5316 paee
144 5233 294 5310 offundit
306 5237 456 5312 nebulas
469 5235 654 5366 doctrime
666 5237 762 5316 fidei.

587 201 671 282 xtt
722 195 1119 282 ΑΝΝΟΤΑΤῙΟΝῈΒ
1144 199 1201 281 ΙΝ
1224 199 1527 280 nvannnna.

1844 283 1881 292 ..
1995 209 2072 286 862

1204 427 1425 518 nonum
1451 425 1553 514 xv.
1581 433 1680 540 post
1708 387 1946 518 amsans.
2001 527 2005 542 p

1330 593 1564 688 Evangelium
1585 587 1762 668 Matthaei
1779 597 1816 672 6.

1130 739 1251 824 Nema
1273 751 1391 843 polest
1419 738 1560 815 duobus
1594 738 1756 814 dominis
1787 741 1931 820 servire.
1989 741 2066 818 Aut

1177 845 1277 925 enim
1301 869 1415 918 unum
1438 840 1524 920 odio
1548 835 1718 928 lutetia,
1744 854 1776 916 et
1798 843 1958 918 alterum
1976 843 2067 919 dili-

1178 957 1258 1044 get,
1287 957 1353 1020 aut
1386 946 1454 1020 uni
1474 939 1709 1034 adhaerebit,
1742 956 1775 1018 et
1798 943 1957 1020 alterum
1981 973 2067 1022 coa-

1179 1057 1322 1126 temael.
1372 1044 1464 1122 Noa
1477 1047 1629 1146 potestis
1642 1044 1727 1120 Dea
1739 1047 1873 1120 servire
1887 1060 1919 1121 et
1927 1047 2065 1122 Mam-

1180 1173 1324 1230 moaae.
1374 1146 1467 1222 ldeo
1497 1145 1577 1222 dico
1608 1147 1726 1234 volu,
1760 1173 1804 1221 ne
1824 1151 1962 1225 soliciti
1980 1153 2066 1226 sita

1180 1253 1332 1325 animae
1354 1261 1511 1334 uestrae,
1536 1247 1630 1352 quid
1650 1247 1899 1340 manducetis,
1924 1251 2070 1353 etquid

1180 1353 1335 1438 bibatis,
1364 1375 1476 1452 aeque
1496 1352 1640 1451 corpori
1661 1362 1795 1442 vestro,
1818 1349 1915 1452 quid
1927 1351 2067 1428 indua-

1078 1497 1084 1506 ·
1181 1455 1287 1533 mirsi.
1344 1449 1481 1530 Nonne
1501 1453 1632 1526 anima
1651 1452 1741 1555 plus
1764 1463 1815 1526 est
1837 1479 1951 1553 quam
1972 1479 2067 1549 esca,

1179 1569 1212 1632 et
1227 1582 1357 1654 corpus
1370 1553 1460 1656 plus
1477 1580 1591 1657 quam
1606 1557 1882 1628 vestimentum?
1928 1551 2067 1658 Respi-

1179 1662 1246 1734 cite
1268 1657 1441 1732 volatilia
1457 1655 1564 1746 coeli,
1590 1657 1680 1756 quia
1695 1682 1768 1730 noa
1783 1668 1927 1748 serunt,
1952 1683 2066 1762 aeque

1181 1770 1339 1849 metuat,
1379 1783 1491 1859 neque
1521 1771 1746 1854 congregant
1777 1760 1818 1832 iu
1848 1757 2001 1847 horrea,
2033 1773 2065 1834 et

1174 1875 1282 1964 pater
1315 1871 1428 1936 aester
1454 1857 1616 1934 coelestis
1642 1860 1763 1958 pascit
1786 1859 1873 1940 illa.
1931 1859 2066 1939 Nonne

1177 1991 1240 2040 vas
1256 1959 1506 2064 multoplures
1523 1963 1610 2035 esta
1629 1961 1740 2036 illis?

1075 2110 1079 2119 ·
1127 2085 1225 2190 Quis
1246 2098 1369 2162 autem
1391 2095 1547 2160 uestrum
1565 2082 1753 2172 solicitus,
1776 2097 1896 2188 potest
1911 2085 2067 2162 adiicere

1176 2185 1235 2264 ad
1247 2198 1436 2264 staturam
1457 2213 1566 2261 suam
1585 2187 1745 2260 cubitum
1761 2191 1904 2264 uaumi'
1951 2188 2007 2262 Et
2019 2188 2066 2275 ,de

1179 2291 1401 2364 vestimentis
1427 2286 1521 2391 puid
1548 2287 1689 2362 soliciti
1718 2293 1829 2364 estis?
1884 2285 2066 2369 Conside-

1180 2403 1259 2467 rate
1289 2390 1514 2487 liliaagri,
1546 2389 1729 2491 quomodo
1754 2404 1924 2474 emanat.
1972 2391 2064 2471 Noa

1178 2495 1357 2570 laboraret
1385 2515 1498 2593 neque
1525 2504 1623 2567 neat.
1671 2491 1773 2566 Dico
1801 2507 1923 2570 autem
1952 2493 2065 2585 vota,

1177 2594 1282 2698 quod
1313 2620 1376 2669 aec
1407 2592 1588 2669 Salomon
1625 2593 1667 2666 in
1702 2597 1806 2668 amni
1832 2597 1960 2693 gloria
1994 2623 2065 2674 sua
2102 2619 2105 2626 ·

1090 2709 1121 2791 ἐξ·
1174 2707 1363 2799 coopertus
1398 2706 1468 2784 est,
1510 2698 1606 2770 sicut
1634 2723 1749 2770 unum
1776 2722 1824 2771 ea
1858 2698 1952 2773 istis.
2019 2696 2068 2772 Si
2129 2755 2132 2762 .

1174 2812 1297 2876 autem
1319 2799 1480 2903 saeuum
1506 2797 1613 2896 agri,
1651 2795 1755 2900 quod
1781 2795 1891 2872 leodic
1921 2810 1991 2890 est,
2020 2811 2063 2898 ,et

1176 2927 1260 2978 cras
1281 2902 1322 2975 ia
1345 2899 1535 2976 clibanum
1551 2901 1729 2987 mittitur,
1754 2897 1862 2974 Deus
1878 2895 1932 2974 sic
1948 2899 2064 3000 vestit,

1175 3031 1251 3078 aaa
1265 2999 1383 3081 multo
1399 3002 1525 3099 magis
1541 3027 1621 3091 eas,
1646 2999 1810 3076 modicae
1821 2999 1944 3096 fidei?

1123 3119 1256 3218 Nolite
1278 3163 1363 3236 ergo
1383 3131 1524 3210 soliciti
1544 3160 1619 3210 esse
1633 3133 1811 3222 dicentes,
1834 3131 1943 3238 Quid
1953 3163 2063 3210 maa-

1179 3239 1416 3322 ducabimus,
1456 3247 1524 3310 aut
1553 3233 1650 3337 quid
1677 3237 1859 3329 bibemus,
1890 3249 1958 3311 aut
1991 3265 2064 3342 quo

1178 3339 1406 3444 operiemur?
1454 3335 1557 3412 Haec
1583 3337 1679 3410 enim
1707 3339 1833 3413 omnia
1855 3351 1981 3436 gentes
2003 3341 2063 3413 in·

1176 3444 1342 3546 quirunt.
1387 3437 1465 3513 Scit
1495 3438 1592 3522 caiae
1645 3439 1726 3513 ater
1756 3449 1869 3515 vester
1890 3441 2064 3532 coelestis,

1174 3544 1266 3646 puin
1287 3539 1349 3616 its
1373 3539 1544 3617 omnibus
1562 3540 1602 3612 ia
1630 3541 1752 3638 igetis.
1800 3535 1976 3640 Quaerite
1992 3568 2063 3618 au-

1176 3657 1246 3720 tem
1259 3643 1587 3748 primumregnum
1602 3638 1700 3731 Dei,
1726 3653 1758 3716 et
1773 3641 1959 3716 iusticiam
1975 3645 2063 3735 eius,

1175 3759 1208 3820 et
1222 3742 1313 3821 haec
1328 3744 1454 3824 omnia
1468 3741 1692 3819 adiicientur
1701 3745 1813 3822 vohis.
1838 3740 1968 3819 Nolite
1978 3771 2064 3842 ergo

1175 3847 1314 3923 soliciti
1334 3872 1408 3922 esse
1432 3849 1473 3921 in
1493 3847 1708 3926 crastinum.
1757 3845 1951 3922 Crastinus
1965 3848 2063 3920 enim

1177 3945 1254 4024 dies
1281 3948 1450 4026 solicitus
1482 3950 1549 4053 erit
1573 3948 1651 4024 sibi
1672 3948 1758 4047 ipsi.
1807 3943 1959 4047 Sufficit
1986 3945 2063 4021 diei

1174 4050 1342 4154 acijlictio
1354 4076 1438 4126 sua.
1680 4090 1683 4098 ·

1124 4184 1267 4287 Septem
1283 4202 1367 4262 sunt
1383 4186 1563 4282 praecipui
1577 4185 1657 4257 loci.

1224 4321 1254 4396 l.
1282 4377 1285 4384 .
1304 4316 1549 4415 Reprehensio
1565 4317 1782 4390 diffidentiae
1799 4312 1988 4394 humanae.

1224 4422 1271 4500 11.
1321 4421 1492 4498 Doctrina
1508 4420 1552 4490 de
1568 4420 1806 4514 providentia.
1926 4479 1930 4494 .

1223 4523 1291 4600 lll.
1342 4521 1573 4616 Praeceptum
1593 4544 1665 4617 quo
1681 4520 1810 4592 ordine
1824 4521 1920 4594 bona
1934 4536 2058 4617 peten-

1277 4627 1342 4713 da,
1367 4637 1402 4695 et
1418 4625 1619 4718 quaerenda
1634 4621 1717 4694 sint.
2189 4679 2192 4684 .

1224 4725 1311 4806 llll.
1350 4725 1494 4818 Duplex
1515 4725 1724 4810 solicitudo,
1747 4723 1820 4796 'alia
1835 4749 1876 4796 ex
1892 4723 2057 4794 diffiden-

1276 4829 1344 4917 tia,
1388 4827 1458 4899 alia
1487 4851 1528 4900 er
1550 4827 1735 4899 obeundae
1755 4825 1950 4900 vocafionis
1970 4824 2056 4894 dili-

1276 4929 1409 5023 gentis·

1222 5030 1268 5106 V.
1320 5029 1459 5106 Sufficit
1472 5030 1545 5103 diei
1558 5027 1703 5102 afflictio
1718 5055 1792 5102 sua.
1839 5023 1915 5099 Cur
1930 5051 2056 5122 quarn

1271 5131 1361 5206 libet
1377 5133 1472 5203 diem
1489 5145 1589 5204 vocat
1602 5133 1841 5203 afflictionem.

1220 5231 1286 5313 Vl.
1335 5232 1565 5326 Praeceptum
1597 5223 1916 5326 sapientissimum,
1945 5245 1987 5304 nt
2016 5233 2065 5302 iu'

1272 5335 1468 5434 praesentia
1489 5347 1584 5408 recte
1603 5334 1793 5422 iaciamus,
1823 5355 1890 5406 nee
1911 5346 2058 5430 propter
