4616 5818
79 192 158 271 sss
282 137 287 144 ’
378 142 384 154 ’
617 145 706 264 ιιι
752 161 1148 262 annonarronn‘s
1187 187 1236 259 m
1269 123 1568 260 evanescit.
2033 187 2111 265 sss
2209 265 2213 280 ,

80 377 310 456 regnantem,
339 363 464 442 debet,
491 375 525 432 et
541 375 661 432 tenere
681 360 857 450 regulam:
893 357 1075 448 Quicquid
1126 360 1372 452 recipiamus,
1399 383 1439 428 ac
1455 359 1565 428 iustos
1579 357 1812 448 pronunciet,
1838 359 2110 454 dotnobisSpi-

80 467 259 560 petieritis
276 476 410 557 patrem
430 465 469 532 in
487 463 632 532 nomine
648 487 727 531 meo
746 474 809 534 etc.
838 459 877 531 ld
896 474 960 545 est,
982 460 1076 529 fidu·
1125 463 1233 534 ritum
1251 475 1430 542 sanctum,
1462 460 1609 530 dimicat
1623 480 1687 549 pro
1710 460 1816 530 nobis
1836 475 1959 533 contra
1983 464 2109 536 diabe-

81 571 136 640 cia
157 563 309 650 Christi,
339 591 412 634 non
430 567 556 636 fiducia
575 576 710 633 vestrae
736 562 931 652 dignitatis.
982 560 1074 630 Nam
1124 567 1216 643 lum,
1259 565 1379 634 incoat
1405 565 1444 631 in
1469 561 1696 631 credentibus
1719 563 1829 632 vitam
1850 577 2048 648 aeternam,
2074 580 2109 638 et

78 667 247 741 Christus
265 682 316 738 est
333 680 522 760 perpetuus
538 666 717 758 pontifex,
735 679 907 756 perpetuo
924 687 988 755 pro
1006 687 1072 732 no·
1124 667 1306 736 resuscitat
1328 679 1506 746 mortuos,
1537 664 1627 734 sicut
1649 664 1724 754 ipse
1745 667 1945 737 resurrexit.
1995 665 2107 738 Porro

77 773 136 842 bis
152 771 396 853 intercedens,
427 784 597 861 perpetuo
620 769 714 836 duna
741 767 831 835 dans
854 762 1075 838 hominibus.
1124 763 1209 838 haec
1226 767 1392 836 beneficia
1411 782 1445 837 et
1460 765 1717 855 intelligemus,
1745 778 1779 836 et
1795 790 2062 864 consequemur,
2078 767 2108 839 si

77 873 157 944 Nec
170 872 439 962 imaginandum
459 885 520 955 est,
536 869 605 941 sibi
623 893 701 938 eum
719 869 861 937 beatum
878 890 963 958 esse,
977 867 1074 937 ocio-
1124 870 1354 941 excitabimus
1368 893 1434 939 nos
1451 870 1494 938 ad
1513 867 1793 954 invocationem,
1819 884 1853 940 et
1867 883 2027 962 petemus
2045 895 2108 943 au-

77 999 162 1044 sum
182 997 273 1058 esse,
299 973 361 1042 sed
378 973 621 1051 resurrexitut
638 983 781 1059 regnet,
806 969 842 1039 id
869 983 939 1052 est,
965 982 1006 1038 ut
1030 967 1076 1038 sit
1122 971 1248 1041 xilium
1265 972 1303 1040 in
1328 969 1479 1062 publicis
1503 969 1669 1060 periculis
1695 984 1729 1040 et
1751 972 1902 1056 nostris,
1928 970 2108 1047 aChristo

77 1078 204 1145 efficax
223 1077 260 1144 in
274 1075 525 1144 invocantibus
539 1075 673 1165 ipsum,
689 1071 778 1140 sicut
790 1067 1074 1164 inquitadApo-
1123 1086 1312 1163 regnante,
1341 1097 1404 1142 nec
1418 1070 1676 1142 somniabimus
1692 1071 1850 1144 ociosum
1868 1096 1953 1148 esse.

78 1179 211 1247 stolus:
244 1176 334 1248 Data
352 1188 403 1244 est
420 1172 508 1244 mibi
526 1177 642 1245 omnis
659 1185 830 1264 potestas,
858 1170 938 1261 Ego
955 1171 1074 1240 vobis-
1226 1174 1352 1245 Simile
1366 1176 1499 1246 dictum
1516 1185 1569 1243 est
1581 1173 1675 1263 apud
1690 1168 1849 1244 Esaiam:
1877 1173 1946 1246 lllo
1962 1175 2019 1244 dic
2036 1189 2109 1247 sta·

81 1303 167 1348 cum
185 1301 392 1370 sumusque
415 1279 459 1346 ad
483 1263 825 1347 consummationem
852 1273 975 1346 seculi.
1027 1270 1076 1342 Et
1124 1277 1176 1348 bit
1206 1277 1307 1346 radix
1333 1275 1464 1360 fessae,
1504 1297 1593 1368 quae
1619 1275 1685 1344 ecit
1708 1275 1847 1364 signum
1872 1277 2032 1369 populis,
2063 1280 2107 1346 ad

81 1378 270 1452 inPsalm.
295 1380 443 1448 dicitur:
477 1377 568 1449 Sede
595 1376 767 1446 adextris
790 1375 896 1458 meis,
929 1399 1001 1467 quo
1026 1375 1075 1442 si·
1123 1379 1239 1469 ipsum
1271 1393 1391 1468 gentes
1421 1377 1645 1466 confugient,
1680 1390 1713 1446 et
1737 1377 1804 1448 erit
1827 1379 2008 1468 sepultura
2032 1378 2108 1450 eius

76 1482 286 1570 gnificatum
303 1475 371 1564 est,
398 1473 580 1551 Christum
597 1491 830 1568 regnaturum
855 1499 929 1547 esse
952 1477 1074 1545 divina
1123 1481 1285 1569 gloriosa.
1337 1479 1538 1568 Descriptio
1563 1491 1614 1547 est
1638 1480 1817 1566 regnantis
1839 1475 1986 1551 Christi.
2039 1477 2107 1550 Die

77 1585 250 1674 potentia.
432 1657 436 1665 ,
1123 1585 1186 1652 illo
1202 1583 1326 1662 stabit,
1351 1583 1387 1650 id
1406 1595 1480 1665 est,
1506 1602 1580 1650 non
1600 1593 1778 1652 evertetur
1801 1583 1995 1671 promissus
2015 1583 2107 1651 libe-

452 1747 510 1797 Β.
545 1757 629 1794 sex
648 1747 693 1798 to
1123 1697 1220 1754 rator
1245 1709 1287 1756 ex
1311 1685 1419 1775 stirpe
1445 1682 1566 1752 fessae.
1625 1677 1674 1752 Ει
1698 1683 1765 1752 erit
1787 1683 1926 1774 signum
1951 1684 2107 1777 populis,

505 1854 529 1871 Η
694 1780 703 1797 ’
761 1815 769 1872 ·,
825 1857 832 1872 ,
1123 1787 1245 1870 idest,
1280 1787 1347 1855 erit
1369 1801 1537 1878 tanquam
1557 1785 1627 1852 dux
1646 1806 1770 1873 gerens
1784 1786 1972 1860 vexillum:
2008 1800 2107 1878 pote-

285 1855 345 1924 D‘
361 1849 548 1950 ⁶⁰⁶⁸fi⁰²l⁸
563 1861 863 1926 ''ewrroel‘m'll’
1122 1889 1168 1958 rit
1198 1889 1351 1978 conspici
1385 1888 1424 1956 in
1447 1887 1547 1976 signo
1571 1907 1654 1972 suo,
1684 1885 1723 1956 id
1745 1901 1814 1974 est,
1845 1889 2108 1981 praedicatione

184 1985 242 2058 Ad
264 1983 372 2057 Rom.
397 1987 433 2055 4.
458 1982 606 2055 dicitur:
642 1983 717 2073 Qui
741 1987 892 2056 traditus
912 1998 963 2054 cst
988 2007 1073 2077 pro·
1120 1989 1323 2078 Evangelii:
1350 2003 1383 2060 et
1398 2003 1517 2076 gentes
1540 1989 1585 2056 ad
1608 2010 1688 2056 eum
1713 1990 1935 2079 confugient,
1960 1992 2105 2062 invoca·

81 2104 161 2183 pter
175 2089 303 2157 delicta
320 2084 515 2170 nostra,et
529 2085 756 2157 resuscitatus
775 2101 826 2158 est
841 2095 989 2179 propter
1004 2110 1071 2154 no-
1121 2093 1321 2162 bunteum.
1373 2087 1554 2179 Quando?
1580 2085 1839 2175 Nontantum,
1871 2115 1951 2160 cum
1976 2091 2013 2161 in
2038 2088 2105 2162 hac
2184 2153 2189 2166 ,

81 2206 190 2263 stram
208 2189 397 2261 iusticiam.
448 2185 721 2257 Hicdiscrimen
740 2189 850 2260 tradit
872 2188 1071 2280 persolutae
1120 2193 1192 2261 vita
1211 2191 1479 2262 conversabitur
1499 2189 1701 2274 nobiscum,
1735 2203 1774 2260 ut
1799 2193 1960 2262 mortalis
1982 2190 2105 2277 homo,
2221 2191 2226 2202 ’

83 2317 219 2387 poenae
235 2314 301 2382 pro
319 2289 441 2372 nobis,
462 2303 496 2358 et
511 2289 641 2358 deinde
659 2285 877 2360 exhibendae
893 2289 998 2360 nobis
1014 2290 1071 2360 iu·
1120 2296 1180 2363 sed
1196 2295 1301 2364 etiam
1317 2306 1455 2386 postea,
1481 2316 1559 2361 cum
1576 2314 1671 2359 mors
1685 2290 1760 2360 eius
1780 2293 1847 2364 erit
1869 2294 2037 2384 gloriosa,
2066 2295 2104 2362 id

83 2395 205 2466 aticiae
220 2407 254 2462 et
270 2391 373 2462 vitae.
426 2389 532 2478 Quod
547 2387 814 2461 enimChristus
830 2407 992 2462 mortuus
1008 2406 1069 2470 est,
1121 2409 1289 2481 est,c'um
1308 2395 1547 2466 resurrexerit.
1583 2391 1673 2462 Nam
1689 2416 1785 2464 mors
1800 2395 1828 2464 si
1847 2420 1920 2466 non
1937 2420 2104 2492 sequere-

83 2494 255 2589 persolvit
273 2516 439 2583 poenam,
463 2515 567 2586 quam
587 2491 787 2564 debuimus.
841 2492 909 2563 Sed
925 2495 954 2561 si
969 2517 1070 2560 man·
1121 2511 1179 2566 tnr
1195 2498 1424 2580 resurrectio,
1448 2519 1508 2565 seu
1526 2519 1617 2562 nova
1634 2495 1721 2580 vita,
1736 2521 1810 2566 non
1826 2513 1914 2568 esset
1928 2525 2010 2569 vera
2026 2499 2104 2588 glo·

84 2596 234 2667 sissetin
245 2608 370 2676 morte,
388 2617 461 2662 nou
480 2593 602 2663 fuisset
617 2596 831 2685 completum
849 2595 1071 2678 beneficium,
1120 2599 1184 2673 ria.
1225 2599 1392 2670 Testatur
1406 2619 1487 2685 ergo
1503 2595 1637 2666 dictum
1654 2592 2103 2690 Prophetae,resurrectu-

80 2723 147 2768 nec
161 2693 343 2766 habuisset
361 2695 434 2786 ipse
456 2717 605 2783 regnum
629 2696 861 2785 promissum,
895 2721 959 2764 nec
981 2697 1081 2763 fuis?
1120 2725 1199 2770 rum
1217 2725 1289 2770 esse
1312 2695 1409 2770 hunc
1424 2696 1644 2787 Dominum,
1674 2713 1707 2767 et
1733 2724 1806 2769 non
1831 2724 2037 2772 mansurum
2063 2701 2103 2768 in

1 2827 2 2832 ¹
80 2815 132 2871 set
151 2799 271 2867 efficax
284 2797 322 2864 in
338 2795 534 2866 liberandis
547 2794 651 2865 suisa
671 2811 783 2866 morte
800 2811 959 2867 aeterna:
988 2797 1067 2866 ideo
1119 2815 1251 2886 morte,
1265 2818 1299 2874 et
1315 2817 1400 2872 tuuc
1414 2814 1535 2890 gentes
1552 2799 1776 2872 invocaturas
1791 2824 1865 2874 esse
1880 2803 2008 2894 ipsum.
2032 2799 2103 2871 Hic

82 2899 241 2991 oportuit
271 2922 350 2967 eum
375 2919 576 2985 resurgere,
609 2909 650 2968 ut
675 2901 800 2968 sedens
822 2902 864 2967 ad
890 2902 1067 2967 dexteram
1119 2904 1220 2974 docet
1235 2905 1348 2997 qualis
1373 2906 1419 2973 sit
1441 2902 1556 2971 cultus
1580 2902 1617 2996 in
1642 2926 1736 2972 novo
1752 2901 1980 2974 Testamento
2002 2904 2102 2973 futu.-

80 3004 210 3096 patris,
237 2995 305 3069 hoc
320 3013 390 3082 est,
415 3022 567 3088 regnans
585 3001 740 3088 potentia
761 3001 901 3086 divina,
926 2993 971 3070 sit
992 2997 1067 3068 effi-
1119 3027 1200 3090 rus,
1231 3029 1303 3073 non
1320 3004 1527 3073 mactabunt
1543 3003 1720 3090 victimas,
1754 3006 1813 3072 sed
1830 3005 2034 3096 confugient
2056 3006 2101 3074 ad

80 3129 152 3174 cax.
205 3101 301 3174 Sunt
316 3099 425 3189 igitur
440 3099 609 3169 beneficia
627 3103 913 3187 resurrectionis,
948 3103 1067 3170 omnia
1117 3101 1214 3177 hunc
1227 3108 1371 3187 ducem,
1397 3107 1441 3174 ab
1460 3100 1527 3175 boc
1546 3117 1665 3196 petent
1682 3106 1867 3182 auxilium,
1920 3105 2100 3176 Hiclihe.

81 3228 187 3297 opera
203 3197 339 3272 Christi
353 3199 557 3291 regnantis,
583 3201 767 3284 videlicet,
785 3204 974 3274 iustificare
991 3226 1066 3271 cre-
1117 3207 1210 3279 rabit
1224 3210 1428 3279 invocantes
1449 3231 1467 3275 a
1491 3207 1638 3275 summis
1661 3209 1784 3292 malis,
1817 3234 1836 3278 a
1859 3207 1988 3301 quibus
2009 3209 2100 3276 libe.

80 3311 220 3388 dentes,
250 3303 466 3372 sanctificare
497 3303 579 3371 dato
603 3301 741 3396 Spiritu
770 3318 911 3396 sancto,
943 3305 1074 3372 defen-.
1116 3311 1187 3380 rari
1211 3335 1284 3379 non
1310 3321 1458 3402 possunt
1478 3307 1554 3377 ullo
1579 3309 1649 3377 alio
1673 3307 1798 3393 modo,
1831 3303 2019 3395 videlicet,
2054 3312 2100 3378 ab

80 3413 163 3479 dere
180 3427 241 3476 eos
257 3406 423 3474 adversus
440 3415 645 3495 potestatem
661 3405 816 3492 diaboli,
844 3406 993 3475 liberare
1008 3429 1066 3474 eos
1105 3412 1169 3485 ,ira
1192 3413 1283 3498 Dei,
1318 3423 1524 3504 apeccato,
1556 3422 1713 3478 amorte
1738 3426 1924 3504 perpetua,
1958 3425 2099 3504 apote-

81 3521 229 3580 amorte
246 3521 406 3586 aeterna,
439 3507 581 3576 incoare
597 3505 704 3576 vitam
728 3521 906 3579 aeternam
928 3509 966 3575 in
990 3531 1066 3576 cre·
1116 3525 1204 3582 state
1220 3514 1353 3584 diaboli
1377 3525 1442 3585 etc.
1492 3510 1588 3582 Sunt
1610 3522 1727 3581 autern
1749 3513 1900 3583 traditae
1925 3509 1990 3582 hae
2014 3533 2100 3584 con·-

82 3611 267 3693 dentibus,
293 3621 327 3677 et
341 3623 461 3698 postea
477 3630 537 3677 eos
556 3609 780 3696 resuscitare,
796 3611 993 3679 instaurare
1011 3623 1067 3677 to·
1116 3615 1235 3685 ciones
1256 3611 1536 3706 Prophetarum,
1568 3623 1609 3683 ut
1628 3613 1734 3681 fidem
1758 3613 1797 3682 in
1823 3615 1929 3684 nobis
1950 3614 2102 3688 excitent

81 3729 148 3783 tam
172 3708 335 3780 naturain
359 3704 552 3790 humanam
575 3710 746 3779 victuram
774 3737 866 3780 nova
887 3710 983 3795 luce,
1009 3735 1066 3778 sa·
1117 3730 1151 3787 et
1167 3717 1394 3801 confirment,
1421 3729 1455 3786 et
1475 3737 1542 3785 nos
1558 3711 1747 3786 hortentur
1761 3718 1806 3786 ad
1822 3712 1887 3788 bns
1903 3717 2036 3800 cultus,
2053 3717 2099 3786 ad

79 3812 234 3906 pientia,
261 3811 416 3890 iusticia,
444 3822 479 3880 et
494 3809 566 3880 vita
581 3809 763 3904 perpetua.
813 3807 914 3881 Nihil
935 3805 1064 3882 borum
1116 3819 1332 3908 agnitionem
1348 3833 1382 3887 et
1398 3817 1657 3888 invocationem
1674 3812 1818 3903 Christi,
1832 3830 1937 3910 atque
1953 3817 2002 3888 ita
2016 3817 2099 3886 dul-

80 3917 175 3985 fieret
191 3937 211 3980 a
227 3928 368 3983 mortuo
384 3926 417 3980 el
434 3911 565 3984 ocioso.
1116 3933 1249 3989 cescent
1285 3921 1388 3988 nobis
1410 3914 1475 3987 hae
1498 3919 1704 4000 conciones,
1734 3929 1768 3986 et
1787 3916 1956 3996 beneficia
1979 3941 2098 3987 resur-

179 4011 236 4086 De
258 4007 315 4082 his
334 4011 502 4104 operibus
519 4013 779 4084 concionantur
802 4015 894 4084 dicta
912 4009 1065 4106 prophe·
1114 4015 1282 4092 rectionis
1302 4021 1558 4108 intelligemus,
1590 4019 1618 4086 si
1641 4018 1899 4090 invocationem
1923 4019 2015 4088 serio
2039 4042 2099 4098 ex·
2122 4071 2129 4082 .

80 4115 535 4210 tica,q·1aeloqnunturde
550 4116 817 4200 resurrectione,
832 4129 869 4186 ut
889 4111 1062 4189 Oseta:
1115 4123 1310 4192 ercebimus
1341 4121 1514 4192 admoniti
1544 4116 1600 4190 his
1620 4118 1815 4192 sententiis.
1874 4119 1966 4190 -Huc
1988 4120 2098 4212 perti-..-

78 4219 131 4290 De
148 4241 257 4286 manu
275 4217 400 4286 mortis
417 4215 578 4286 liberabo
603 4241 680 4303 eos,
712 4231 747 4288 et
769 4221 812 4287 de
835 4232 949 4287 morte
969 4219 1075 4306 redi-¹
1114 4239 1201 4295 nent
1216 4247 1340 4294 omnes
1356 4222 1550 4293 sententiae
1573 4245 1663 4314 quae
1688 4221 1886 4319 loquuntur
1906 4222 1952 4293 de
1972 4244 2098 4315 perpe.-

78 4345 171 4390 mam
189 4341 265 4388 eos:
288 4313 364 4389 Ero
382 4339 478 4386 mors
494 4330 554 4388 tua
571 4343 593 4388 n
609 4343 724 4404 mors,
750 4343 887 4388 morsus
904 4331 987 4388 tuus
1002 4344 1063 4387 ero
1113 4337 1175 4398 tuo
1192 4349 1301 4416 regno
1318 4319 1453 4395 Christi
1467 4337 1530 4394 etc.

79 4425 227 4492 inferne.
280 4415 377 4488 Haec
392 4415 642 4490 concioOseae
659 4421 813 4492 declarat
829 4437 963 4491 veteres
980 4445 1064 4510 pro·
1309 4467 1314 4477 -

78 4526 282 4600 missiones,
315 4534 350 4592 et
364 4519 538 4606 significat
562 4521 678 4614 qualis
699 4521 863 4592 liberatio
886 4547 950 4612 per
965 4519 1063 4591 Mes·
1309 4537 1531 4625 Domini&
1549 4537 1581 4619 Ι,
1599 4543 1697 4643 post
1714 4535 1898 4626 Pascha,
1970 4589 1976 4600 ,

77 4629 162 4696 siam
180 4621 351 4714 promissa
368 4623 433 4704 sit,
459 4623 643 4707 videlicet,
658 4643 731 4690 non
746 4621 922 4692 restitutio
938 4638 971 4692 et
987 4637 1063 4692 am-'

76 4727 247 4820 plificatio
263 4721 361 4811 regni
378 4720 535 4811 politici,
561 4725 622 4793 sed
646 4724 751 4812 longe
775 4723 842 4790 alia
866 4745 940 4806 res,
966 4703 1088 4792 scili-²

77 4846 128 4901 cet
143 4825 337 4898 destructio
356 4819 481 4891 mortis
498 4837 534 4892 et
550 4825 702 4914 peccati,
726 4838 760 4895 et
774 4824 950 4892 restitutio
971 4825 1062 4893 vitae
1163 4811 1259 4890 Cum
1276 4825 1558 4910 ergoserues'sel,
1573 4813 1715 4888 dioillo
1742 4842 1818 4888 uno
1835 4813 2097 4907 Sabbatoram,

1243 4747 1256 4760 ,
1291 4707 1295 4716 ’
1367 4683 1604 4770 Evangelium
1623 4679 1766 4753 loannis
1782 4685 1845 4758 20.

75 4945 249 5002 aeternae.
302 4923 385 4995 ldeo
403 4923 551 4994 dicitur:
579 4925 651 4996 Ero
668 4940 836 4996 morstna
856 4949 877 4992 o
895 4927 1061 5009 mors,id
1212 4918 1359 5017 etseras
1375 4928 1490 4990 essent
1506 4916 1673 5004 clausae,
1707 4916 1773 4990 ubi
1793 4929 1898 4991 erant
1922 4913 2101 5020 discipuli

79 5049 147 5116 est,
172 5029 300 5098 delebo
319 5043 486 5109 mortem,
509 5024 636 5094 delebo
657 5027 807 5109 inferos,
839 5027 985 5096 reddam
1008 5026 1064 5091 vi·
1212 5019 1428 5114 congregati
1437 5031 1584 5116 propter
1602 5029 1733 5090 metum
1745 5018 1986 5106 Indaeorum,
2004 5025 2098 5096 venit

77 5149 147 5204 tam
171 5145 207 5202 et
228 5129 403 5200 iusticiam
426 5141 650 5219 perpetuam,
679 5129 812 5197 scilicet
825 5125 1062 5198 credentibus.
1215 5121 1345 5207 Iesus,
1385 5129 1416 5190 et
1439 5121 1537 5190 stetit
1567 5119 1607 5190 in
1630 5121 1807 5202 medium,
1852 5132 1884 5190 et
1908 5119 1996 5202 dicit
2028 5126 2097 5202 ais.-
2163 5165 2167 5172 ·

77 5233 118 5304 ln
135 5230 191 5303 his
208 5231 327 5300 verbis
344 5241 477 5298 caetera
495 5231 637 5311 insunt,
665 5227 702 5298 id
725 5241 793 5306 est,
820 5225 916 5318 Ergo
941 5242 1063 5317 regnat
1214 5219 1303 5294 Pax
1321 5219 1433 5296 vobis.
1485 5219 1538 5290 Et
1554 5246 1632 5292 cnm
1650 5217 1718 5294 hoc
1732 5219 1908 5319 dixisset,
1940 5225 2099 5300 ostendit

77 5335 245 5418 Messias,
277 5331 465 5403 intercedit
488 5354 553 5422 pro
578 5329 683 5400 nobis
705 5330 798 5420 apud
831 5346 987 5421 patrem,
1022 5344 1063 5400 ut
1215 5328 1417 5398 cismarina
1433 5332 1465 5394 et
1484 5321 1586 5400 lotus
1602 5350 1722 5404 suum.
1765 5319 2099 5424 Gavisr'suntergo
