4622 5818
227 109 330 234 ¹tou
491 171 496 186 ·
674 135 678 144 ·
839 141 966 222 auu.
992 122 1711 244 omus'cme'maxaoar1cu-
1944 202 1949 216 ·
2159 157 2248 260 tou

205 328 306 399 'sint
329 320 493 396 mansuri
520 316 657 414 publici
678 329 713 391 et
735 291 877 391 honesti
899 334 1019 394 coetus
1040 295 1217 396 Ecclesiae
1381 328 1479 406 llaec
1508 337 1629 410 omnis
1661 339 1726 410 etsi
1757 325 1832 412 non
1863 325 2115 437 intelligimus,
2142 327 2251 422 lamen

231 429 399 500 doctrina
423 437 458 496 et
476 419 729 494 ministerium.
779 419 827 495 Et
843 443 1046 519 quanquam
1061 419 1147 497 haee
1163 429 1229 498 ali·¹
1249 347 1256 474 i
1279 430 1400 528 aliquo
1424 439 1531 508 modo
1554 441 1740 531 cogitanda
1766 459 1870 530 sunt,
1894 459 1934 520 ut
1956 449 2050 533 dixi,
2076 463 2116 522 ut
2135 451 2252 542 cogite.

232 532 380 626 quando
401 527 617 604 turbantur,
642 535 762 592 tamen
777 521 875 598 Deus
894 525 1047 598 subinde
1065 528 1230 604 restituit.
1250 479 1256 610 i
1279 559 1359 606 mus
1392 534 1481 608 iram
1514 537 1582 612 Dei
1609 557 1732 616 eontra
1762 559 1923 638 peccata,
1964 561 1999 622 et
2026 571 2167 642 egsums
2195 553 2253 644 ipsi

234 631 360 722 Agatis
391 628 500 719 igitur
522 625 653 718 gratias
674 623 751 695 Deo
775 626 931 696 servanti
953 627 1165 712 Ecclesiam,
1197 643 1231 702 et
1252 611 1257 684 i
1280 637 1419 727 gracias,

236 734 384 826 petatis,
410 743 450 803 ut
464 740 594 804 servet.
644 723 690 796 Et
705 721 773 796 hac
790 749 851 819 spe
865 726 942 797 sitis
956 729 1066 819 magis
1078 730 1231 823 diligen-

181 923 186 930 ·
237 849 290 908 tes
306 835 345 906 in
360 819 554 918 discendo,
578 842 614 901 et
628 830 670 900 in
683 828 838 900 iuranda
853 824 1011 910 Ecclesia
1028 843 1094 908 etc.
1584 859 1588 874 ·
1653 829 1704 882 oe
1728 834 1896 890 narrato.

706 1013 713 1031 Ι
874 1007 882 1016 ,
1047 1007 1049 1012 ,
1383 923 1475 1000 Cum
1492 927 1670 1004 Dominus
1689 948 1741 1006 est
1763 935 1801 1006 in
1823 949 1922 1008 tanto
1935 937 2077 1026 dolore,
2103 934 2253 1032 Apostoli

441 1013 497 1089 Et
512 1009 655 1113 hymno
671 1008 768 1125 drale
783 1013 921 1112 egressi
932 1023 1034 1092 suat.
1281 1029 1486 1117 dormiunt,
1510 1045 1547 1103 et
1569 1027 1701 1108 habent
1720 1032 1839 1110 adhuc
1860 1040 1972 1112 mnas
1994 1063 2072 1134 spes
2096 1043 2141 1114 de
2156 1041 2254 1112 victo·

346 1171 390 1243 ln
422 1167 489 1240 hac
518 1164 669 1239 historia
699 1165 744 1235 ad
787 1181 945 1240 montem
979 1163 1119 1242 oliveti
1150 1185 1233 1243 sunt
1281 1130 1352 1216 ἥθ’
1377 1144 1412 1202 ‘¹
1428 1133 1597 1264 ‘ie-“⁸¹¹⁰
1612 1140 1807 1209 mundum·

240 1271 328 1348 haec
344 1287 498 1368 quatuor
513 1268 781 1340 consideranda.
1381 1247 1451 1320 Hie
1474 1250 1653 1324 cernimus
1677 1257 1875 1350 exemplum
1892 1259 2109 1333 infirmitatis
2123 1259 2161 1330 in
2175 1257 2254 1332 San.

347 1379 381 1448 1.
432 1371 612 1446 Passionis
625 1367 770 1440 initium
784 1367 822 1440 in
837 1361 1010 1448 hocloco.
1060 1369 1114 1443 De
1130 1394 1234 1444 cansa
1282 1348 1357 1420 αἱ*
1411 1349 1482 1444 ¹9⁸3
1498 1367 1581 1426 ⁸¹¹¹st
1597 1356 1831 1448 minimas
1854 1375 1889 1435 ‘i
1907 1363 1946 1432 in
1963 1386 2083 1436 01'101'e
2099 1364 2254 1450 timim

94 1523 98 1528 ·
244 1463 419 1574 passionis
444 1475 542 1567 prios
564 1471 699 1542 dictum
721 1482 794 1558 est,
825 1493 933 1563 quam
955 1485 1074 1543 tamen
1095 1498 1235 1569 semper
1282 1452 1478 1525 mundaum

243 1593 384 1676 oportet
401 1579 439 1648 in
455 1585 645 1666 compertu
662 1591 748 1647 erse,
1384 1552 1453 1626 Sed
1476 1555 1583 1626 simul
1607 1554 1676 1628 hoc
1697 1561 1977 1649 consideremus,
2002 1565 2181 1637 Dominus
2200 1566 2256 1634 do·

344 1685 382 1755 2,
430 1672 686 1768 Apoegolofflm
698 1671 888 1761 murum,
913 1677 1214 1772 „mnmgfm
1283 1652 1396 1725 lenter
1414 1655 1611 1776 alloquitur
1630 1683 1710 1746 eos,
1742 1676 1836 1735 taxat
1859 1666 2110 1756 negligentiam
2132 1689 2255 1750 eorum,

345 1783 383 1856 5,
434 1774 535 1849 peu-i
550 1797 680 1868 pugna,
1282 1763 1317 1826 et
1332 1770 1522 1849 praecepit,
1549 1773 1589 1830 ut
1604 1778 1728 1848 orent,
1754 1788 1799 1835 ne
1813 1766 1947 1840 intrent
1960 1769 1997 1838 in
2011 1769 2245 1840 tentationem.

346 1887 382 1956 4.
434 1875 628 1971 Captivitas
642 1874 805 1953 Domini.
1271 1886 1275 1892 ’
1383 1869 1449 1946 Est
1470 1879 1682 1972 negligentia
1700 1881 1996 1970 insaneuaaat
2013 1901 2132 1960 tamen
2150 1909 2255 1976 repre·

1281 1971 1471 2062 itenditur,
1499 1986 1813 2056 etcommoneiaeti
1826 2011 1984 2076 oremus,
2011 2003 2187 2060 nenostra
2203 2011 2256 2056 ne-

636 2079 685 2134 ne
715 2075 838 2146 prino.
1043 2144 1047 2152 ,
1281 2078 1448 2166 gligeutia
1478 2083 1583 2152 uobis
1606 2099 1748 2172 noceat,
1782 2112 1848 2158 uec
1867 2087 2040 2162 Diabolus
2062 2090 2257 2184 praecipitet

345 2201 399 2274 De
419 2200 495 2296 ipsa
519 2201 695 2294 passione.
759 2199 973 2298 Quanquam
995 2195 1173 2275 Dominus
1194 2203 1232 2276 in
1281 2202 1348 2250 ¹¹⁰⁸
1363 2178 1402 2252 5¹¹
1420 2179 1560 2276 ³¹3il¹¹⁰⁸
1575 2185 1754 2274 8¹²³Vi⁰f⁶⁸
1772 2189 1905 2282 lalimi·

245 2305 343 2378 omni
368 2304 439 2376 vita
463 2326 565 2396 saepe
590 2324 712 2398 passus
737 2315 787 2372 est
810 2303 848 2373 in
871 2307 977 2375 corde
997 2328 1061 2376 suo
1086 2329 1232 2397 magnos
1383 2295 1564 2372 Praeterea
1589 2297 1647 2372 ilic
1669 2305 1838 2376 sciamus:
1866 2307 2082 2405 Quanquam
2105 2307 2257 2403 Apostoli

244 2428 395 2501 pavores
423 2417 456 2474 et
483 2404 645 2490 dolores,
677 2415 717 2476 ul
743 2398 868 2476 lobon.
890 2405 948 2480 12.
973 2406 1067 2477 inter
1087 2408 1231 2478 concio.
1281 2411 1364 2469 sunt
1392 2397 1526 2471 infirmi
1535 2456 1546 2486 ,
1579 2417 1697 2475 tamen
1718 2405 1760 2500 ⁸in
1781 2403 1939 2482 Ecclesia
1962 2413 2108 2486 luerunt
2132 2411 2257 2503 aliquae

244 2510 403 2580 nandum
427 2505 569 2576 clamat:
596 2501 701 2575 Pater
723 2505 818 2574 salva
836 2499 1030 2577 merrhae
1044 2502 1131 2579 hora
1141 2560 1153 2592 ‚
1177 2522 1231 2579 ta·
1280 2523 1472 2592 P0f⁸⁰¹¹i¹²s
1506 2527 1597 2598 ‘1⁰³⁰
1626 2506 1874 2581 inleiifflfflssl
1900 2515 2101 2604 passionem
2126 2507 2257 2594 Chrissii·

243 2634 326 2681 men
344 2608 413 2676 iam
434 2607 470 2674 in
488 2618 610 2676 monte
627 2599 763 2675 Oliveti
778 2605 967 2694 singularis
983 2621 1033 2678 est
1050 2609 1171 2696 dolor,
1196 2626 1231 2682 et
1281 2613 1315 2670 el
1330 2601 1436 2672 simul
1454 2626 1555 2702 veros
1569 2619 1604 2677 et
1619 2631 1766 2698 magnos
1781 2613 1922 2684 dolores
1938 2637 2058 2705 passae
2071 2628 2175 2694 sunt,
2199 2611 2257 2681 sci-

243 2707 303 2782 lvie
325 2708 493 2782 recitatur
513 2709 559 2779 ab
578 2703 765 2797 Evangelii
787 2707 1036 2798 scriptoribus,
1061 2723 1229 2808 tanquam
1280 2700 1363 2774 licet
1378 2701 1493 2776 Maria
1512 2721 1642 2796 mater,
1667 2722 1702 2781 et
1719 2711 1794 2782 eius
1807 2735 1909 2786 soror
1924 2713 2040 2786 Maria
2055 2709 2237 2808 Cleophae.

244 2809 433 2906 singularis
447 2831 528 2900 pars
542 2808 717 2902 passionis
730 2804 876 2884 Christi.
1380 2815 1426 2889 Et
1446 2841 1584 2914 semper
1602 2835 1684 2896 suut
1709 2825 1746 2896 in
1764 2823 1921 2902 Ecclesia
1944 2829 2074 2926 aliqui,
2103 2831 2165 2926 qui
2186 2853 2256 2900 cum

346 2925 443 3016 Quid
460 2939 576 2997 autem
591 2923 638 2997 sit
652 2923 715 2996 isle
731 2925 858 3012 dolor,
878 2950 943 2998 nos
958 2951 1031 2997 non
1045 2950 1231 3020 possumus
1281 2913 1424 2991 Christo
1449 2923 1645 3013 patiuntur.
1696 2923 1742 3000 Et
1766 2953 1831 3002 nos
1851 2931 1890 3002 in
1911 2937 2041 3006 nostris
2061 2929 2256 3004 afflictioni·

244 3033 337 3124 clare
359 3028 492 3113 dicere,
526 3027 609 3121 quia
631 3049 696 3097 nec
719 3028 893 3098 sustinere
915 3051 1108 3122 possemus.
1158 3027 1227 3102 Sed
1281 3022 1349 3092 bus
1381 3018 1492 3092 ³3¹¹¹¹¹³
1521 3027 1766 3114 pali‘nliore82
1808 3045 1844 3104 el
1872 3033 2065 3126 cogitemus
2093 3053 2256 3108 nostum

244 3133 414 3204 debemus
438 3129 598 3212 credere,
623 3127 732 3198 fuisse
754 3149 900 3220 magnos
923 3131 1072 3205 dolores¹
1086 3145 1232 3224 propter
1279 3121 1393 3215 capite
1411 3119 1556 3197 Cluisto
1571 3127 1657 3221 pati.
1742 3213 1746 3218 Ι
2147 3161 2151 3168 ·

243 3236 332 3304 iram
350 3227 417 3302 Dei
440 3231 608 3302 adversus
629 3241 766 3322 peccata
790 3245 928 3316 nostra,
955 3245 1040 3304 tunc
1056 3233 1149 3302 filius
1164 3229 1228 3304 Dei

244 3333 350 3408 sensit
374 3331 511 3402 effundi
534 3333 571 3403 in
594 3357 631 3404 se
653 3331 742 3401 iram
759 3329 855 3416 Dei,
871 3347 993 3404 contra
1010 3333 1148 3426 peecata
1163 3359 1230 3406 no·
1674 3330 1722 3384 ⁰⁸
1753 3331 1870 3391 “¹2¹⁰-

243 3452 334 3521 stra,
358 3435 459 3530 quasi
482 3433 556 3528 ipse
575 3457 613 3506 se
632 3433 818 3528 polluisset
840 3435 911 3507 tuis
933 3448 968 3507 et
989 3435 1076 3507 meis
1093 3449 1128 3509 et
1142 3437 1233 3509 alio-
1381 3427 1492 3520 Aliud
1516 3447 1695 3526 peccatum
1712 3438 1750 3507 in
1766 3435 1950 3530 Apostolis
1965 3443 2147 3534 pingitur,
2171 3443 2257 3538 qnod

243 3561 322 3610 rum
340 3535 502 3628 peccatis.
1280 3532 1384 3603 vaide
1403 3555 1506 3628 saepe
1525 3535 1650 3608 accidit
1666 3537 1886 3631 in‘Ecclrsia.
1939 3543 2118 3617 Volumus
2133 3547 2171 3617 in
2187 3567 2257 3636 per·

348 3635 433 3708 ldeo
453 3637 660 3711 nominatur
679 3658 791 3726 agnos
813 3632 898 3722 Dei,
922 3636 1053 3723 idest,
1078 3639 1232 3725 victima,
1280 3635 1461 3706 secutione
1486 3659 1659 3728 pugnare,
1686 3652 1719 3710 et
1740 3637 1974 3732 Evangelium
1999 3645 2122 3736 gladio
2144 3649 2256 3718 desen·
2309 3665 2310 3670 ’

244 3742 327 3832 quia
358 3751 531 3810 mactatur
560 3739 637 3810 loco
667 3737 832 3812 aliorum.
882 3736 928 3810 Et
949 3733 1084 3811 Esaias·
1098 3741 1232 3834 inquit:
1280 3738 1376 3811 dere,
1428 3734 1478 3806 lta
1502 3735 1629 3810 Petrus
1659 3742 1800 3833 stringit
1828 3747 2004 3836 gladium,
2036 3763 2069 3820 et
2094 3747 2256 3843 praecidit
2309 3753 2310 3766 ¹

242 3840 292 3914 Et
319 3841 438 3934 posuit
465 3837 643 3912 Dominus
672 3840 711 3910 in
741 3862 787 3925 eo
813 3837 1036 3934 iniquitatem
1068 3839 1231 3912 omnium
1264 3861 1382 3935 ‘servo
1402 3837 1618 3924 auriculam,
1643 3855 1679 3915 et
1704 3837 1806 3916 habet
1832 3843 1923 3919 hane
1946 3850 2154 3940 opinionem
2169 3851 2253 3943 quod

243 3953 422 4018 nostrum.
476 3940 584 4015 item:
609 3941 762 4038 Propter
780 3940 911 4014 seelera
927 3942 1050 4036 populi
1064 3945 1134 4014 mci
1151 3967 1232 4040 per·
1280 3934 1443 4012 Christus
1469 3940 1516 4011 sit
1544 3939 1731 4030 fugaturus
1750 3971 1892 4030 omnes,
1926 3950 2010 4044 quia
2029 3976 2156 4024 omnes
2177 3951 2254 4044 lapsi

244 4047 334 4119 eussi
350 4069 442 4118 eum.
1280 4054 1399 4128 eruut,
1425 4063 1506 4112 eum
1520 4038 1684 4115 Christus
1701 4070 1763 4118 eos
1776 4049 2027 4144 alloqueretur.

344 4147 443 4220 Haec
475 4145 533 4237 pie
568 4146 800 4218 meditatione
834 4144 1021 4237 cogitanda
1053 4155 1156 4230 luni,
1196 4159 1231 4219 el
1381 4156 1494 4249 Saepe
1516 4158 1646 4232 similia
1669 4163 1878 4252 factasunt,
1904 4170 2255 4254 etiamnullum

243 4251 463 4340 agnoscenda
484 4249 536 4355 ira
559 4245 624 4319 Dei
647 4263 768 4321 contra
792 4263 947 4341 peccata.
1010 4243 1058 4318 Et
1076 4247 1232 4336 agendae
1280 4256 1524 4345 Mansuetus,
1551 4261 1693 4351 Straus,
1719 4270 1836 4340 etalii
1860 4271 2026 4344 volebant
2043 4275 2165 4364 gladio
2182 4295 2252 4364 pro·

245 4352 377 4440 gratiae
387 4349 482 4434 Deo,
509 4349 705 4421 etDomino
720 4363 841 4422 nostro
859 4343 1107 4436 lesuCltristo,
1133 4351 1230 4444 quod
1279 4383 1405 4453 pagg„
1418 4360 1665 4452 Evangetim,

243 4452 296 4523 ’ὴ
309 4451 393 4524 ”m
406 4451 542 4522 ‘³¹¹¹'oe
558 4473 668 4541 μω*
685 4447 894 4528 huminum·
1379 4478 1461 4552 Nun
1479 4483 1561 4550 volo
1576 4499 1692 4554 autam
1708 4482 1776 4555 iarn
1792 4488 1890 4582 loqui
1908 4492 1951 4559 de
1962 4487 2168 4584 Principum
2184 4490 2253 4560 ott-

348 4567 486 4642 ffissd‘
500 4569 648 4658 ῑῡῖἷῐὸῗθ
662 4569 945 4660 mfldfliiudissflm
960 4567 1107 4644 d⁰¹⁰fi⁸0
1158 4564 1231 4641 ΝΕ·
1280 4579 1356 4668 cio,
1381 4584 1441 4651 secl
1459 4583 1503 4651 de
1517 4583 1634 4655 officio
1650 4588 1930 4677 praedicantium
1947 4593 2029 4661 rulo
2045 4593 2157 4688 loqui.

245 4695 338 4748 cesse
361 4685 412 4742 est
435 4693 599 4758 magnum
623 4673 782 4742 dolorem
804 4671 934 4764 fuisse,
964 4670 1002 4740 in
1025 4693 1096 4763 quo
1120 4667 1230 4737 resol-
1380 4681 1459 4756 Hoc
1479 4685 1710 4756 „smmum
1735 4704 1804 4774 a„
1838 4715 1904 4762 Μ,
1924 4694 2165 4783 Ρωάῑωῃω
2187 4713 2252 4761 m„

242 4767 380 4849 vuntur
394 4774 486 4844 vires
503 4771 640 4857 cordis,
665 4788 704 4845 ut
719 4775 860 4861 sanguis
874 4775 997 4844 eiiluat
1010 4795 1075 4864 pro
1090 4773 1229 4843 auclore.
1279 4785 1406 4855 dehere
1435 4785 1552 4878 gladi„
1587 4811 1762 4880 pugnare,
1804 4807 1838 4864 ,q
1864 4796 1965 4866 ,mm
1995 4789 2055 4866 hic
2085 4793 2251 4867 nomm,

344 4889 393 4967 Et
406 4893 482 4986 ipse
496 4903 673 4982 precatur:
699 4887 823 4974 Pater,
848 4891 877 4960 si
893 4889 968 4962 lieri
985 4902 1097 4981 potest
1113 4901 1229 4958 trans·
1279 4887 1449 4976 regulam.

246 5011 301 5068 eat
329 5022 349 5066 a
374 5019 437 5066 me
461 4991 551 5065 calix
576 4989 660 5075 iste,
692 5005 925 5064 veruntamen
948 5015 1022 5062 non
1045 4992 1140 5085 quod
1165 5011 1229 5080 ego
1380 4987 1452 5079 Qui
1468 4989 1624 5080 gladium
1639 4997 1823 5084 acceperit,
1845 4995 1964 5086 gladio
1978 4999 2120 5091 portule
2160 4995 2252 5067 Hanc

245 5097 345 5172 volo.
378 5098 438 5166 sed
465 5095 562 5190 quod
585 5107 623 5164 tu
650 5093 723 5179 vis,
752 5093 824 5170 nat.
876 5095 972 5168 Haec
996 5095 1088 5164 lucta
1111 5105 1230 5162 osten·
1279 5091 1435 5180 regulam
1467 5091 1590 5164 scitote
1618 5117 1691 5164 nou
1721 5119 1795 5190 esse
1824 5097 1967 5170 inanem
1988 5101 2165 5183 sonitum,
2196 5099 2251 5169 sed

245 5199 316 5282 dit,
340 5197 448 5267 luisse
469 5195 640 5269 maximos
656 5197 815 5286 dolores,
837 5197 922 5270 item
939 5193 1230 5270 confirmatorab
1280 5217 1362 5264 vere
1382 5193 1535 5267 ueteri.
1586 5191 1683 5266 Deos
1699 5199 1908 5284 regulariter
1925 5223 2050 5274 omnes
2064 5195 2252 5276 homicidas

244 5298 382 5391 angelo.
478 5403 485 5416 ⁵
1279 5288 1429 5367 retrahit
1446 5298 1491 5369 nd
1515 5319 1685 5394 poenam,
1710 5301 1847 5374 etiamsi
1870 5303 2093 5395 usagium
2110 5323 2173 5376 eos
2186 5321 2251 5372 noa
