4616 5818
253 108 329 218 ιιι
860 123 985 199 ratu.
1013 120 1128 194 una.
1154 120 1364 196 senuna
1388 117 1686 198 amoenos.
2199 136 2265 208 sn

222 335 225 346 ·
256 315 395 408 aliquos
415 309 564 391 abusus,
600 313 745 394 propter
767 297 1008 386 infirmitatem
1034 290 1141 366 buius
1166 317 1245 363 cor·
1296 288 1509 384 Prophetam
1526 293 1771 388 multipliciter
1784 295 1984 384 benedicit,
2005 301 2066 370 dat
2082 300 2266 374 incremen-

256 429 380 507 ruptae
398 423 573 494 naturae,
594 429 699 499 quam
717 401 877 494 sequitur
895 397 1081 488 multiplex
1108 390 1244 478 ἀταξία
1296 408 1372 465 tum
1396 397 1498 480 fidei,
1536 396 1668 468 victum
1691 397 1731 466 in
1754 411 1851 470 tanta
1875 399 2081 474 difficultate
2103 427 2265 488 annonae,

257 530 379 590 contra
394 511 514 584 omnia
532 521 726 604 praecepta.

610 631 897 736 Dequsrto.

359 786 553 864 Promissio
568 781 689 852 addita
704 791 754 848 est
770 787 955 869 praecepto
970 773 1014 842 de
1037 770 1130 844 veris
1153 770 1244 840 elee-

258 897 435 993 mosynis,
469 905 509 959 ut
530 883 633 955 alibi:
666 881 773 963 Date,
806 891 841 947 et
863 877 1007 945 dabitur
1028 873 1140 943 vobis.
1190 869 1244 941 lta

258 1001 336 1074 hic:
370 981 490 1066 Facite
518 986 620 1056 vobis
647 983 778 1052 amieos
802 982 846 1047 de
869 977 1076 1047 Mammoua
1099 975 1244 1052 iniusto,

257 1119 298 1178 ut
312 1098 484 1190 recipiant
498 1113 562 1162 vos
577 1088 614 1156 iu
630 1098 771 1155 aeterua
785 1079 1023 1152 tabernacula.
1071 1075 1141 1145 Hic
1158 1098 1243 1145 con-

257 1215 408 1279 currunt
424 1199 514 1267 duae
528 1188 762 1285 quaestiones.
807 1182 900 1252 Num
916 1180 1028 1250 sancti
1043 1177 1244 1268 recipiunt?

258 1323 293 1380 et
322 1327 410 1375 num
431 1307 577 1391 propter
600 1311 705 1382 opera
729 1299 848 1354 nostra
874 1281 1089 1372 recipimur?
1119 1275 1244 1370 Expli-

258 1409 349 1483 catio
382 1400 537 1471 iacilima
568 1408 619 1464 est
645 1390 723 1482 piis.
781 1376 1126 1483 Duaeovasadogoi
1149 1395 1242 1450 sunt.

258 1507 380 1586 Sancti
411 1498 609 1590 recipiunt,
640 1495 676 1562 id
712 1503 779 1572 cst,
814 1483 979 1558 Christus
1008 1498 1043 1554 et
1074 1482 1243 1551 Ecclesia.

160 1633 161 1641 ’
257 1609 420 1686 Christus
455 1617 622 1692 tanquam
649 1595 829 1663 redemtor
858 1602 892 1658 et
927 1590 1079 1664 donator
1110 1585 1244 1655 salutis.

257 1709 415 1788 Ecclesia
430 1719 596 1796 tanquam
612 1697 728 1772 testis,
763 1693 944 1762 celebrans
968 1691 1088 1757 datum
1113 1687 1243 1754 benefi-

259 1817 352 1886 cium
372 1834 435 1901 per
455 1803 551 1875 hunc
572 1801 817 1877 liberatorem,
842 1807 875 1862 ct
896 1814 1003 1880 agens
1025 1790 1154 1878 gratias
1168 1787 1243 1856 Deo

256 1908 511 1988 remuneranti.
566 1901 616 1974 Ut
635 1895 799 1970 Christus
821 1894 944 1984 recipit
958 1889 1244 1968 Constantinum,

259 2019 321 2114 qui
346 2011 506 2085 defendit
528 2001 742 2096 Ecclesiam,
773 1997 951 2086 recipiunt
971 2008 1005 2064 et
1027 1993 1155 2076 sancti,
1190 1990 1244 2058 vi·

260 2120 388 2192 delicet
417 2111 640 2184 testificantes
670 2104 713 2171 de
744 2095 1061 2178 hac'delensione,
1103 2107 1244 2183 agentes

258 2221 334 2293 Deo
371 2215 518 2307 gratias,
558 2221 591 2277 et
624 2206 718 2298 quod
744 2199 943 2270 defenderit
966 2195 1157 2265 Ecclesiam
1182 2217 1244 2284 per

258 2329 386 2399 istum,
402 2332 437 2388 et
452 2313 546 2406 quod
563 2306 717 2376 vicissim
735 2298 831 2371 hunc
846 2315 986 2369 aeterna
1002 2299 1112 2387 gloria
1130 2309 1244 2368 ornet.

257 2421 433 2503 Econtra,
456 2409 620 2485 Christus
635 2409 780 2477 damnat
796 2401 1058 2471 Diocletianum
1084 2399 1242 2467 saevien-

259 2540 351 2609 tem,
391 2523 537 2590 damnat
568 2535 649 2582 eum
686 2521 720 2576 et
745 2504 901 2574 Ecclesia
937 2525 1000 2571 suo
1027 2501 1242 2584 testimonio,

258 2624 466 2720 praedicans
483 2617 613 2686 iustum
628 2609 800 2681 iudicium
817 2601 963 2678 Christi.

361 2741 415 2812 lta
438 2735 699 2822 coniungantur
723 2749 792 2796 vox
811 2718 945 2794 Christi
971 2733 1004 2788 et
1028 2743 1094 2788 vox
1118 2713 1243 2786 Eccle-

260 2848 351 2932 siae,
385 2839 468 2938 quia
484 2836 596 2928 gloria
612 2843 815 2902 sanctorum
833 2821 1071 2914 conspicietur
1093 2822 1138 2889 ab
1159 2821 1243 2888 uni-

258 2973 359 3019 versa
393 2939 570 3021 Ecclesia,
609 2951 642 3005 et
669 2955 749 3001 cum
774 2930 863 2999 facta
890 2939 1091 2995 sanctorum
1114 2922 1152 2991 in
1178 2917 1244 2992 hae

258 3053 332 3121 vita
358 3058 440 3117 sunt
462 3051 578 3132 spreta
602 3048 663 3106 aut
684 3035 869 3109 damnata,
903 3029 1106 3123 intqeamur
1129 3039 1243 3094 totum

258 3153 348 3223 illud
370 3145 542 3218 iudicium
557 3135 706 3219 Christi,
730 3131 968 3223 Angelorum,
1000 3139 1033 3196 et
1056 3123 1244 3210 Ecclesiae,

259 3268 296 3325 et
309 3253 460 3325 sciamus
480 3246 517 3314 in
541 3242 605 3310 illo
629 3237 761 3308 iudicio
782 3233 989 3305 revelandas
1013 3251 1085 3297 esse
1108 3241 1245 3296 nostras

160 3375 165 3382 ’
260 3355 479 3432 voluntates,
502 3361 534 3416 et
548 3347 728 3416 futurum,
745 3352 784 3408 ut
797 3334 994 3406 recte'facta
1011 3343 1244 3399 aeternavoce

257 3455 339 3541 Dei,
365 3448 516 3533 Christi,
543 3445 782 3534 Angelorum,
808 3451 842 3510 et
856 3434 1030 3508 Ecclesiae
1049 3433 1246 3524 probentur

165 3549 168 3554 ¹
259 3557 540 3630 etcelebrentur.

187 3673 192 3684 '
362 3669 477 3742 Venio
496 3667 540 3736 ad
556 3662 745 3734 secundam
763 3649 1015 3745 συνεκδοχὴν,
1034 3675 1079 3720 an
1097 3649 1243 3738 recipia-

258 3801 341 3850 mur
354 3784 500 3868 propter
515 3779 634 3837 nostra
656 3783 774 3852 opera.
824 3755 950 3825 Brevis
969 3766 1021 3822 est
1050 3751 1244 3840 responsio,

258 3883 299 3950 in
320 3875 489 3950 omnibus
513 3853 745 3940 concionibus
767 3862 810 3929 de
835 3857 939 3928 bouis
967 3855 1152 3944 operibus,
1178 3875 1242 3922 ne-

259 4004 354 4054 cesse
376 3990 429 4050 est
461 3969 647 4062 complecti
676 3965 782 4034 fidem
810 3959 1071 4052 praelucentem
1104 3968 1138 4024 et
1169 3979 1244 4024 cre-

258 4087 414 4162 dentem,
430 4078 526 4171 quod
543 4069 628 4142 haec
642 4064 844 4139 obedientia
862 4063 994 4152 placeat
1010 4071 1155 4150 propter
1169 4080 1244 4124 me-

258 4187 450 4264 diatorem,
475 4178 572 4247 iuxta
587 4171 696 4240 illud:
722 4166 791 4237 Per
808 4187 913 4258 quem
935 4158 1107 4256 habemus
1130 4180 1242 4228 acces-

1296 497 1360 566 filii
1378 498 1509 568 mortui
1522 499 1840 571 resuscitationem.
1890 497 2055 595 Denique
2071 506 2195 574 mulier
2216 532 2264 576 so-

1296 599 1349 670 cia
1365 611 1416 670 est
1430 601 1627 682 bonorum,
1654 625 1745 694 quae
1758 597 1855 672 Deus
1867 604 1997 693 passim
2013 599 2185 676 Ecclesiae
2205 609 2265 675 im-

1295 701 1413 792 pertit.
1464 699 1524 772 Sic
1550 697 1800 793 Onesiphorus
1822 705 1994 794 recipiens
2013 704 2162 780 Paulum
2186 710 2265 778 reci-

1296 804 1394 893 pitur
1411 803 1450 872 in
1464 817 1605 875 aeterna
1630 804 1874 885 tabernacula,
1901 807 2024 892 idest,
2050 811 2265 902 consequitur

1295 905 1511 992 agnitionem
1526 901 1730 994 Evangelii,
1766 921 1798 976 et
1823 907 1908 1000 quia
1933 907 2031 978 iuvat
2047 907 2214 1002 Paulum,
2237 926 2265 980 et

1295 1007 1382 1076 alios
1399 1007 1493 1099 pios,
1519 1007 1670 1076 vicissim
1686 1033 1705 1077 a
1721 1004 1797 1078 Deo
1813 1009 2026 1080 defenditur.

1397 1175 1448 1247 lta
1465 1201 1601 1267 semper
1616 1179 1678 1270 qui
1703 1177 1840 1246 sincero
1864 1178 1992 1248 affectu
2014 1178 2140 1249 iuvant
2154 1175 2266 1248 Eccle-

1296 1279 1384 1362 sias,
1416 1278 1636 1371 recipiuntur
1650 1279 1688 1346 in
1711 1293 1852 1347 aeterna
1877 1281 2122 1365 tabernacula,
2156 1281 2189 1349 id
2212 1299 2264 1360 est,

1296 1393 1559 1472 consequuntur
1589 1379 1805 1468 agnitionem
1827 1375 2028 1470 Evangelii,
2069 1397 2102 1452 ει
2126 1383 2264 1451 vicissim

1295 1482 1479 1563 iuvantur,
1511 1496 1683 1570 reguntur
1705 1496 1738 1552 et
1762 1482 2004 1554 defenduntur
2025 1507 2044 1550 a
2067 1480 2153 1552 Deo.
2204 1483 2266 1552 Nec

1296 1583 1444 1652 dubium
1460 1597 1512 1652 εει
1529 1595 1671 1674 propter
1685 1581 1858 1654 Ecclesiae
1875 1585 2005 1652 servari
2032 1583 2168 1677 aliquas
2189 1585 2266 1652 civi-

1296 1696 1380 1752 tates
1398 1707 1459 1753 seu
1476 1683 1634 1774 politias,
1660 1685 1741 1777 quia
1761 1696 1899 1776 oportet
1914 1685 2056 1778 aliquod
2081 1709 2155 1753 esse
2177 1685 2264 1777 quasi

1296 1787 1529 1854 diversorium
1552 1783 1745 1864 Ecclesiae,
1779 1786 1868 1854 sicut
1889 1785 2008 1877 inquit
2030 1783 2171 1856 Esaias:
2202 1785 2266 1857 Re-

1296 1910 1353 1975 ges
1369 1901 1471 1956 eruut
1486 1889 1678 1962 nutritores
1696 1885 1768 1970 tui,
1792 1901 1826 1956 et
1841 1887 1984 1977 reginae
2000 1889 2172 1958 nutrices:
2207 1887 2266 1956 ibi·

1296 2012 1364 2081 que
1381 1984 1535 2076 hospites
1552 1989 1600 2082 pii
1617 1991 1786 2062 fruuntur
1800 1988 1965 2058 societate
1982 1990 2159 2058 bonorum
2175 2011 2267 2086 prae·

1296 2089 1448 2158 sentium
1466 2104 1499 2159 ει
1514 2105 1751 2169 aeternorum,
1767 2089 2158 2178 sicutnavigantescum
2166 2087 2265 2158 Paulo

1296 2205 1500 2282 servantur,
1517 2207 1551 2261 ει
1567 2193 1667 2262 navis
1683 2191 1854 2280 tantisper
1870 2204 2049 2280 servatur,
2069 2191 2182 2260 donec
2194 2191 2266 2258 fun-

1295 2307 1348 2361 cta
1365 2307 1416 2360 εει
1432 2317 1495 2361 ειιο
1511 2295 1646 2378 officio,
1673 2306 1708 2362 ει
1726 2316 1851 2361 νειιιιιι
1873 2305 1946 2376 εει,
1980 2293 2037 2384 pia
2064 2292 2178 2361 officia
2200 2315 2266 2358 me·

1295 2395 1366 2462 reri
1384 2395 1537 2483 praemia
1551 2395 1588 2463 in
1604 2390 1669 2464 bae
1689 2395 1778 2474 vita,
1806 2406 1839 2462 et
1861 2406 1940 2483 post
1965 2389 2056 2463 hanc
2078 2393 2203 2473 vitam,
2227 2389 2267 2460 si-

1295 2509 1354 2565 eut
1370 2491 1534 2565 Christus
1548 2497 1683 2590 iuquit:
1711 2491 1828 2564 Amen
1848 2495 1928 2563 dico
1951 2497 2071 2582 vobis,
2105 2517 2178 2564 non
2198 2516 2266 2584 per·

1295 2594 1355 2669 det
1370 2599 1565 2666 mercedem
1584 2621 1697 2667 suam.

1597 2795 1929 2860 .1tec}ntnto.

1397 2901 1506 2973 Utilis
1536 2902 1659 2990 regula
1674 2901 1712 2969 in
1738 2900 1808 2968 fine
1830 2901 1949 2968 addita
1973 2914 2036 2970 est.
2089 2900 2217 2970 Fidelis
2237 2899 2267 2965 in

1296 3028 1425 3094 parvo,
1450 3003 1517 3072 erit
1533 3003 1570 3070 in
1591 3025 1719 3091 magno
1743 3001 1867 3074 tidelis.
1919 2999 1998 3070 Hoc
2022 3003 2157 3072 dictum
2180 3015 2268 3070 utro·

1297 3131 1364 3195 que
1390 3107 1496 3175 modo
1523 3105 1741 3192 intelligatur
1764 3104 1809 3169 de
1838 3103 1959 3174 debito
1980 3116 2015 3172 et
2038 3105 2082 3172 de
2108 3102 2267 3193 praemiis.

1294 3205 1465 3277 Debitum
1481 3221 1549 3290 est,
1567 3207 1659 3275 utin
1676 3203 1835 3300 qualibet
1851 3205 2036 3273 vocatione
2043 3255 2054 3288 ,
2075 3205 2151 3273 sive
2164 3225 2268 3295 parva,

1296 3310 1370 3377 sive
1384 3331 1512 3396 magna
1529 3327 1757 3394 agnoscamus
1773 3301 1930 3375 officium
1947 3329 2021 3375 esse
2038 3305 2218 3386 divinum,
2240 3315 2267 3368 et

1296 3412 1332 3479 in
1349 3409 1478 3477 timore
1493 3421 1527 3477 ει
1544 3409 1613 3477 lide
1628 3405 1927 3476 administremus.
1974 3406 2096 3480 ,David
2116 3409 2153 3474 in
2178 3427 2266 3472 voca·

1168 3567 1173 3576 ,
1296 3514 1393 3582 ιίοιιε
1426 3510 1550 3579 militis
1578 3510 1734 3598 agnoscit
1758 3507 1913 3576 officium
1937 3529 2010 3586 esse
2035 3508 2213 3590 divinum,
2241 3515 2268 3570 et

1297 3627 1441 3706 propter
1457 3609 1573 3680 Deum
1590 3623 1682 3681 recte
1705 3607 1949 3680 administrat:
1976 3633 2058 3699 ergo
2076 3610 2188 3680 multo
2204 3629 2268 3672 ma-

1295 3719 1348 3807 gis
1376 3727 1495 3805 postea
1529 3713 1661 3803 regiam
1693 3711 1915 3812 vocatiouem
1940 3711 2108 3800 intelligit
2129 3707 2268 3778 officium

1296 3839 1369 3887 esse
1384 3815 1559 3884 divinum.

1323 3906 1327 3913 ι

1397 3982 1468 4060 Sed
1492 3982 1646 4054 mundns
1672 3978 1810 4052 diverso
1832 3980 1940 4048 modo
1964 3977 2117 4062 iudicat,
2150 3977 2268 4048 leviora

1296 4087 1531 4178 negligentius
1555 4084 1645 4173 agit,
1686 4083 1777 4153 sicut
1796 4082 1903 4170 vulgo
1929 4080 2059 4149 milites
2089 4081 2272 4152 abutuntur

1297 4190 1424 4259 militia
1455 4190 1498 4257 ad
1532 4187 1752 4256 barbaricam
1783 4183 1981 4264 licentiam,
2016 4206 2094 4250 cum
2127 4180 2269 4270 requirat

250 4310 339 4370 ,sum
363 4285 407 4353 ad
428 4280 558 4349 Deum·
610 4271 750 4342 Deinde
773 4282 913 4336 mimi
938 4260 1162 4332 ¹³bif¹¹³⁰¹¹¹³
1185 4259 1246 4331 in·
1269 4273 1271 4338 Ὗ
1296 4288 1413 4373 Deus,
1428 4303 1468 4360 ut
1483 4309 1712 4376 agnoscamus
1727 4288 1772 4355 ab
1788 4287 1865 4377 ipso
1880 4285 1954 4372 regi
1969 4297 2001 4352 et
2020 4282 2169 4352 iudicari
2185 4299 2269 4348 sunt·

259 4386 465 4478 telligantur
488 4375 715 4450 tabernacula
739 4368 937 4450 Ecclesiae,
968 4365 1007 4432 in
1028 4359 1095 4432 hae
1118 4361 1189 4432 vita
1212 4375 1245 4429 et
1269 4351 1273 4468 'i
1297 4414 1371 4461 mas
1388 4408 1422 4462 e,
1440 4390 1529 4459 imas
1545 4388 1757 4460 vocationes·
1808 4385 1904 4475 Ergo
1921 4386 1958 4453 in
1975 4380 2042 4453 hoc
2062 4382 2157 4453 dicto
2182 4401 2269 4472 pm„

211 4545 213 4550 ,
260 4485 448 4584 posthanc
465 4482 595 4562 vitam,
612 4473 844 4546 etiateudum
864 4483 916 4539 est
929 4461 1016 4536 haec
1032 4465 1145 4533 officia
1163 4487 1245 4532 san-
1269 4474 1272 4565 t
1297 4494 1445 4585 cipum,
1469 4505 1509 4562 u,
1524 4491 1742 4562 volumnum
1760 4486 1825 4558 Dei
1843 4487 2117 4557 consideremus,

261 4593 397 4664 etonem
418 4582 545 4655 mereri
565 4577 721 4670 ingentia
744 4571 918 4666 praemia,
942 4569 982 4637 in
1002 4561 1070 4636 hac
1090 4567 1183 4657 vita,
1211 4577 1245 4633 et

260 4685 452 4788 posthanc
467 4687 587 4755 vitam.
1158 4769 1166 4787 .
1197 4769 1205 4785 ι

366 4790 560 4880 Sareptena
591 4781 718 4851 mulier
738 4777 913 4868 excipiens
937 4771 1070 4855 Eliam,
1097 4792 1246 4861 rerepre-

262 4901 369 4970 batur
385 4894 430 4962 ab
445 4914 486 4959 eo
503 4889 542 4956 in
565 4901 704 4955 aeterna
729 4877 976 4958 tabernacula,
1007 4875 1043 4944 id
1069 4885 1139 4955 est,
1172 4869 1248 4962 pri-

256 5009 361 5069 ‘mum
378 4997 417 5065 in
434 4989 629 5063 Ecclesiam
643 4985 793 5054 adducta
815 4995 867 5050 est
888 5001 974 5048 voce
992 4990 1028 5046 et
1048 4972 1246 5045 ministerio

1400 4659 1584 4745 Secundo,
1610 4662 1653 4729 de
1672 4659 1837 4750 praemiis
1860 4657 1965 4726 etiam
1988 4652 2204 4741 intelligatur
2223 4647 2269 4714 di-

1297 4777 1414 4836 ctum:
1441 4761 1599 4833 Habenti
1620 4761 1781 4840 dabitur,
1809 4775 1843 4831 ει
1866 4782 1884 4827 a
1907 4781 1982 4825 non
2004 4750 2159 4824 habente
2178 4751 2269 4820 etiam

1299 4868 1394 4960 quod
1411 4861 1516 4934 habet
1533 4864 1723 4936 auferetur.
1767 4861 1838 4950 Qui
1858 4863 1947 4928 bene
1961 4858 2073 4927 utitur
2088 4854 2189 4923 donis
2204 4848 2269 4925 Dei,

1298 4981 1454 5037 meretur
1470 4966 1707 5049 incrementa,
1737 4979 1776 5035 nt
1800 4961 2021 5049 Augustinus
2043 4957 2148 5026 dixit:
2183 4951 2270 5022 Dile-

263 5095 482 5192 Prophetae,
504 5113 609 5184 aquo
627 5086 751 5156 didicit
764 5081 962 5154 doctrinam
979 5079 1022 5148 de
1044 5099 1127 5147 vero
1149 5075 1247 5145 cultu
1271 5085 1274 5184 p
1299 5071 1368 5141 ctio
1384 5080 1538 5138 meretur
1554 5068 1812 5138 incrementum
1829 5060 2049 5144 dilectionis,
2075 5057 2230 5126 videlicet
2246 5049 2270 5117 si

263 5202 342 5276 Dei.
399 5196 539 5266 Deinde
571 5189 712 5260 mulieri
745 5184 903 5256 credenti
922 5194 957 5252 et
978 5176 1134 5272 pascenti
1156 5175 1274 5246 Pro-t
1303 5184 1515 5242 exerceatur.

263 5301 426 5402 phetam,
445 5295 543 5370 Deus
558 5283 809 5388 propterhanc
835 5287 1022 5379 pietatem,
1049 5296 1083 5352 et
1103 5293 1248 5372 propter
1271 5261 1274 5290 '
