<?xml version="1.0" encoding="UTF-8"?>
<!DOCTYPE html PUBLIC "-//W3C//DTD XHTML 1.0 Transitional//EN"
    "http://www.w3.org/TR/xhtml1/DTD/xhtml1-transitional.dtd">
<html xmlns="http://www.w3.org/1999/xhtml" xml:lang="en" lang="en">
 <head>
  <title>
</title>
<meta http-equiv="Content-Type" content="text/html;charset=utf-8" />
  <meta name='ocr-system' content='tesseract 3.04.00' />
  <meta name='ocr-capabilities' content='ocr_page ocr_carea ocr_par ocr_line ocrx_word'/>
</head>
<body>
  <div class='ocr_page' id='page_1' title='image "./corpusreformato24melagoog/corpusreformato24melagoog_0404.png"; bbox 0 0 4590 5808; ppageno 0'>
   <div class='ocr_carea' id='block_1_1' title="bbox 60 69 2108 200">
    <p class='ocr_par' dir='ltr' id='par_1_1' title="bbox 60 69 2108 200">
     <span class='ocr_line' id='line_1_1' title="bbox 60 69 2108 200; baseline -0.006 0"><span class='ocrx_word' id='word_1_1' title='bbox 60 123 123 200; x_wconf 83' lang='lat' dir='ltr'>cu</span> <span class='ocrx_word' id='word_1_2' title='bbox 273 105 815 195; x_wconf 79' lang='lat' dir='ltr'>-x11.annorarconrs</span> <span class='ocrx_word' id='word_1_3' title='bbox 839 111 906 190; x_wconf 85' lang='lat' dir='ltr'>rr</span> <span class='ocrx_word' id='word_1_4' title='bbox 928 107 1213 190; x_wconf 73' lang='lat' dir='ltr'>conciones</span> <span class='ocrx_word' id='word_1_5' title='bbox 1249 111 1301 188; x_wconf 78' lang='lat' dir='ltr'>nv</span> <span class='ocrx_word' id='word_1_6' title='bbox 1332 108 1514 191; x_wconf 80' lang='lat' dir='ltr'>ovano.</span> <span class='ocrx_word' id='word_1_7' title='bbox 1539 107 1822 192; x_wconf 74' lang='lat' dir='ltr'>narratur.</span> <span class='ocrx_word' id='word_1_8' title='bbox 1992 69 2108 192; x_wconf 80' lang='lat' dir='ltr'>eto</span> 
     </span>
    </p>
   </div>
   <div class='ocr_carea' id='block_1_2' title="bbox 48 283 2115 1097">
    <p class='ocr_par' dir='ltr' id='par_1_2' title="bbox 48 283 2115 1097">
     <span class='ocr_line' id='line_1_2' title="bbox 53 283 2064 384; baseline -0.007 -13"><span class='ocrx_word' id='word_1_9' title='bbox 53 297 94 372; x_wconf 89' lang='lat' dir='ltr'>Et</span> <span class='ocrx_word' id='word_1_10' title='bbox 120 299 161 368; x_wconf 89' lang='lat' dir='ltr'>de</span> <span class='ocrx_word' id='word_1_11' title='bbox 192 289 260 366; x_wconf 88' lang='lat' dir='ltr'>hoc</span> <span class='ocrx_word' id='word_1_12' title='bbox 290 289 463 364; x_wconf 77' lang='lat' dir='ltr'>beneficio</span> <span class='ocrx_word' id='word_1_13' title='bbox 493 287 611 384; x_wconf 85' lang='lat' dir='ltr'>inquit</span> <span class='ocrx_word' id='word_1_14' title='bbox 638 287 756 370; x_wconf 86' lang='lat' dir='ltr'>David</span> <span class='ocrx_word' id='word_1_15' title='bbox 784 284 915 361; x_wconf 82' lang='lat' dir='ltr'>Psalm-</span> <span class='ocrx_word' id='word_1_16' title='bbox 938 284 1022 360; x_wconf 66' lang='lat' dir='ltr'>sta</span> <span class='ocrx_word' id='word_1_17' title='bbox 1073 289 1156 360; x_wconf 88' lang='lat' dir='ltr'>deo:</span> <span class='ocrx_word' id='word_1_18' title='bbox 1182 285 1262 379; x_wconf 88' lang='lat' dir='ltr'>lpse</span> <span class='ocrx_word' id='word_1_19' title='bbox 1285 285 1380 358; x_wconf 86' lang='lat' dir='ltr'>filius</span> <span class='ocrx_word' id='word_1_20' title='bbox 1395 287 1485 369; x_wconf 90' lang='lat' dir='ltr'>Dei,</span> <span class='ocrx_word' id='word_1_21' title='bbox 1512 288 1550 358; x_wconf 93' lang='lat' dir='ltr'>in</span> <span class='ocrx_word' id='word_1_22' title='bbox 1569 311 1656 358; x_wconf 88' lang='lat' dir='ltr'>voce</span> <span class='ocrx_word' id='word_1_23' title='bbox 1670 283 1857 377; x_wconf 76' lang='lat' dir='ltr'>Evangelii</span> <span class='ocrx_word' id='word_1_24' title='bbox 1874 299 1908 358; x_wconf 91' lang='lat' dir='ltr'>et</span> <span class='ocrx_word' id='word_1_25' title='bbox 1923 287 2064 379; x_wconf 89' lang='lat' dir='ltr'>scriptis</span> 
     </span>
     <span class='ocr_line' id='line_1_3' title="bbox 54 383 2062 486; baseline -0.004 -17"><span class='ocrx_word' id='word_1_26' title='bbox 54 398 160 472; x_wconf 87' lang='lat' dir='ltr'>Unum</span> <span class='ocrx_word' id='word_1_27' title='bbox 175 391 571 486; x_wconf 86' lang='lat' dir='ltr'>hoepetiiaDomino,</span> <span class='ocrx_word' id='word_1_28' title='bbox 595 385 663 462; x_wconf 92' lang='lat' dir='ltr'>hoc</span> <span class='ocrx_word' id='word_1_29' title='bbox 679 391 878 484; x_wconf 79' lang='lat' dir='ltr'>requiram,</span> <span class='ocrx_word' id='word_1_30' title='bbox 903 383 1022 462; x_wconf 84' lang='lat' dir='ltr'>uthe-</span> <span class='ocrx_word' id='word_1_31' title='bbox 1071 390 1327 482; x_wconf 78' lang='lat' dir='ltr'><strong>Apostolorum</strong></span> <span class='ocrx_word' id='word_1_32' title='bbox 1356 405 1390 460; x_wconf 86' lang='lat' dir='ltr'>et</span> <span class='ocrx_word' id='word_1_33' title='bbox 1418 391 1457 460; x_wconf 91' lang='lat' dir='ltr'>in</span> <span class='ocrx_word' id='word_1_34' title='bbox 1487 388 1669 484; x_wconf 85' lang='lat' dir='ltr'>Symbolis</span> <span class='ocrx_word' id='word_1_35' title='bbox 1695 389 1801 460; x_wconf 85' lang='lat' dir='ltr'>iudex</span> <span class='ocrx_word' id='word_1_36' title='bbox 1832 401 1895 461; x_wconf 83' lang='lat' dir='ltr'>est.</span> <span class='ocrx_word' id='word_1_37' title='bbox 1946 386 2062 466; x_wconf 86' lang='lat' dir='ltr'>Arsi</span> 
     </span>
     <span class='ocr_line' id='line_1_4' title="bbox 51 490 2060 587; baseline -0.006 -13"><span class='ocrx_word' id='word_1_38' title='bbox 51 503 148 574; x_wconf 90' lang='lat' dir='ltr'>bitem</span> <span class='ocrx_word' id='word_1_39' title='bbox 183 499 223 568; x_wconf 90' lang='lat' dir='ltr'>in</span> <span class='ocrx_word' id='word_1_40' title='bbox 254 499 360 568; x_wconf 89' lang='lat' dir='ltr'>domo</span> <span class='ocrx_word' id='word_1_41' title='bbox 391 493 540 567; x_wconf 87' lang='lat' dir='ltr'>Domini</span> <span class='ocrx_word' id='word_1_42' title='bbox 573 493 740 564; x_wconf 85' lang='lat' dir='ltr'>omnibus</span> <span class='ocrx_word' id='word_1_43' title='bbox 772 492 898 564; x_wconf 86' lang='lat' dir='ltr'>diebus</span> <span class='ocrx_word' id='word_1_44' title='bbox 929 490 1023 562; x_wconf 87' lang='lat' dir='ltr'>vitae</span> <span class='ocrx_word' id='word_1_45' title='bbox 1072 493 1223 564; x_wconf 85' lang='lat' dir='ltr'>fideliter</span> <span class='ocrx_word' id='word_1_46' title='bbox 1254 493 1395 587; x_wconf 89' lang='lat' dir='ltr'>quaeris</span> <span class='ocrx_word' id='word_1_47' title='bbox 1425 493 1632 574; x_wconf 85' lang='lat' dir='ltr'>veritatem,</span> <span class='ocrx_word' id='word_1_48' title='bbox 1666 516 1735 561; x_wconf 82' lang='lat' dir='ltr'>vox</span> <span class='ocrx_word' id='word_1_49' title='bbox 1769 493 1891 562; x_wconf 89' lang='lat' dir='ltr'>divina</span> <span class='ocrx_word' id='word_1_50' title='bbox 1922 515 2060 585; x_wconf 88' lang='lat' dir='ltr'>nequa-</span> 
     </span>
     <span class='ocr_line' id='line_1_5' title="bbox 50 593 2115 691; baseline -0.007 -10"><span class='ocrx_word' id='word_1_51' title='bbox 50 627 150 681; x_wconf 80' lang='lat' dir='ltr'>meae,</span> <span class='ocrx_word' id='word_1_52' title='bbox 182 596 251 672; x_wconf 85' lang='lat' dir='ltr'>hoe</span> <span class='ocrx_word' id='word_1_53' title='bbox 272 613 340 678; x_wconf 81' lang='lat' dir='ltr'>esc,</span> <span class='ocrx_word' id='word_1_54' title='bbox 373 611 413 670; x_wconf 84' lang='lat' dir='ltr'>ur</span> <span class='ocrx_word' id='word_1_55' title='bbox 434 596 501 670; x_wconf 80' lang='lat' dir='ltr'>sim</span> <span class='ocrx_word' id='word_1_56' title='bbox 525 597 723 669; x_wconf 81' lang='lat' dir='ltr'>membrum</span> <span class='ocrx_word' id='word_1_57' title='bbox 746 618 786 666; x_wconf 80' lang='lat' dir='ltr'>ae</span> <span class='ocrx_word' id='word_1_58' title='bbox 808 593 896 679; x_wconf 74' lang='lat' dir='ltr'>‚civis</span> <span class='ocrx_word' id='word_1_59' title='bbox 917 613 1023 662; x_wconf 79' lang='lat' dir='ltr'>verae</span> <span class='ocrx_word' id='word_1_60' title='bbox 1072 619 1178 691; x_wconf 86' lang='lat' dir='ltr'>quam</span> <span class='ocrx_word' id='word_1_61' title='bbox 1198 609 1249 668; x_wconf 80' lang='lat' dir='ltr'>esc</span> <span class='ocrx_word' id='word_1_62' title='bbox 1273 596 1423 665; x_wconf 79' lang='lat' dir='ltr'>obscura</span> <span class='ocrx_word' id='word_1_63' title='bbox 1447 608 1509 666; x_wconf 83' lang='lat' dir='ltr'>aut</span> <span class='ocrx_word' id='word_1_64' title='bbox 1533 595 1717 684; x_wconf 79' lang='lat' dir='ltr'>ambigua,</span> <span class='ocrx_word' id='word_1_65' title='bbox 1752 608 1785 664; x_wconf 84' lang='lat' dir='ltr'>ec</span> <span class='ocrx_word' id='word_1_66' title='bbox 1805 607 1905 685; x_wconf 83' lang='lat' dir='ltr'>potes</span> <span class='ocrx_word' id='word_1_67' title='bbox 1925 594 2060 668; x_wconf 84' lang='lat' dir='ltr'>intelli·</span> <span class='ocrx_word' id='word_1_68' title='bbox 2112 648 2115 666; x_wconf 59' lang='lat'>,</span> 
     </span>
     <span class='ocr_line' id='line_1_6' title="bbox 50 691 2061 792; baseline -0.005 -16"><span class='ocrx_word' id='word_1_69' title='bbox 50 701 229 784; x_wconf 76' lang='lat' dir='ltr'>Ecclesiae,</span> <span class='ocrx_word' id='word_1_70' title='bbox 269 713 304 770; x_wconf 89' lang='lat' dir='ltr'>et</span> <span class='ocrx_word' id='word_1_71' title='bbox 335 723 356 770; x_wconf 92' lang='lat' dir='ltr'>a</span> <span class='ocrx_word' id='word_1_72' title='bbox 389 722 539 772; x_wconf 88' lang='lat' dir='ltr'>numero</span> <span class='ocrx_word' id='word_1_73' title='bbox 568 698 724 768; x_wconf 87' lang='lat' dir='ltr'>filiorum</span> <span class='ocrx_word' id='word_1_74' title='bbox 746 691 813 766; x_wconf 84' lang='lat' dir='ltr'>Dei</span> <span class='ocrx_word' id='word_1_75' title='bbox 836 715 1020 788; x_wconf 84' lang='lat' dir='ltr'>nunquam</span> <span class='ocrx_word' id='word_1_76' title='bbox 1072 722 1171 792; x_wconf 87' lang='lat' dir='ltr'>gere,</span> <span class='ocrx_word' id='word_1_77' title='bbox 1198 710 1319 768; x_wconf 92' lang='lat' dir='ltr'>utrum</span> <span class='ocrx_word' id='word_1_78' title='bbox 1344 709 1484 768; x_wconf 90' lang='lat' dir='ltr'>nostrae</span> <span class='ocrx_word' id='word_1_79' title='bbox 1500 691 1679 766; x_wconf 84' lang='lat' dir='ltr'>Ecclesiae</span> <span class='ocrx_word' id='word_1_80' title='bbox 1702 710 1762 767; x_wconf 90' lang='lat' dir='ltr'>aut</span> <span class='ocrx_word' id='word_1_81' title='bbox 1778 695 2061 768; x_wconf 84' lang='lat' dir='ltr'>Pontificiaeaut</span> 
     </span>
     <span class='ocr_line' id='line_1_7' title="bbox 51 797 2060 893; baseline -0.004 -17"><span class='ocrx_word' id='word_1_82' title='bbox 51 808 213 878; x_wconf 78' lang='lat' dir='ltr'>excludar.</span> <span class='ocrx_word' id='word_1_83' title='bbox 265 797 314 874; x_wconf 92' lang='lat' dir='ltr'>Et</span> <span class='ocrx_word' id='word_1_84' title='bbox 326 823 391 872; x_wconf 87' lang='lat' dir='ltr'>vos</span> <span class='ocrx_word' id='word_1_85' title='bbox 415 802 506 890; x_wconf 83' lang='lat' dir='ltr'>agite</span> <span class='ocrx_word' id='word_1_86' title='bbox 522 797 598 872; x_wconf 89' lang='lat' dir='ltr'>Deo</span> <span class='ocrx_word' id='word_1_87' title='bbox 620 799 750 890; x_wconf 86' lang='lat' dir='ltr'>gratias</span> <span class='ocrx_word' id='word_1_88' title='bbox 772 811 845 870; x_wconf 92' lang='lat' dir='ltr'>toto</span> <span class='ocrx_word' id='word_1_89' title='bbox 869 808 1021 890; x_wconf 87' lang='lat' dir='ltr'>pectore,</span> <span class='ocrx_word' id='word_1_90' title='bbox 1070 798 1387 893; x_wconf 85' lang='lat' dir='ltr'>Anabaptistarom</span> <span class='ocrx_word' id='word_1_91' title='bbox 1410 823 1490 869; x_wconf 89' lang='lat' dir='ltr'>eum</span> <span class='ocrx_word' id='word_1_92' title='bbox 1513 821 1597 868; x_wconf 89' lang='lat' dir='ltr'>voce</span> <span class='ocrx_word' id='word_1_93' title='bbox 1612 798 1735 867; x_wconf 90' lang='lat' dir='ltr'>divina</span> <span class='ocrx_word' id='word_1_94' title='bbox 1753 799 1959 889; x_wconf 89' lang='lat' dir='ltr'>incorrupta</span> <span class='ocrx_word' id='word_1_95' title='bbox 1974 822 2060 869; x_wconf 90' lang='lat' dir='ltr'>con-</span> 
     </span>
     <span class='ocr_line' id='line_1_8' title="bbox 49 894 2059 992; baseline -0.005 -12"><span class='ocrx_word' id='word_1_96' title='bbox 49 907 171 980; x_wconf 87' lang='lat' dir='ltr'>etiamsi</span> <span class='ocrx_word' id='word_1_97' title='bbox 194 907 310 979; x_wconf 78' lang='lat' dir='ltr'>tristes</span> <span class='ocrx_word' id='word_1_98' title='bbox 333 905 405 974; x_wconf 86' lang='lat' dir='ltr'>sint</span> <span class='ocrx_word' id='word_1_99' title='bbox 426 926 615 974; x_wconf 88' lang='lat' dir='ltr'>aerumnae</span> <span class='ocrx_word' id='word_1_100' title='bbox 646 897 754 972; x_wconf 91' lang='lat' dir='ltr'>huius</span> <span class='ocrx_word' id='word_1_101' title='bbox 777 900 887 985; x_wconf 89' lang='lat' dir='ltr'>vitae,</span> <span class='ocrx_word' id='word_1_102' title='bbox 924 899 1020 992; x_wconf 89' lang='lat' dir='ltr'>quod</span> <span class='ocrx_word' id='word_1_103' title='bbox 1071 899 1237 974; x_wconf 77' lang='lat' dir='ltr'>sentiant.</span> <span class='ocrx_word' id='word_1_104' title='bbox 1291 899 1448 973; x_wconf 87' lang='lat' dir='ltr'>Tantum</span> <span class='ocrx_word' id='word_1_105' title='bbox 1471 901 1622 972; x_wconf 89' lang='lat' dir='ltr'>retineto</span> <span class='ocrx_word' id='word_1_106' title='bbox 1643 900 1682 968; x_wconf 90' lang='lat' dir='ltr'>in</span> <span class='ocrx_word' id='word_1_107' title='bbox 1704 894 1770 970; x_wconf 87' lang='lat' dir='ltr'>hac</span> <span class='ocrx_word' id='word_1_108' title='bbox 1788 901 2059 991; x_wconf 79' lang='lat' dir='ltr'>investigatione</span> 
     </span>
     <span class='ocr_line' id='line_1_9' title="bbox 48 997 2062 1097; baseline -0.004 -16"><span class='ocrx_word' id='word_1_109' title='bbox 48 1009 214 1082; x_wconf 87' lang='lat' dir='ltr'>tamenin</span> <span class='ocrx_word' id='word_1_110' title='bbox 240 1005 303 1078; x_wconf 90' lang='lat' dir='ltr'>tali</span> <span class='ocrx_word' id='word_1_111' title='bbox 323 1017 427 1077; x_wconf 85' lang='lat' dir='ltr'>coetu</span> <span class='ocrx_word' id='word_1_112' title='bbox 443 1003 580 1084; x_wconf 86' lang='lat' dir='ltr'>vivitis,</span> <span class='ocrx_word' id='word_1_113' title='bbox 612 1003 674 1097; x_wconf 89' lang='lat' dir='ltr'>qui</span> <span class='ocrx_word' id='word_1_114' title='bbox 697 1025 777 1072; x_wconf 88' lang='lat' dir='ltr'>vere</span> <span class='ocrx_word' id='word_1_115' title='bbox 799 1016 851 1072; x_wconf 89' lang='lat' dir='ltr'>est</span> <span class='ocrx_word' id='word_1_116' title='bbox 863 997 1022 1072; x_wconf 87' lang='lat' dir='ltr'>Ecclesia</span> <span class='ocrx_word' id='word_1_117' title='bbox 1071 1007 1278 1076; x_wconf 91' lang='lat' dir='ltr'>mandatum</span> <span class='ocrx_word' id='word_1_118' title='bbox 1310 1002 1532 1074; x_wconf 87' lang='lat' dir='ltr'>immutabile</span> <span class='ocrx_word' id='word_1_119' title='bbox 1560 1002 1694 1072; x_wconf 88' lang='lat' dir='ltr'>aeterni</span> <span class='ocrx_word' id='word_1_120' title='bbox 1715 1001 1830 1072; x_wconf 88' lang='lat' dir='ltr'>Patris</span> <span class='ocrx_word' id='word_1_121' title='bbox 1859 1026 1989 1074; x_wconf 91' lang='lat' dir='ltr'>sonans</span> <span class='ocrx_word' id='word_1_122' title='bbox 2017 1005 2062 1073; x_wconf 92' lang='lat' dir='ltr'>de</span> 
     </span>
    </p>
   </div>
   <div class='ocr_carea' id='block_1_3' title="bbox 49 1099 2270 1203">
    <p class='ocr_par' dir='ltr' id='par_1_3' title="bbox 49 1099 2270 1203">
     <span class='ocr_line' id='line_1_10' title="bbox 49 1099 2270 1203; baseline -0.005 -21"><span class='ocrx_word' id='word_1_123' title='bbox 49 1113 121 1195; x_wconf 89' lang='lat' dir='ltr'>Dei,</span> <span class='ocrx_word' id='word_1_124' title='bbox 148 1133 238 1203; x_wconf 87' lang='lat' dir='ltr'>quae</span> <span class='ocrx_word' id='word_1_125' title='bbox 254 1109 368 1178; x_wconf 91' lang='lat' dir='ltr'>Deum</span> <span class='ocrx_word' id='word_1_126' title='bbox 386 1121 479 1178; x_wconf 86' lang='lat' dir='ltr'>recte</span> <span class='ocrx_word' id='word_1_127' title='bbox 496 1105 638 1177; x_wconf 87' lang='lat' dir='ltr'>invocat</span> <span class='ocrx_word' id='word_1_128' title='bbox 652 1129 692 1174; x_wconf 87' lang='lat' dir='ltr'>ac</span> <span class='ocrx_word' id='word_1_129' title='bbox 706 1105 802 1178; x_wconf 82' lang='lat' dir='ltr'>colit.</span> <span class='ocrx_word' id='word_1_130' title='bbox 860 1099 910 1174; x_wconf 85' lang='lat' dir='ltr'>Et</span> <span class='ocrx_word' id='word_1_131' title='bbox 924 1115 1022 1174; x_wconf 84' lang='lat' dir='ltr'>orate</span> <span class='ocrx_word' id='word_1_132' title='bbox 1071 1108 1188 1178; x_wconf 89' lang='lat' dir='ltr'>coelo:</span> <span class='ocrx_word' id='word_1_133' title='bbox 1215 1105 1285 1176; x_wconf 90' lang='lat' dir='ltr'>Hic</span> <span class='ocrx_word' id='word_1_134' title='bbox 1300 1120 1351 1176; x_wconf 88' lang='lat' dir='ltr'>est</span> <span class='ocrx_word' id='word_1_135' title='bbox 1366 1105 1460 1174; x_wconf 84' lang='lat' dir='ltr'>filius</span> <span class='ocrx_word' id='word_1_136' title='bbox 1477 1129 1596 1188; x_wconf 91' lang='lat' dir='ltr'>meus,</span> <span class='ocrx_word' id='word_1_137' title='bbox 1622 1105 1782 1188; x_wconf 91' lang='lat' dir='ltr'>dilectus,</span> <span class='ocrx_word' id='word_1_138' title='bbox 1808 1128 1879 1197; x_wconf 91' lang='lat' dir='ltr'>quo</span> <span class='ocrx_word' id='word_1_139' title='bbox 1895 1104 2061 1192; x_wconf 89' lang='lat' dir='ltr'>delector,</span> <span class='ocrx_word' id='word_1_140' title='bbox 2137 1121 2141 1130; x_wconf 66' lang='lat'><strong>⁴</strong></span> <span class='ocrx_word' id='word_1_141' title='bbox 2267 1105 2270 1114; x_wconf 82' lang='lat'><em>&#39;</em></span> 
     </span>
    </p>
   </div>
   <div class='ocr_carea' id='block_1_4' title="bbox 47 1200 2145 5380">
    <p class='ocr_par' dir='ltr' id='par_1_4' title="bbox 47 1200 2145 5380">
     <span class='ocr_line' id='line_1_11' title="bbox 48 1200 2090 1284; baseline -0.002 0"><span class='ocrx_word' id='word_1_142' title='bbox 48 1215 145 1284; x_wconf 84' lang='lat' dir='ltr'>filium</span> <span class='ocrx_word' id='word_1_143' title='bbox 170 1210 238 1283; x_wconf 88' lang='lat' dir='ltr'>Dei</span> <span class='ocrx_word' id='word_1_144' title='bbox 260 1208 457 1281; x_wconf 83' lang='lat' dir='ltr'>Dominum</span> <span class='ocrx_word' id='word_1_145' title='bbox 489 1222 651 1280; x_wconf 82' lang='lat' dir='ltr'>nostrum</span> <span class='ocrx_word' id='word_1_146' title='bbox 682 1202 798 1277; x_wconf 72' lang='lat' dir='ltr'>lesum</span> <span class='ocrx_word' id='word_1_147' title='bbox 826 1200 1022 1283; x_wconf 69' lang='lat' dir='ltr'>Christum,</span> <span class='ocrx_word' id='word_1_148' title='bbox 1071 1205 1168 1282; x_wconf 93' lang='lat' dir='ltr'>hunc</span> <span class='ocrx_word' id='word_1_149' title='bbox 1191 1209 1322 1282; x_wconf 87' lang='lat' dir='ltr'>audite.</span> <span class='ocrx_word' id='word_1_150' title='bbox 1375 1205 1453 1276; x_wconf 85' lang='lat' dir='ltr'>Vox</span> <span class='ocrx_word' id='word_1_151' title='bbox 1478 1220 1529 1276; x_wconf 90' lang='lat' dir='ltr'>est</span> <span class='ocrx_word' id='word_1_152' title='bbox 1551 1205 1656 1277; x_wconf 91' lang='lat' dir='ltr'>sicuti</span> <span class='ocrx_word' id='word_1_153' title='bbox 1679 1205 1777 1275; x_wconf 92' lang='lat' dir='ltr'>vides</span> <span class='ocrx_word' id='word_1_154' title='bbox 1794 1205 1909 1276; x_wconf 88' lang='lat' dir='ltr'>Patris</span> <span class='ocrx_word' id='word_1_155' title='bbox 1926 1206 2061 1279; x_wconf 89' lang='lat' dir='ltr'>aeterni</span> <span class='ocrx_word' id='word_1_156' title='bbox 2087 1263 2090 1266; x_wconf 88' lang='lat'>-</span> 
     </span>
     <span class='ocr_line' id='line_1_12' title="bbox 48 1305 2060 1407; baseline -0.005 -21"><span class='ocrx_word' id='word_1_157' title='bbox 48 1330 80 1386; x_wconf 93' lang='lat' dir='ltr'>ut</span> <span class='ocrx_word' id='word_1_158' title='bbox 95 1327 263 1407; x_wconf 87' lang='lat' dir='ltr'>perpetuo</span> <span class='ocrx_word' id='word_1_159' title='bbox 280 1325 458 1384; x_wconf 84' lang='lat' dir='ltr'>aeternam</span> <span class='ocrx_word' id='word_1_160' title='bbox 469 1305 662 1380; x_wconf 85' lang='lat' dir='ltr'>Ecclesiam</span> <span class='ocrx_word' id='word_1_161' title='bbox 680 1309 773 1382; x_wconf 90' lang='lat' dir='ltr'>inter</span> <span class='ocrx_word' id='word_1_162' title='bbox 787 1331 852 1378; x_wconf 91' lang='lat' dir='ltr'>nos</span> <span class='ocrx_word' id='word_1_163' title='bbox 868 1307 1022 1396; x_wconf 87' lang='lat' dir='ltr'>colligat,</span> <span class='ocrx_word' id='word_1_164' title='bbox 1071 1337 1136 1382; x_wconf 88' lang='lat' dir='ltr'>nec</span> <span class='ocrx_word' id='word_1_165' title='bbox 1155 1314 1324 1397; x_wconf 84' lang='lat' dir='ltr'>obscure,</span> <span class='ocrx_word' id='word_1_166' title='bbox 1350 1334 1415 1379; x_wconf 90' lang='lat' dir='ltr'>nec</span> <span class='ocrx_word' id='word_1_167' title='bbox 1437 1309 1620 1400; x_wconf 90' lang='lat' dir='ltr'>ambigua,</span> <span class='ocrx_word' id='word_1_168' title='bbox 1647 1309 1823 1378; x_wconf 89' lang='lat' dir='ltr'>deducens</span> <span class='ocrx_word' id='word_1_169' title='bbox 1838 1322 1872 1378; x_wconf 93' lang='lat' dir='ltr'>te</span> <span class='ocrx_word' id='word_1_170' title='bbox 1886 1309 1930 1378; x_wconf 92' lang='lat' dir='ltr'>ad</span> <span class='ocrx_word' id='word_1_171' title='bbox 1945 1331 2060 1377; x_wconf 91' lang='lat' dir='ltr'>unum</span> 
     </span>
     <span class='ocr_line' id='line_1_13' title="bbox 48 1406 2060 1505; baseline -0.003 -19"><span class='ocrx_word' id='word_1_172' title='bbox 48 1431 162 1501; x_wconf 88' lang='lat' dir='ltr'>servet,</span> <span class='ocrx_word' id='word_1_173' title='bbox 190 1426 361 1504; x_wconf 73' lang='lat' dir='ltr'>reteget,</span> <span class='ocrx_word' id='word_1_174' title='bbox 387 1411 477 1484; x_wconf 89' lang='lat' dir='ltr'>sicut</span> <span class='ocrx_word' id='word_1_175' title='bbox 494 1413 569 1503; x_wconf 90' lang='lat' dir='ltr'>ipse</span> <span class='ocrx_word' id='word_1_176' title='bbox 585 1406 1023 1505; x_wconf 83' lang='lat' dir='ltr'>precaturaeteruumPa·</span> <span class='ocrx_word' id='word_1_177' title='bbox 1071 1417 1252 1484; x_wconf 91' lang='lat' dir='ltr'>doctorem</span> <span class='ocrx_word' id='word_1_178' title='bbox 1284 1426 1317 1482; x_wconf 89' lang='lat' dir='ltr'>et</span> <span class='ocrx_word' id='word_1_179' title='bbox 1340 1410 1515 1496; x_wconf 85' lang='lat' dir='ltr'>iudicem,</span> <span class='ocrx_word' id='word_1_180' title='bbox 1549 1412 1662 1482; x_wconf 87' lang='lat' dir='ltr'>filiurn</span> <span class='ocrx_word' id='word_1_181' title='bbox 1684 1407 1751 1479; x_wconf 88' lang='lat' dir='ltr'>Dei</span> <span class='ocrx_word' id='word_1_182' title='bbox 1774 1407 1970 1484; x_wconf 90' lang='lat' dir='ltr'>Dominum</span> <span class='ocrx_word' id='word_1_183' title='bbox 1993 1434 2060 1480; x_wconf 91' lang='lat' dir='ltr'>no·-</span> 
     </span>
     <span class='ocr_line' id='line_1_14' title="bbox 47 1507 2060 1608; baseline -0.005 -18"><span class='ocrx_word' id='word_1_184' title='bbox 47 1535 136 1591; x_wconf 90' lang='lat' dir='ltr'>trem:</span> <span class='ocrx_word' id='word_1_185' title='bbox 162 1517 289 1608; x_wconf 88' lang='lat' dir='ltr'>Pater,</span> <span class='ocrx_word' id='word_1_186' title='bbox 316 1537 415 1586; x_wconf 86' lang='lat' dir='ltr'>serva</span> <span class='ocrx_word' id='word_1_187' title='bbox 440 1536 500 1583; x_wconf 85' lang='lat' dir='ltr'>eos</span> <span class='ocrx_word' id='word_1_188' title='bbox 515 1515 555 1582; x_wconf 94' lang='lat' dir='ltr'>in</span> <span class='ocrx_word' id='word_1_189' title='bbox 571 1513 717 1584; x_wconf 91' lang='lat' dir='ltr'>nomine</span> <span class='ocrx_word' id='word_1_190' title='bbox 733 1526 815 1598; x_wconf 90' lang='lat' dir='ltr'>tuo,</span> <span class='ocrx_word' id='word_1_191' title='bbox 840 1511 1028 1583; x_wconf 81' lang='lat' dir='ltr'>sanctifica</span> <span class='ocrx_word' id='word_1_192' title='bbox 1066 1532 1184 1587; x_wconf 84' lang='lat' dir='ltr'>strum</span> <span class='ocrx_word' id='word_1_193' title='bbox 1202 1513 1317 1584; x_wconf 90' lang='lat' dir='ltr'>lesum</span> <span class='ocrx_word' id='word_1_194' title='bbox 1328 1509 1527 1598; x_wconf 85' lang='lat' dir='ltr'>Christum,</span> <span class='ocrx_word' id='word_1_195' title='bbox 1554 1537 1659 1607; x_wconf 88' lang='lat' dir='ltr'>quem</span> <span class='ocrx_word' id='word_1_196' title='bbox 1676 1515 1783 1583; x_wconf 88' lang='lat' dir='ltr'>debes</span> <span class='ocrx_word' id='word_1_197' title='bbox 1797 1512 1933 1586; x_wconf 87' lang='lat' dir='ltr'>audire.</span> <span class='ocrx_word' id='word_1_198' title='bbox 1985 1507 2060 1581; x_wconf 87' lang='lat' dir='ltr'>Eo-</span> 
     </span>
     <span class='ocr_line' id='line_1_15' title="bbox 49 1612 2060 1708; baseline -0.004 -18"><span class='ocrx_word' id='word_1_199' title='bbox 49 1646 97 1690; x_wconf 90' lang='lat' dir='ltr'>eos</span> <span class='ocrx_word' id='word_1_200' title='bbox 118 1621 153 1689; x_wconf 94' lang='lat' dir='ltr'>in</span> <span class='ocrx_word' id='word_1_201' title='bbox 172 1618 322 1690; x_wconf 78' lang='lat' dir='ltr'>veritate</span> <span class='ocrx_word' id='word_1_202' title='bbox 338 1629 418 1700; x_wconf 86' lang='lat' dir='ltr'>tua,</span> <span class='ocrx_word' id='word_1_203' title='bbox 444 1637 559 1684; x_wconf 88' lang='lat' dir='ltr'>sermo</span> <span class='ocrx_word' id='word_1_204' title='bbox 575 1629 657 1686; x_wconf 90' lang='lat' dir='ltr'>tuus</span> <span class='ocrx_word' id='word_1_205' title='bbox 675 1628 727 1686; x_wconf 88' lang='lat' dir='ltr'>est</span> <span class='ocrx_word' id='word_1_206' title='bbox 743 1615 891 1703; x_wconf 89' lang='lat' dir='ltr'>veritas,</span> <span class='ocrx_word' id='word_1_207' title='bbox 917 1612 1023 1685; x_wconf 83' lang='lat' dir='ltr'>Pater</span> <span class='ocrx_word' id='word_1_208' title='bbox 1073 1621 1153 1690; x_wconf 88' lang='lat' dir='ltr'>dem</span> <span class='ocrx_word' id='word_1_209' title='bbox 1172 1620 1332 1687; x_wconf 89' lang='lat' dir='ltr'>modoet</span> <span class='ocrx_word' id='word_1_210' title='bbox 1352 1613 1485 1686; x_wconf 84' lang='lat' dir='ltr'>Paulus</span> <span class='ocrx_word' id='word_1_211' title='bbox 1502 1615 1630 1686; x_wconf 85' lang='lat' dir='ltr'>diserte</span> <span class='ocrx_word' id='word_1_212' title='bbox 1649 1615 1783 1708; x_wconf 92' lang='lat' dir='ltr'>inquit:</span> <span class='ocrx_word' id='word_1_213' title='bbox 1809 1613 1849 1687; x_wconf 86' lang='lat' dir='ltr'>si</span> <span class='ocrx_word' id='word_1_214' title='bbox 1867 1615 1947 1707; x_wconf 89' lang='lat' dir='ltr'>quis</span> <span class='ocrx_word' id='word_1_215' title='bbox 1960 1614 2060 1683; x_wconf 91' lang='lat' dir='ltr'>aliud</span> 
     </span>
     <span class='ocr_line' id='line_1_16' title="bbox 49 1710 2060 1810; baseline -0.004 -20"><span class='ocrx_word' id='word_1_216' title='bbox 49 1739 147 1794; x_wconf 83' lang='lat' dir='ltr'>sancte</span> <span class='ocrx_word' id='word_1_217' title='bbox 160 1744 264 1792; x_wconf 88' lang='lat' dir='ltr'>serva</span> <span class='ocrx_word' id='word_1_218' title='bbox 280 1743 340 1791; x_wconf 87' lang='lat' dir='ltr'>eos</span> <span class='ocrx_word' id='word_1_219' title='bbox 353 1719 392 1788; x_wconf 90' lang='lat' dir='ltr'>in</span> <span class='ocrx_word' id='word_1_220' title='bbox 408 1716 554 1787; x_wconf 88' lang='lat' dir='ltr'>nomine</span> <span class='ocrx_word' id='word_1_221' title='bbox 571 1730 645 1801; x_wconf 92' lang='lat' dir='ltr'>tuo,</span> <span class='ocrx_word' id='word_1_222' title='bbox 667 1739 756 1810; x_wconf 89' lang='lat' dir='ltr'>quos</span> <span class='ocrx_word' id='word_1_223' title='bbox 772 1716 902 1787; x_wconf 90' lang='lat' dir='ltr'>dedisti</span> <span class='ocrx_word' id='word_1_224' title='bbox 921 1710 1022 1799; x_wconf 90' lang='lat' dir='ltr'>mihi,</span> <span class='ocrx_word' id='word_1_225' title='bbox 1072 1719 1307 1810; x_wconf 74' lang='lat' dir='ltr'>Evangelium</span> <span class='ocrx_word' id='word_1_226' title='bbox 1329 1722 1449 1803; x_wconf 81' lang='lat' dir='ltr'>docet,</span> <span class='ocrx_word' id='word_1_227' title='bbox 1481 1714 1682 1788; x_wconf 85' lang='lat' dir='ltr'>Anathema</span> <span class='ocrx_word' id='word_1_228' title='bbox 1706 1717 1761 1787; x_wconf 88' lang='lat' dir='ltr'>sit.</span> <span class='ocrx_word' id='word_1_229' title='bbox 1803 1714 1897 1786; x_wconf 81' lang='lat' dir='ltr'>Hae</span> <span class='ocrx_word' id='word_1_230' title='bbox 1920 1717 2060 1805; x_wconf 83' lang='lat' dir='ltr'>regulae</span> 
     </span>
     <span class='ocr_line' id='line_1_17' title="bbox 48 1805 2061 1914; baseline -0.003 -20"><span class='ocrx_word' id='word_1_231' title='bbox 48 1838 79 1894; x_wconf 90' lang='lat' dir='ltr'>ut</span> <span class='ocrx_word' id='word_1_232' title='bbox 97 1827 164 1894; x_wconf 87' lang='lat' dir='ltr'>siut</span> <span class='ocrx_word' id='word_1_233' title='bbox 179 1845 315 1907; x_wconf 91' lang='lat' dir='ltr'>unum,</span> <span class='ocrx_word' id='word_1_234' title='bbox 339 1820 430 1892; x_wconf 89' lang='lat' dir='ltr'>sicut</span> <span class='ocrx_word' id='word_1_235' title='bbox 446 1834 481 1890; x_wconf 92' lang='lat' dir='ltr'>et</span> <span class='ocrx_word' id='word_1_236' title='bbox 498 1841 584 1902; x_wconf 90' lang='lat' dir='ltr'>nos,</span> <span class='ocrx_word' id='word_1_237' title='bbox 609 1832 650 1890; x_wconf 92' lang='lat' dir='ltr'>ut</span> <span class='ocrx_word' id='word_1_238' title='bbox 667 1840 792 1888; x_wconf 88' lang='lat' dir='ltr'>omnes</span> <span class='ocrx_word' id='word_1_239' title='bbox 807 1829 921 1890; x_wconf 88' lang='lat' dir='ltr'>unum</span> <span class='ocrx_word' id='word_1_240' title='bbox 935 1817 1021 1900; x_wconf 90' lang='lat' dir='ltr'>sint,</span> <span class='ocrx_word' id='word_1_241' title='bbox 1072 1847 1217 1892; x_wconf 88' lang='lat' dir='ltr'>normae</span> <span class='ocrx_word' id='word_1_242' title='bbox 1246 1822 1336 1904; x_wconf 92' lang='lat' dir='ltr'>sint,</span> <span class='ocrx_word' id='word_1_243' title='bbox 1370 1843 1457 1914; x_wconf 89' lang='lat' dir='ltr'>quas</span> <span class='ocrx_word' id='word_1_244' title='bbox 1483 1821 1521 1888; x_wconf 91' lang='lat' dir='ltr'>in</span> <span class='ocrx_word' id='word_1_245' title='bbox 1542 1820 1735 1892; x_wconf 84' lang='lat' dir='ltr'>iudicando</span> <span class='ocrx_word' id='word_1_246' title='bbox 1760 1818 1937 1912; x_wconf 87' lang='lat' dir='ltr'>sequaris,</span> <span class='ocrx_word' id='word_1_247' title='bbox 1954 1805 2061 1913; x_wconf 76' lang='lat' dir='ltr'>&#39;quae</span> 
     </span>
     <span class='ocr_line' id='line_1_18' title="bbox 49 1918 2061 2014; baseline 0 -25"><span class='ocrx_word' id='word_1_248' title='bbox 49 1926 120 1996; x_wconf 80' lang='lat' dir='ltr'>sieut</span> <span class='ocrx_word' id='word_1_249' title='bbox 134 1939 171 1995; x_wconf 89' lang='lat' dir='ltr'>tu</span> <span class='ocrx_word' id='word_1_250' title='bbox 186 1923 294 1994; x_wconf 86' lang='lat' dir='ltr'>Pater</span> <span class='ocrx_word' id='word_1_251' title='bbox 314 1921 354 1990; x_wconf 90' lang='lat' dir='ltr'>in</span> <span class='ocrx_word' id='word_1_252' title='bbox 371 1943 444 2007; x_wconf 86' lang='lat' dir='ltr'>me,</span> <span class='ocrx_word' id='word_1_253' title='bbox 478 1933 600 2010; x_wconf 88' lang='lat' dir='ltr'>etego</span> <span class='ocrx_word' id='word_1_254' title='bbox 624 1919 738 2004; x_wconf 90' lang='lat' dir='ltr'>inte,</span> <span class='ocrx_word' id='word_1_255' title='bbox 771 1933 805 1991; x_wconf 90' lang='lat' dir='ltr'>et</span> <span class='ocrx_word' id='word_1_256' title='bbox 829 1932 870 1990; x_wconf 92' lang='lat' dir='ltr'>ut</span> <span class='ocrx_word' id='word_1_257' title='bbox 892 1918 961 2010; x_wconf 89' lang='lat' dir='ltr'>ipsi</span> <span class='ocrx_word' id='word_1_258' title='bbox 983 1919 1022 1986; x_wconf 89' lang='lat' dir='ltr'>in</span> <span class='ocrx_word' id='word_1_259' title='bbox 1071 1927 1119 1994; x_wconf 90' lang='lat' dir='ltr'>sit</span> <span class='ocrx_word' id='word_1_260' title='bbox 1140 1947 1220 1994; x_wconf 89' lang='lat' dir='ltr'>vera</span> <span class='ocrx_word' id='word_1_261' title='bbox 1245 1922 1301 1991; x_wconf 90' lang='lat' dir='ltr'>vel</span> <span class='ocrx_word' id='word_1_262' title='bbox 1324 1923 1412 1992; x_wconf 82' lang='lat' dir='ltr'>falsa</span> <span class='ocrx_word' id='word_1_263' title='bbox 1429 1921 1496 1991; x_wconf 91' lang='lat' dir='ltr'>Dei</span> <span class='ocrx_word' id='word_1_264' title='bbox 1510 1919 1679 1992; x_wconf 89' lang='lat' dir='ltr'>Ecclesia.</span> <span class='ocrx_word' id='word_1_265' title='bbox 1732 1919 1824 1992; x_wconf 91' lang='lat' dir='ltr'>Cum</span> <span class='ocrx_word' id='word_1_266' title='bbox 1845 1932 1978 2014; x_wconf 85' lang='lat' dir='ltr'>pugnat</span> <span class='ocrx_word' id='word_1_267' title='bbox 1995 1921 2061 1990; x_wconf 93' lang='lat' dir='ltr'>do-</span> 
     </span>
     <span class='ocr_line' id='line_1_19' title="bbox 48 2017 2060 2114; baseline -0.002 -20"><span class='ocrx_word' id='word_1_268' title='bbox 48 2024 360 2097; x_wconf 85' lang='lat' dir='ltr'>nobisunumsint.</span> <span class='ocrx_word' id='word_1_269' title='bbox 413 2020 511 2091; x_wconf 90' lang='lat' dir='ltr'>ldem</span> <span class='ocrx_word' id='word_1_270' title='bbox 529 2045 753 2114; x_wconf 90' lang='lat' dir='ltr'>nosquoque</span> <span class='ocrx_word' id='word_1_271' title='bbox 772 2017 1021 2091; x_wconf 86' lang='lat' dir='ltr'>cumDomino</span> <span class='ocrx_word' id='word_1_272' title='bbox 1071 2025 1185 2095; x_wconf 86' lang='lat' dir='ltr'>ctrina</span> <span class='ocrx_word' id='word_1_273' title='bbox 1205 2049 1284 2093; x_wconf 93' lang='lat' dir='ltr'>cum</span> <span class='ocrx_word' id='word_1_274' title='bbox 1305 2045 1464 2114; x_wconf 84' lang='lat' dir='ltr'>expressa</span> <span class='ocrx_word' id='word_1_275' title='bbox 1481 2045 1566 2091; x_wconf 89' lang='lat' dir='ltr'>voce</span> <span class='ocrx_word' id='word_1_276' title='bbox 1582 2019 1790 2110; x_wconf 87' lang='lat' dir='ltr'>Evangelii,</span> <span class='ocrx_word' id='word_1_277' title='bbox 1818 2023 1874 2094; x_wconf 92' lang='lat' dir='ltr'>vel</span> <span class='ocrx_word' id='word_1_278' title='bbox 1889 2047 1969 2091; x_wconf 87' lang='lat' dir='ltr'>eum</span> <span class='ocrx_word' id='word_1_279' title='bbox 1986 2045 2060 2091; x_wconf 90' lang='lat' dir='ltr'>uno</span> 
     </span>
     <span class='ocr_line' id='line_1_20' title="bbox 49 2121 2060 2220; baseline -0.002 -24"><span class='ocrx_word' id='word_1_280' title='bbox 49 2143 150 2198; x_wconf 89' lang='lat' dir='ltr'>nostro</span> <span class='ocrx_word' id='word_1_281' title='bbox 164 2127 248 2200; x_wconf 91' lang='lat' dir='ltr'>lesu</span> <span class='ocrx_word' id='word_1_282' title='bbox 261 2121 404 2198; x_wconf 91' lang='lat' dir='ltr'>Christo</span> <span class='ocrx_word' id='word_1_283' title='bbox 422 2146 626 2216; x_wconf 89' lang='lat' dir='ltr'>precemur,</span> <span class='ocrx_word' id='word_1_284' title='bbox 655 2137 691 2193; x_wconf 93' lang='lat' dir='ltr'>et</span> <span class='ocrx_word' id='word_1_285' title='bbox 713 2123 806 2192; x_wconf 88' lang='lat' dir='ltr'>veris</span> <span class='ocrx_word' id='word_1_286' title='bbox 831 2121 1020 2211; x_wconf 71' lang='lat' dir='ltr'>gemitibus</span> <span class='ocrx_word' id='word_1_287' title='bbox 1071 2127 1280 2220; x_wconf 87' lang='lat' dir='ltr'>pluribusve</span> <span class='ocrx_word' id='word_1_288' title='bbox 1299 2125 1457 2196; x_wconf 89' lang='lat' dir='ltr'>articulis</span> <span class='ocrx_word' id='word_1_289' title='bbox 1473 2123 1575 2210; x_wconf 85' lang='lat' dir='ltr'>fidei,</span> <span class='ocrx_word' id='word_1_290' title='bbox 1599 2123 1655 2192; x_wconf 91' lang='lat' dir='ltr'>vel</span> <span class='ocrx_word' id='word_1_291' title='bbox 1672 2146 1750 2194; x_wconf 90' lang='lat' dir='ltr'>cum</span> <span class='ocrx_word' id='word_1_292' title='bbox 1760 2121 1954 2214; x_wconf 85' lang='lat' dir='ltr'>Deealogo,</span> <span class='ocrx_word' id='word_1_293' title='bbox 1982 2147 2060 2191; x_wconf 88' lang='lat' dir='ltr'>cer·</span> 
     </span>
     <span class='ocr_line' id='line_1_21' title="bbox 49 2219 2061 2321; baseline -0.003 -23"><span class='ocrx_word' id='word_1_294' title='bbox 49 2255 78 2298; x_wconf 90' lang='lat' dir='ltr'>ae</span> <span class='ocrx_word' id='word_1_295' title='bbox 91 2232 174 2300; x_wconf 90' lang='lat' dir='ltr'>votis</span> <span class='ocrx_word' id='word_1_296' title='bbox 188 2219 372 2321; x_wconf 79' lang='lat' dir='ltr'>petamus,</span> <span class='ocrx_word' id='word_1_297' title='bbox 397 2239 437 2296; x_wconf 78' lang='lat' dir='ltr'>tlt</span> <span class='ocrx_word' id='word_1_298' title='bbox 451 2239 631 2298; x_wconf 67' lang='lat' dir='ltr'>aeternam</span> <span class='ocrx_word' id='word_1_299' title='bbox 647 2223 687 2294; x_wconf 93' lang='lat' dir='ltr'>in</span> <span class='ocrx_word' id='word_1_300' title='bbox 704 2224 809 2295; x_wconf 67' lang='lat' dir='ltr'>¹1⁰b1³</span> <span class='ocrx_word' id='word_1_301' title='bbox 826 2221 1020 2295; x_wconf 64' lang='lat' dir='ltr'>Ecclesiam</span> <span class='ocrx_word' id='word_1_302' title='bbox 1070 2246 1108 2302; x_wconf 93' lang='lat' dir='ltr'>to</span> <span class='ocrx_word' id='word_1_303' title='bbox 1130 2242 1264 2299; x_wconf 89' lang='lat' dir='ltr'>statuas</span> <span class='ocrx_word' id='word_1_304' title='bbox 1286 2228 1392 2299; x_wconf 91' lang='lat' dir='ltr'>talem</span> <span class='ocrx_word' id='word_1_305' title='bbox 1414 2239 1554 2296; x_wconf 90' lang='lat' dir='ltr'>coetum</span> <span class='ocrx_word' id='word_1_306' title='bbox 1576 2249 1651 2294; x_wconf 92' lang='lat' dir='ltr'>non</span> <span class='ocrx_word' id='word_1_307' title='bbox 1673 2248 1747 2296; x_wconf 85' lang='lat' dir='ltr'>esse</span> <span class='ocrx_word' id='word_1_308' title='bbox 1767 2224 1959 2296; x_wconf 87' lang='lat' dir='ltr'>Ecclesiam</span> <span class='ocrx_word' id='word_1_309' title='bbox 1982 2220 2061 2293; x_wconf 85' lang='lat' dir='ltr'>Dei.</span> 
     </span>
     <span class='ocr_line' id='line_1_22' title="bbox 49 2327 2061 2422; baseline -0 -24"><span class='ocrx_word' id='word_1_310' title='bbox 49 2332 107 2422; x_wconf 88' lang='lat' dir='ltr'>ipse</span> <span class='ocrx_word' id='word_1_311' title='bbox 120 2344 232 2402; x_wconf 88' lang='lat' dir='ltr'>servet</span> <span class='ocrx_word' id='word_1_312' title='bbox 252 2354 294 2401; x_wconf 88' lang='lat' dir='ltr'>ae</span> <span class='ocrx_word' id='word_1_313' title='bbox 309 2341 419 2419; x_wconf 89' lang='lat' dir='ltr'>regat.</span> <span class='ocrx_word' id='word_1_314' title='bbox 1072 2329 1122 2403; x_wconf 91' lang='lat' dir='ltr'>Ut</span> <span class='ocrx_word' id='word_1_315' title='bbox 1158 2329 1318 2399; x_wconf 86' lang='lat' dir='ltr'>scelerati</span> <span class='ocrx_word' id='word_1_316' title='bbox 1354 2328 1551 2398; x_wconf 85' lang='lat' dir='ltr'>nebulones</span> <span class='ocrx_word' id='word_1_317' title='bbox 1580 2327 1835 2420; x_wconf 86' lang='lat' dir='ltr'>Anabaptistae</span> <span class='ocrx_word' id='word_1_318' title='bbox 1871 2328 2061 2412; x_wconf 84' lang='lat' dir='ltr'>affirmant,</span> 
     </span>
     <span class='ocr_line' id='line_1_23' title="bbox 1071 2427 2061 2520; baseline -0.008 -17"><span class='ocrx_word' id='word_1_319' title='bbox 1071 2433 1245 2503; x_wconf 87' lang='lat' dir='ltr'>adulteria</span> <span class='ocrx_word' id='word_1_320' title='bbox 1262 2454 1337 2501; x_wconf 90' lang='lat' dir='ltr'>non</span> <span class='ocrx_word' id='word_1_321' title='bbox 1353 2453 1427 2500; x_wconf 90' lang='lat' dir='ltr'>esse</span> <span class='ocrx_word' id='word_1_322' title='bbox 1442 2443 1592 2520; x_wconf 86' lang='lat' dir='ltr'>peccata.</span> <span class='ocrx_word' id='word_1_323' title='bbox 1646 2427 1748 2502; x_wconf 87' lang='lat' dir='ltr'>Talis</span> <span class='ocrx_word' id='word_1_324' title='bbox 1761 2430 1970 2502; x_wconf 86' lang='lat' dir='ltr'>asseveratio</span> <span class='ocrx_word' id='word_1_325' title='bbox 1983 2450 2061 2496; x_wconf 90' lang='lat' dir='ltr'>ma·</span> 
     </span>
     <span class='ocr_line' id='line_1_24' title="bbox 431 2525 2122 2629; baseline -0.003 -26"><span class='ocrx_word' id='word_1_326' title='bbox 431 2527 616 2592; x_wconf 66' lang='lat' dir='ltr'>0⁰⁸⁰⁸i¹⁰·</span> <span class='ocrx_word' id='word_1_327' title='bbox 858 2624 862 2629; x_wconf 88' lang='lat'>.</span> <span class='ocrx_word' id='word_1_328' title='bbox 1071 2537 1238 2604; x_wconf 86' lang='lat' dir='ltr'>nilestum</span> <span class='ocrx_word' id='word_1_329' title='bbox 1254 2548 1288 2605; x_wconf 90' lang='lat' dir='ltr'>et</span> <span class='ocrx_word' id='word_1_330' title='bbox 1306 2531 1524 2604; x_wconf 90' lang='lat' dir='ltr'>diabolicum</span> <span class='ocrx_word' id='word_1_331' title='bbox 1537 2533 1762 2604; x_wconf 91' lang='lat' dir='ltr'>mendacium</span> <span class='ocrx_word' id='word_1_332' title='bbox 1780 2548 1831 2605; x_wconf 88' lang='lat' dir='ltr'>est</span> <span class='ocrx_word' id='word_1_333' title='bbox 1847 2544 1969 2602; x_wconf 83' lang='lat' dir='ltr'>eontra</span> <span class='ocrx_word' id='word_1_334' title='bbox 1987 2525 2060 2600; x_wconf 87' lang='lat' dir='ltr'>De·</span> <span class='ocrx_word' id='word_1_335' title='bbox 2119 2531 2122 2541; x_wconf 51' lang='lat'><em>¹</em></span> 
     </span>
     <span class='ocr_line' id='line_1_25' title="bbox 131 2627 1244 2726; baseline -0.007 -20"><span class='ocrx_word' id='word_1_336' title='bbox 131 2633 199 2706; x_wconf 81' lang='lat' dir='ltr'>see</span> <span class='ocrx_word' id='word_1_337' title='bbox 229 2631 344 2704; x_wconf 89' lang='lat' dir='ltr'>dices:</span> <span class='ocrx_word' id='word_1_338' title='bbox 380 2629 573 2722; x_wconf 89' lang='lat' dir='ltr'>Quomodo</span> <span class='ocrx_word' id='word_1_339' title='bbox 589 2631 669 2702; x_wconf 79' lang='lat' dir='ltr'>¹scio</span> <span class='ocrx_word' id='word_1_340' title='bbox 691 2629 755 2702; x_wconf 92' lang='lat' dir='ltr'>ubi</span> <span class='ocrx_word' id='word_1_341' title='bbox 779 2642 839 2700; x_wconf 89' lang='lat' dir='ltr'>aut</span> <span class='ocrx_word' id='word_1_342' title='bbox 863 2627 1022 2722; x_wconf 86' lang='lat' dir='ltr'>quaesit</span> <span class='ocrx_word' id='word_1_343' title='bbox 1071 2639 1244 2726; x_wconf 71' lang='lat' dir='ltr'>calogum,</span> 
     </span>
     <span class='ocr_line' id='line_1_26' title="bbox 49 2731 2060 2830; baseline -0.004 -25"><span class='ocrx_word' id='word_1_344' title='bbox 49 2731 182 2808; x_wconf 83' lang='lat' dir='ltr'>Ecclesia</span> <span class='ocrx_word' id='word_1_345' title='bbox 197 2759 298 2817; x_wconf 83' lang='lat' dir='ltr'>vera,</span> <span class='ocrx_word' id='word_1_346' title='bbox 324 2734 428 2804; x_wconf 88' lang='lat' dir='ltr'>video</span> <span class='ocrx_word' id='word_1_347' title='bbox 442 2735 600 2805; x_wconf 81' lang='lat' dir='ltr'>infinitas</span> <span class='ocrx_word' id='word_1_348' title='bbox 610 2755 684 2803; x_wconf 88' lang='lat' dir='ltr'>esse</span> <span class='ocrx_word' id='word_1_349' title='bbox 695 2746 818 2816; x_wconf 83' lang='lat' dir='ltr'>sectas,</span> <span class='ocrx_word' id='word_1_350' title='bbox 843 2745 1021 2802; x_wconf 86' lang='lat' dir='ltr'>etunem-</span> <span class='ocrx_word' id='word_1_351' title='bbox 1173 2737 1335 2828; x_wconf 73' lang='lat' dir='ltr'>papissae</span> <span class='ocrx_word' id='word_1_352' title='bbox 1356 2737 1541 2830; x_wconf 81' lang='lat' dir='ltr'>inquiunt:</span> <span class='ocrx_word' id='word_1_353' title='bbox 1568 2733 1697 2806; x_wconf 76' lang='lat' dir='ltr'>Nostra</span> <span class='ocrx_word' id='word_1_354' title='bbox 1717 2755 1823 2822; x_wconf 82' lang='lat' dir='ltr'>opera</span> <span class='ocrx_word' id='word_1_355' title='bbox 1843 2733 1968 2802; x_wconf 85' lang='lat' dir='ltr'>merita</span> <span class='ocrx_word' id='word_1_356' title='bbox 1987 2754 2060 2802; x_wconf 87' lang='lat' dir='ltr'>esse</span> 
     </span>
     <span class='ocr_line' id='line_1_27' title="bbox 50 2830 2058 2934; baseline -0.007 -29"><span class='ocrx_word' id='word_1_357' title='bbox 50 2861 203 2934; x_wconf 81' lang='lat' dir='ltr'>quamque</span> <span class='ocrx_word' id='word_1_358' title='bbox 219 2837 375 2930; x_wconf 83' lang='lat' dir='ltr'>gloriose</span> <span class='ocrx_word' id='word_1_359' title='bbox 389 2836 613 2930; x_wconf 87' lang='lat' dir='ltr'>praedicare,</span> <span class='ocrx_word' id='word_1_360' title='bbox 636 2859 672 2904; x_wconf 92' lang='lat' dir='ltr'>se</span> <span class='ocrx_word' id='word_1_361' title='bbox 690 2857 762 2904; x_wconf 88' lang='lat' dir='ltr'>esse</span> <span class='ocrx_word' id='word_1_362' title='bbox 776 2830 969 2904; x_wconf 89' lang='lat' dir='ltr'>Ecclesiam</span> <span class='ocrx_word' id='word_1_363' title='bbox 988 2845 1022 2904; x_wconf 90' lang='lat' dir='ltr'>et</span> <span class='ocrx_word' id='word_1_364' title='bbox 1071 2840 1290 2911; x_wconf 71' lang='lat' dir='ltr'>remissionis</span> <span class='ocrx_word' id='word_1_365' title='bbox 1316 2854 1556 2931; x_wconf 68' lang='lat' dir='ltr'>peecatorum,</span> <span class='ocrx_word' id='word_1_366' title='bbox 1583 2850 1617 2908; x_wconf 74' lang='lat' dir='ltr'>ec</span> <span class='ocrx_word' id='word_1_367' title='bbox 1637 2834 1826 2906; x_wconf 69' lang='lat' dir='ltr'>nominant</span> <span class='ocrx_word' id='word_1_368' title='bbox 1841 2859 1947 2926; x_wconf 68' lang='lat' dir='ltr'>opera</span> <span class='ocrx_word' id='word_1_369' title='bbox 1965 2831 2058 2932; x_wconf 69' lang='lat' dir='ltr'>Mis.</span> 
     </span>
     <span class='ocr_line' id='line_1_28' title="bbox 49 2936 2060 3031; baseline -0.001 -25"><span class='ocrx_word' id='word_1_370' title='bbox 49 2941 199 3031; x_wconf 90' lang='lat' dir='ltr'>populum</span> <span class='ocrx_word' id='word_1_371' title='bbox 215 2937 312 3010; x_wconf 84' lang='lat' dir='ltr'>Dei?</span> <span class='ocrx_word' id='word_1_372' title='bbox 1070 2967 1126 3013; x_wconf 90' lang='lat' dir='ltr'>sas</span> <span class='ocrx_word' id='word_1_373' title='bbox 1149 2941 1409 3024; x_wconf 80' lang='lat' dir='ltr'>idololatricae,</span> <span class='ocrx_word' id='word_1_374' title='bbox 1435 2941 1524 3010; x_wconf 88' lang='lat' dir='ltr'>ritus</span> <span class='ocrx_word' id='word_1_375' title='bbox 1543 2937 1780 3021; x_wconf 90' lang='lat' dir='ltr'>Monasticos,</span> <span class='ocrx_word' id='word_1_376' title='bbox 1804 2936 2060 3006; x_wconf 78' lang='lat' dir='ltr'>satisfactiones</span> 
     </span>
     <span class='ocr_line' id='line_1_29' title="bbox 836 3039 2059 3135; baseline -0.007 -20"><span class='ocrx_word' id='word_1_377' title='bbox 836 3127 840 3135; x_wconf 20' lang='grc' dir='ltr'>ἱ</span> <span class='ocrx_word' id='word_1_378' title='bbox 1071 3058 1105 3116; x_wconf 90' lang='lat' dir='ltr'>et</span> <span class='ocrx_word' id='word_1_379' title='bbox 1126 3045 1258 3114; x_wconf 87' lang='lat' dir='ltr'>similes</span> <span class='ocrx_word' id='word_1_380' title='bbox 1279 3042 1566 3134; x_wconf 85' lang='lat' dir='ltr'>superstitiones,</span> <span class='ocrx_word' id='word_1_381' title='bbox 1591 3052 1710 3132; x_wconf 90' lang='lat' dir='ltr'>postea</span> <span class='ocrx_word' id='word_1_382' title='bbox 1734 3039 1912 3110; x_wconf 77' lang='lat' dir='ltr'>affirmant</span> <span class='ocrx_word' id='word_1_383' title='bbox 1933 3060 2059 3130; x_wconf 86' lang='lat' dir='ltr'>perpe-</span> 
     </span>
     <span class='ocr_line' id='line_1_30' title="bbox 420 3137 2120 3232; baseline -0.005 -16"><span class='ocrx_word' id='word_1_384' title='bbox 420 3137 631 3204; x_wconf 64' lang='lat' dir='ltr'>fl⁰¹l⁰¹¹⁸¹⁰·</span> <span class='ocrx_word' id='word_1_385' title='bbox 1070 3159 1132 3216; x_wconf 94' lang='lat' dir='ltr'>tuo</span> <span class='ocrx_word' id='word_1_386' title='bbox 1163 3146 1400 3218; x_wconf 89' lang='lat' dir='ltr'>dubitandum</span> <span class='ocrx_word' id='word_1_387' title='bbox 1429 3168 1503 3215; x_wconf 89' lang='lat' dir='ltr'>esse</span> <span class='ocrx_word' id='word_1_388' title='bbox 1524 3146 1568 3215; x_wconf 91' lang='lat' dir='ltr'>de</span> <span class='ocrx_word' id='word_1_389' title='bbox 1592 3141 1800 3212; x_wconf 87' lang='lat' dir='ltr'>remissione</span> <span class='ocrx_word' id='word_1_390' title='bbox 1825 3143 2073 3232; x_wconf 86' lang='lat' dir='ltr'>peccatorum.&#39;</span> <span class='ocrx_word' id='word_1_391' title='bbox 2117 3191 2120 3200; x_wconf 77' lang='lat'>,</span> 
     </span>
     <span class='ocr_line' id='line_1_31' title="bbox 130 3238 2059 3342; baseline -0.002 -28"><span class='ocrx_word' id='word_1_392' title='bbox 130 3243 293 3315; x_wconf 86' lang='lat' dir='ltr'>Fuerunt</span> <span class='ocrx_word' id='word_1_393' title='bbox 309 3238 400 3334; x_wconf 87' lang='lat' dir='ltr'>proh</span> <span class='ocrx_word' id='word_1_394' title='bbox 416 3241 521 3312; x_wconf 89' lang='lat' dir='ltr'>dolor</span> <span class='ocrx_word' id='word_1_395' title='bbox 536 3239 703 3311; x_wconf 90' lang='lat' dir='ltr'>omnibus</span> <span class='ocrx_word' id='word_1_396' title='bbox 719 3241 940 3342; x_wconf 88' lang='lat' dir='ltr'>temporibus</span> <span class='ocrx_word' id='word_1_397' title='bbox 954 3241 1021 3314; x_wconf 90' lang='lat' dir='ltr'>tci-</span> <span class='ocrx_word' id='word_1_398' title='bbox 1070 3247 1149 3320; x_wconf 86' lang='lat' dir='ltr'>Ha&#39;e</span> <span class='ocrx_word' id='word_1_399' title='bbox 1164 3247 1437 3319; x_wconf 87' lang='lat' dir='ltr'>asseverationes</span> <span class='ocrx_word' id='word_1_400' title='bbox 1448 3269 1570 3316; x_wconf 88' lang='lat' dir='ltr'>omues</span> <span class='ocrx_word' id='word_1_401' title='bbox 1580 3257 1740 3337; x_wconf 89' lang='lat' dir='ltr'>pugnant</span> <span class='ocrx_word' id='word_1_402' title='bbox 1750 3267 1829 3314; x_wconf 90' lang='lat' dir='ltr'>cum</span> <span class='ocrx_word' id='word_1_403' title='bbox 1842 3239 2059 3313; x_wconf 88' lang='lat' dir='ltr'>voceEvan-</span> 
     </span>
     <span class='ocr_line' id='line_1_32' title="bbox 49 3341 2140 3442; baseline -0.008 -13"><span class='ocrx_word' id='word_1_404' title='bbox 49 3357 101 3413; x_wconf 70' lang='lat'>⁵¹0³</span> <span class='ocrx_word' id='word_1_405' title='bbox 124 3361 156 3416; x_wconf 71' lang='grc' dir='ltr'>θῑ</span> <span class='ocrx_word' id='word_1_406' title='bbox 177 3341 373 3416; x_wconf 89' lang='lat' dir='ltr'>horribiles</span> <span class='ocrx_word' id='word_1_407' title='bbox 396 3343 641 3429; x_wconf 59' lang='lat' dir='ltr'>c⁰¹¹fl¹⁸i⁰¹1i²=li</span> <span class='ocrx_word' id='word_1_408' title='bbox 672 3356 713 3413; x_wconf 67' lang='lat'>¹1!</span> <span class='ocrx_word' id='word_1_409' title='bbox 735 3355 914 3432; x_wconf 71' lang='lat' dir='ltr'>tempore,</span> <span class='ocrx_word' id='word_1_410' title='bbox 948 3371 1020 3441; x_wconf 85' lang='lat' dir='ltr'>quo</span> <span class='ocrx_word' id='word_1_411' title='bbox 1070 3353 1153 3442; x_wconf 87' lang='lat' dir='ltr'>gelii</span> <span class='ocrx_word' id='word_1_412' title='bbox 1184 3347 1487 3434; x_wconf 80' lang='lat' dir='ltr'>manifestissima,</span> <span class='ocrx_word' id='word_1_413' title='bbox 1519 3370 1609 3442; x_wconf 88' lang='lat' dir='ltr'>quae</span> <span class='ocrx_word' id='word_1_414' title='bbox 1637 3345 1766 3416; x_wconf 87' lang='lat' dir='ltr'>diserte</span> <span class='ocrx_word' id='word_1_415' title='bbox 1790 3359 1824 3416; x_wconf 91' lang='lat' dir='ltr'>et</span> <span class='ocrx_word' id='word_1_416' title='bbox 1844 3346 1922 3414; x_wconf 90' lang='lat' dir='ltr'>sine</span> <span class='ocrx_word' id='word_1_417' title='bbox 1942 3344 2058 3414; x_wconf 87' lang='lat' dir='ltr'>ambi·</span> <span class='ocrx_word' id='word_1_418' title='bbox 2137 3424 2140 3430; x_wconf 24' lang='grc' dir='ltr'>Ι</span> 
     </span>
     <span class='ocr_line' id='line_1_33' title="bbox 49 3439 2057 3543; baseline 0.001 -29"><span class='ocrx_word' id='word_1_419' title='bbox 49 3441 238 3534; x_wconf 83' lang='lat' dir='ltr'>Zacharias,</span> <span class='ocrx_word' id='word_1_420' title='bbox 261 3444 427 3530; x_wconf 89' lang='lat' dir='ltr'>Simeon,</span> <span class='ocrx_word' id='word_1_421' title='bbox 451 3439 640 3514; x_wconf 81' lang='lat' dir='ltr'>Etizabeth</span> <span class='ocrx_word' id='word_1_422' title='bbox 657 3456 690 3514; x_wconf 93' lang='lat' dir='ltr'>et</span> <span class='ocrx_word' id='word_1_423' title='bbox 706 3442 824 3514; x_wconf 86' lang='lat' dir='ltr'>Maria</span> <span class='ocrx_word' id='word_1_424' title='bbox 843 3447 1022 3537; x_wconf 88' lang='lat' dir='ltr'>vivebant,</span> <span class='ocrx_word' id='word_1_425' title='bbox 1070 3456 1203 3543; x_wconf 87' lang='lat' dir='ltr'>gnitate</span> <span class='ocrx_word' id='word_1_426' title='bbox 1227 3453 1271 3521; x_wconf 92' lang='lat' dir='ltr'>de</span> <span class='ocrx_word' id='word_1_427' title='bbox 1293 3449 1451 3520; x_wconf 89' lang='lat' dir='ltr'>Domino</span> <span class='ocrx_word' id='word_1_428' title='bbox 1477 3464 1599 3520; x_wconf 87' lang='lat' dir='ltr'>nostro</span> <span class='ocrx_word' id='word_1_429' title='bbox 1626 3444 1704 3518; x_wconf 89' lang='lat' dir='ltr'>lesu</span> <span class='ocrx_word' id='word_1_430' title='bbox 1726 3442 1871 3518; x_wconf 87' lang='lat' dir='ltr'>Christo</span> <span class='ocrx_word' id='word_1_431' title='bbox 1894 3448 2057 3527; x_wconf 86' lang='lat' dir='ltr'>affirmat,</span> 
     </span>
     <span class='ocr_line' id='line_1_34' title="bbox 49 3538 2083 3648; baseline 0.001 -34"><span class='ocrx_word' id='word_1_432' title='bbox 49 3563 132 3619; x_wconf 88' lang='lat' dir='ltr'>erant</span> <span class='ocrx_word' id='word_1_433' title='bbox 144 3549 253 3620; x_wconf 88' lang='lat' dir='ltr'>simul</span> <span class='ocrx_word' id='word_1_434' title='bbox 267 3547 422 3636; x_wconf 88' lang='lat' dir='ltr'>ingentia</span> <span class='ocrx_word' id='word_1_435' title='bbox 439 3545 581 3635; x_wconf 87' lang='lat' dir='ltr'>agmina</span> <span class='ocrx_word' id='word_1_436' title='bbox 593 3538 864 3617; x_wconf 89' lang='lat' dir='ltr'>Pharisaeorum</span> <span class='ocrx_word' id='word_1_437' title='bbox 879 3563 914 3620; x_wconf 89' lang='lat' dir='ltr'>et</span> <span class='ocrx_word' id='word_1_438' title='bbox 929 3548 1021 3621; x_wconf 90' lang='lat' dir='ltr'>Sad-</span> <span class='ocrx_word' id='word_1_439' title='bbox 1070 3581 1134 3648; x_wconf 90' lang='lat' dir='ltr'>per</span> <span class='ocrx_word' id='word_1_440' title='bbox 1156 3548 1252 3624; x_wconf 89' lang='lat' dir='ltr'>hunc</span> <span class='ocrx_word' id='word_1_441' title='bbox 1273 3550 1472 3625; x_wconf 85' lang='lat' dir='ltr'>Dominum</span> <span class='ocrx_word' id='word_1_442' title='bbox 1497 3550 1612 3622; x_wconf 88' lang='lat' dir='ltr'>lesum</span> <span class='ocrx_word' id='word_1_443' title='bbox 1635 3545 1817 3620; x_wconf 83' lang='lat' dir='ltr'>Christum</span> <span class='ocrx_word' id='word_1_444' title='bbox 1841 3549 1954 3620; x_wconf 85' lang='lat' dir='ltr'>tilium</span> <span class='ocrx_word' id='word_1_445' title='bbox 1978 3546 2059 3632; x_wconf 92' lang='lat' dir='ltr'>Dei,</span> <span class='ocrx_word' id='word_1_446' title='bbox 2079 3580 2083 3588; x_wconf 88' lang='grc'><em>·</em></span> 
     </span>
     <span class='ocr_line' id='line_1_35' title="bbox 49 3645 2058 3745; baseline 0.002 -30"><span class='ocrx_word' id='word_1_447' title='bbox 49 3649 255 3721; x_wconf 87' lang='lat' dir='ltr'>ducaeorum.</span> <span class='ocrx_word' id='word_1_448' title='bbox 313 3645 398 3720; x_wconf 85' lang='lat' dir='ltr'>Post</span> <span class='ocrx_word' id='word_1_449' title='bbox 418 3647 613 3740; x_wconf 82' lang='lat' dir='ltr'>Apostolos</span> <span class='ocrx_word' id='word_1_450' title='bbox 634 3647 885 3721; x_wconf 84' lang='lat' dir='ltr'>exoriebantur</span> <span class='ocrx_word' id='word_1_451' title='bbox 906 3646 1020 3722; x_wconf 91' lang='lat' dir='ltr'>Ebio-</span> <span class='ocrx_word' id='word_1_452' title='bbox 1070 3682 1136 3728; x_wconf 91' lang='lat' dir='ltr'>nos</span> <span class='ocrx_word' id='word_1_453' title='bbox 1161 3652 1292 3726; x_wconf 89' lang='lat' dir='ltr'>habere</span> <span class='ocrx_word' id='word_1_454' title='bbox 1314 3653 1558 3725; x_wconf 86' lang='lat' dir='ltr'>remissionem</span> <span class='ocrx_word' id='word_1_455' title='bbox 1580 3665 1802 3745; x_wconf 90' lang='lat' dir='ltr'>peccatorum</span> <span class='ocrx_word' id='word_1_456' title='bbox 1819 3645 2001 3744; x_wconf 87' lang='lat' dir='ltr'>perfidem</span> <span class='ocrx_word' id='word_1_457' title='bbox 2020 3649 2058 3718; x_wconf 91' lang='lat' dir='ltr'>in</span> 
     </span>
     <span class='ocr_line' id='line_1_36' title="bbox 49 3745 2057 3853; baseline 0.001 -37"><span class='ocrx_word' id='word_1_458' title='bbox 49 3750 145 3834; x_wconf 89' lang='lat' dir='ltr'>uitae,</span> <span class='ocrx_word' id='word_1_459' title='bbox 177 3749 436 3831; x_wconf 82' lang='lat' dir='ltr'>Marcionitae,</span> <span class='ocrx_word' id='word_1_460' title='bbox 463 3745 630 3834; x_wconf 86' lang='lat' dir='ltr'>Arriani,</span> <span class='ocrx_word' id='word_1_461' title='bbox 657 3747 863 3822; x_wconf 89' lang='lat' dir='ltr'>Manichaei</span> <span class='ocrx_word' id='word_1_462' title='bbox 889 3753 1019 3830; x_wconf 87' lang='lat' dir='ltr'>etalii.</span> <span class='ocrx_word' id='word_1_463' title='bbox 1070 3751 1299 3853; x_wconf 56' lang='lat' dir='ltr'>ipsum,&#39;non</span> <span class='ocrx_word' id='word_1_464' title='bbox 1312 3756 1444 3828; x_wconf 87' lang='lat' dir='ltr'>nostris</span> <span class='ocrx_word' id='word_1_465' title='bbox 1461 3756 1608 3845; x_wconf 87' lang='lat' dir='ltr'>meritis,</span> <span class='ocrx_word' id='word_1_466' title='bbox 1635 3777 1710 3824; x_wconf 90' lang='lat' dir='ltr'>non</span> <span class='ocrx_word' id='word_1_467' title='bbox 1720 3753 1840 3826; x_wconf 85' lang='lat' dir='ltr'>Missis</span> <span class='ocrx_word' id='word_1_468' title='bbox 1857 3753 2057 3825; x_wconf 90' lang='lat' dir='ltr'>idololatri-</span> 
     </span>
     <span class='ocr_line' id='line_1_37' title="bbox 47 3845 2056 3949; baseline 0.001 -31"><span class='ocrx_word' id='word_1_469' title='bbox 47 3845 156 3924; x_wconf 90' lang='lat' dir='ltr'>Nostro</span> <span class='ocrx_word' id='word_1_470' title='bbox 178 3868 339 3944; x_wconf 89' lang='lat' dir='ltr'>tempore</span> <span class='ocrx_word' id='word_1_471' title='bbox 354 3851 512 3941; x_wconf 89' lang='lat' dir='ltr'>ingentia</span> <span class='ocrx_word' id='word_1_472' title='bbox 528 3854 667 3940; x_wconf 86' lang='lat' dir='ltr'>agmina</span> <span class='ocrx_word' id='word_1_473' title='bbox 686 3866 770 3923; x_wconf 88' lang='lat' dir='ltr'>sunt</span> <span class='ocrx_word' id='word_1_474' title='bbox 784 3852 1019 3947; x_wconf 87' lang='lat' dir='ltr'>Papistarum,</span> <span class='ocrx_word' id='word_1_475' title='bbox 1070 3863 1140 3948; x_wconf 90' lang='lat' dir='ltr'>cis,</span> <span class='ocrx_word' id='word_1_476' title='bbox 1166 3885 1241 3931; x_wconf 91' lang='lat' dir='ltr'>non</span> <span class='ocrx_word' id='word_1_477' title='bbox 1260 3859 1390 3930; x_wconf 89' lang='lat' dir='ltr'>ritibus</span> <span class='ocrx_word' id='word_1_478' title='bbox 1408 3857 1636 3944; x_wconf 87' lang='lat' dir='ltr'>Monastieis,</span> <span class='ocrx_word' id='word_1_479' title='bbox 1660 3871 1720 3928; x_wconf 88' lang='lat' dir='ltr'>aut</span> <span class='ocrx_word' id='word_1_480' title='bbox 1742 3859 1820 3928; x_wconf 89' lang='lat' dir='ltr'>aliis</span> <span class='ocrx_word' id='word_1_481' title='bbox 1837 3856 2056 3949; x_wconf 82' lang='lat' dir='ltr'>quibuscun-</span> 
     </span>
     <span class='ocr_line' id='line_1_38' title="bbox 48 3947 1333 4060; baseline 0.009 -40"><span class='ocrx_word' id='word_1_482' title='bbox 48 3947 365 4049; x_wconf 82' lang='lat' dir='ltr'>huabaptistarum,</span> <span class='ocrx_word' id='word_1_483' title='bbox 392 3951 700 4024; x_wconf 89' lang='lat' dir='ltr'>lnterimistarum.</span> <span class='ocrx_word' id='word_1_484' title='bbox 753 3950 911 4043; x_wconf 80' lang='lat' dir='ltr'>Quaerat</span> <span class='ocrx_word' id='word_1_485' title='bbox 935 3981 1018 4048; x_wconf 86' lang='lat' dir='ltr'>ergo</span> <span class='ocrx_word' id='word_1_486' title='bbox 1069 3988 1138 4060; x_wconf 84' lang='lat' dir='ltr'>que</span> <span class='ocrx_word' id='word_1_487' title='bbox 1154 3963 1333 4055; x_wconf 87' lang='lat' dir='ltr'>operibus.</span> 
     </span>
     <span class='ocr_line' id='line_1_39' title="bbox 49 4048 2058 4152; baseline 0 -31"><span class='ocrx_word' id='word_1_488' title='bbox 49 4053 94 4142; x_wconf 86' lang='lat' dir='ltr'>pia</span> <span class='ocrx_word' id='word_1_489' title='bbox 114 4081 228 4141; x_wconf 90' lang='lat' dir='ltr'>mens,</span> <span class='ocrx_word' id='word_1_490' title='bbox 257 4059 302 4127; x_wconf 94' lang='lat' dir='ltr'>ad</span> <span class='ocrx_word' id='word_1_491' title='bbox 316 4078 406 4151; x_wconf 91' lang='lat' dir='ltr'>quos</span> <span class='ocrx_word' id='word_1_492' title='bbox 422 4055 661 4126; x_wconf 86' lang='lat' dir='ltr'>accedendum</span> <span class='ocrx_word' id='word_1_493' title='bbox 679 4055 736 4126; x_wconf 88' lang='lat' dir='ltr'>sit.</span> <span class='ocrx_word' id='word_1_494' title='bbox 787 4053 1018 4152; x_wconf 87' lang='lat' dir='ltr'>Respondeo,</span> <span class='ocrx_word' id='word_1_495' title='bbox 1172 4063 1225 4135; x_wconf 86' lang='lat' dir='ltr'>Ac</span> <span class='ocrx_word' id='word_1_496' title='bbox 1238 4055 1442 4152; x_wconf 82' lang='lat' dir='ltr'>intelligunt</span> <span class='ocrx_word' id='word_1_497' title='bbox 1454 4059 1686 4151; x_wconf 85' lang='lat' dir='ltr'>piaementes,</span> <span class='ocrx_word' id='word_1_498' title='bbox 1712 4056 1805 4131; x_wconf 91' lang='lat' dir='ltr'>hanc</span> <span class='ocrx_word' id='word_1_499' title='bbox 1817 4059 1926 4151; x_wconf 88' lang='lat' dir='ltr'>ipsam</span> <span class='ocrx_word' id='word_1_500' title='bbox 1937 4048 2058 4124; x_wconf 86' lang='lat' dir='ltr'>Evan-</span> 
     </span>
     <span class='ocr_line' id='line_1_40' title="bbox 47 4152 2057 4258; baseline 0.004 -38"><span class='ocrx_word' id='word_1_501' title='bbox 47 4155 217 4228; x_wconf 88' lang='lat' dir='ltr'>discrimen</span> <span class='ocrx_word' id='word_1_502' title='bbox 248 4181 353 4251; x_wconf 90' lang='lat' dir='ltr'>supra</span> <span class='ocrx_word' id='word_1_503' title='bbox 383 4170 573 4226; x_wconf 41' lang='lat' dir='ltr'>ostensum*</span> <span class='ocrx_word' id='word_1_504' title='bbox 591 4159 834 4250; x_wconf 90' lang='lat' dir='ltr'>quaerendum</span> <span class='ocrx_word' id='word_1_505' title='bbox 862 4184 903 4231; x_wconf 88' lang='lat' dir='ltr'>ac</span> <span class='ocrx_word' id='word_1_506' title='bbox 932 4163 1029 4236; x_wconf 60' lang='lat' dir='ltr'>reti,</span> <span class='ocrx_word' id='word_1_507' title='bbox 1069 4166 1153 4258; x_wconf 83' lang='lat' dir='ltr'>gelii</span> <span class='ocrx_word' id='word_1_508' title='bbox 1173 4189 1294 4234; x_wconf 89' lang='lat' dir='ltr'>vocem</span> <span class='ocrx_word' id='word_1_509' title='bbox 1316 4188 1392 4235; x_wconf 91' lang='lat' dir='ltr'>non</span> <span class='ocrx_word' id='word_1_510' title='bbox 1407 4185 1480 4232; x_wconf 89' lang='lat' dir='ltr'>esse</span> <span class='ocrx_word' id='word_1_511' title='bbox 1496 4161 1664 4233; x_wconf 89' lang='lat' dir='ltr'>incertam</span> <span class='ocrx_word' id='word_1_512' title='bbox 1682 4177 1743 4233; x_wconf 90' lang='lat' dir='ltr'>aut</span> <span class='ocrx_word' id='word_1_513' title='bbox 1759 4165 1956 4232; x_wconf 89' lang='lat' dir='ltr'>obscuram.</span> <span class='ocrx_word' id='word_1_514' title='bbox 2011 4152 2057 4230; x_wconf 83' lang='lat' dir='ltr'>Et</span> 
     </span>
     <span class='ocr_line' id='line_1_41' title="bbox 48 4255 2055 4360; baseline 0.001 -37"><span class='ocrx_word' id='word_1_515' title='bbox 48 4261 186 4330; x_wconf 90' lang='lat' dir='ltr'>nendum</span> <span class='ocrx_word' id='word_1_516' title='bbox 203 4281 289 4332; x_wconf 90' lang='lat' dir='ltr'>esse.</span> <span class='ocrx_word' id='word_1_517' title='bbox 339 4255 587 4330; x_wconf 87' lang='lat' dir='ltr'>Certissimum</span> <span class='ocrx_word' id='word_1_518' title='bbox 604 4259 699 4328; x_wconf 90' lang='lat' dir='ltr'>enim</span> <span class='ocrx_word' id='word_1_519' title='bbox 717 4273 787 4346; x_wconf 89' lang='lat' dir='ltr'>est,</span> <span class='ocrx_word' id='word_1_520' title='bbox 812 4261 1019 4360; x_wconf 89' lang='lat' dir='ltr'>ubicunque</span> <span class='ocrx_word' id='word_1_521' title='bbox 1068 4282 1120 4339; x_wconf 90' lang='lat' dir='ltr'>est</span> <span class='ocrx_word' id='word_1_522' title='bbox 1135 4266 1479 4347; x_wconf 84' lang='lat' dir='ltr'>manifestissimum,</span> <span class='ocrx_word' id='word_1_523' title='bbox 1505 4262 1659 4357; x_wconf 86' lang='lat' dir='ltr'>praecipi</span> <span class='ocrx_word' id='word_1_524' title='bbox 1677 4264 1801 4350; x_wconf 89' lang='lat' dir='ltr'>nobis,</span> <span class='ocrx_word' id='word_1_525' title='bbox 1825 4276 1864 4334; x_wconf 94' lang='lat' dir='ltr'>ut</span> <span class='ocrx_word' id='word_1_526' title='bbox 1881 4257 1965 4331; x_wconf 94' lang='lat' dir='ltr'>huic</span> <span class='ocrx_word' id='word_1_527' title='bbox 1980 4255 2055 4327; x_wconf 88' lang='lat' dir='ltr'><strong>Do·-</strong></span> 
     </span>
     <span class='ocr_line' id='line_1_42' title="bbox 49 4357 2055 4452; baseline 0.004 -28"><span class='ocrx_word' id='word_1_528' title='bbox 49 4381 102 4427; x_wconf 88' lang='lat' dir='ltr'>vox</span> <span class='ocrx_word' id='word_1_529' title='bbox 121 4357 307 4452; x_wconf 87' lang='lat' dir='ltr'>Evangelii</span> <span class='ocrx_word' id='word_1_530' title='bbox 336 4361 543 4449; x_wconf 90' lang='lat' dir='ltr'>incorrupta</span> <span class='ocrx_word' id='word_1_531' title='bbox 575 4373 696 4440; x_wconf 89' lang='lat' dir='ltr'>sonat,</span> <span class='ocrx_word' id='word_1_532' title='bbox 726 4377 759 4434; x_wconf 91' lang='lat' dir='ltr'>et</span> <span class='ocrx_word' id='word_1_533' title='bbox 784 4387 869 4433; x_wconf 91' lang='lat' dir='ltr'>usus</span> <span class='ocrx_word' id='word_1_534' title='bbox 891 4364 1018 4437; x_wconf 89' lang='lat' dir='ltr'>Sacra-</span> <span class='ocrx_word' id='word_1_535' title='bbox 1068 4372 1171 4440; x_wconf 91' lang='lat' dir='ltr'>mino</span> <span class='ocrx_word' id='word_1_536' title='bbox 1190 4383 1313 4439; x_wconf 90' lang='lat' dir='ltr'>nostro</span> <span class='ocrx_word' id='word_1_537' title='bbox 1327 4365 1409 4438; x_wconf 89' lang='lat' dir='ltr'>lesu</span> <span class='ocrx_word' id='word_1_538' title='bbox 1421 4363 1565 4440; x_wconf 89' lang='lat' dir='ltr'>Christo</span> <span class='ocrx_word' id='word_1_539' title='bbox 1587 4369 1790 4445; x_wconf 78' lang='lat' dir='ltr'>credamus,</span> <span class='ocrx_word' id='word_1_540' title='bbox 1814 4381 1850 4436; x_wconf 91' lang='lat' dir='ltr'>et</span> <span class='ocrx_word' id='word_1_541' title='bbox 1872 4375 1968 4435; x_wconf 91' lang='lat' dir='ltr'>certo</span> <span class='ocrx_word' id='word_1_542' title='bbox 1984 4375 2055 4432; x_wconf 90' lang='lat' dir='ltr'>sta-</span> 
     </span>
     <span class='ocr_line' id='line_1_43' title="bbox 49 4455 2054 4563; baseline 0.003 -35"><span class='ocrx_word' id='word_1_543' title='bbox 49 4477 231 4534; x_wconf 87' lang='lat' dir='ltr'>nentorum</span> <span class='ocrx_word' id='word_1_544' title='bbox 259 4463 437 4550; x_wconf 88' lang='lat' dir='ltr'>legitimus</span> <span class='ocrx_word' id='word_1_545' title='bbox 459 4473 494 4530; x_wconf 91' lang='lat' dir='ltr'>et</span> <span class='ocrx_word' id='word_1_546' title='bbox 516 4484 534 4530; x_wconf 92' lang='lat' dir='ltr'>a</span> <span class='ocrx_word' id='word_1_547' title='bbox 557 4455 701 4532; x_wconf 88' lang='lat' dir='ltr'>Christo</span> <span class='ocrx_word' id='word_1_548' title='bbox 727 4463 911 4537; x_wconf 86' lang='lat' dir='ltr'>institutus</span> <span class='ocrx_word' id='word_1_549' title='bbox 930 4469 1016 4539; x_wconf 89' lang='lat' dir='ltr'>reti·</span> <span class='ocrx_word' id='word_1_550' title='bbox 1066 4490 1221 4558; x_wconf 76' lang='lat' dir='ltr'>ruamus,</span> <span class='ocrx_word' id='word_1_551' title='bbox 1246 4471 1366 4542; x_wconf 91' lang='lat' dir='ltr'>Deum</span> <span class='ocrx_word' id='word_1_552' title='bbox 1382 4493 1446 4560; x_wconf 91' lang='lat' dir='ltr'>per</span> <span class='ocrx_word' id='word_1_553' title='bbox 1461 4465 1928 4563; x_wconf 87' lang='lat' dir='ltr'>etpropterhunrdilectum</span> <span class='ocrx_word' id='word_1_554' title='bbox 1941 4463 2054 4532; x_wconf 85' lang='lat' dir='ltr'>filium</span> 
     </span>
     <span class='ocr_line' id='line_1_44' title="bbox 49 4563 2054 4663; baseline 0.002 -37"><span class='ocrx_word' id='word_1_555' title='bbox 49 4577 152 4650; x_wconf 89' lang='lat' dir='ltr'>netur,</span> <span class='ocrx_word' id='word_1_556' title='bbox 178 4587 244 4634; x_wconf 89' lang='lat' dir='ltr'>nec</span> <span class='ocrx_word' id='word_1_557' title='bbox 260 4564 502 4635; x_wconf 86' lang='lat' dir='ltr'>defenduntur</span> <span class='ocrx_word' id='word_1_558' title='bbox 517 4563 746 4662; x_wconf 87' lang='lat' dir='ltr'>pertinaciter</span> <span class='ocrx_word' id='word_1_559' title='bbox 761 4565 858 4636; x_wconf 91' lang='lat' dir='ltr'>idola</span> <span class='ocrx_word' id='word_1_560' title='bbox 875 4583 937 4640; x_wconf 90' lang='lat' dir='ltr'>aut</span> <span class='ocrx_word' id='word_1_561' title='bbox 952 4570 1017 4641; x_wconf 89' lang='lat' dir='ltr'>alii</span> <span class='ocrx_word' id='word_1_562' title='bbox 1067 4588 1162 4647; x_wconf 87' lang='lat' dir='ltr'>certo</span> <span class='ocrx_word' id='word_1_563' title='bbox 1184 4573 1364 4643; x_wconf 86' lang='lat' dir='ltr'>remittere</span> <span class='ocrx_word' id='word_1_564' title='bbox 1386 4589 1545 4663; x_wconf 89' lang='lat' dir='ltr'>peccata,</span> <span class='ocrx_word' id='word_1_565' title='bbox 1572 4585 1608 4644; x_wconf 91' lang='lat' dir='ltr'>et</span> <span class='ocrx_word' id='word_1_566' title='bbox 1630 4573 1712 4641; x_wconf 89' lang='lat' dir='ltr'>dare</span> <span class='ocrx_word' id='word_1_567' title='bbox 1734 4571 1842 4642; x_wconf 86' lang='lat' dir='ltr'>vitam</span> <span class='ocrx_word' id='word_1_568' title='bbox 1868 4582 2054 4640; x_wconf 86' lang='lat' dir='ltr'>aeternam.</span> 
     </span>
     <span class='ocr_line' id='line_1_45' title="bbox 49 4661 2054 4770; baseline 0.004 -42"><span class='ocrx_word' id='word_1_569' title='bbox 49 4665 113 4732; x_wconf 86' lang='lat' dir='ltr'>tetri</span> <span class='ocrx_word' id='word_1_570' title='bbox 140 4667 296 4752; x_wconf 87' lang='lat' dir='ltr'>furores,</span> <span class='ocrx_word' id='word_1_571' title='bbox 326 4665 407 4736; x_wconf 91' lang='lat' dir='ltr'>talis</span> <span class='ocrx_word' id='word_1_572' title='bbox 437 4678 558 4735; x_wconf 89' lang='lat' dir='ltr'>coetus</span> <span class='ocrx_word' id='word_1_573' title='bbox 581 4689 664 4736; x_wconf 90' lang='lat' dir='ltr'>vere</span> <span class='ocrx_word' id='word_1_574' title='bbox 686 4679 737 4736; x_wconf 91' lang='lat' dir='ltr'>est</span> <span class='ocrx_word' id='word_1_575' title='bbox 756 4661 914 4738; x_wconf 91' lang='lat' dir='ltr'>Ecclesia</span> <span class='ocrx_word' id='word_1_576' title='bbox 936 4672 1017 4744; x_wconf 89' lang='lat' dir='ltr'>Dei.</span> <span class='ocrx_word' id='word_1_577' title='bbox 1069 4675 1120 4748; x_wconf 89' lang='lat' dir='ltr'>lta</span> <span class='ocrx_word' id='word_1_578' title='bbox 1135 4676 1176 4746; x_wconf 89' lang='lat' dir='ltr'>iu</span> <span class='ocrx_word' id='word_1_579' title='bbox 1188 4673 1393 4745; x_wconf 87' lang='lat' dir='ltr'>recitatione</span> <span class='ocrx_word' id='word_1_580' title='bbox 1402 4672 1566 4770; x_wconf 88' lang='lat' dir='ltr'>Symboli</span> <span class='ocrx_word' id='word_1_581' title='bbox 1580 4696 1772 4743; x_wconf 88' lang='lat' dir='ltr'>asseveras:</span> <span class='ocrx_word' id='word_1_582' title='bbox 1799 4671 1914 4744; x_wconf 87' lang='lat' dir='ltr'>Credo</span> <span class='ocrx_word' id='word_1_583' title='bbox 1930 4669 2054 4740; x_wconf 90' lang='lat' dir='ltr'>remis-</span> 
     </span>
     <span class='ocr_line' id='line_1_46' title="bbox 50 4760 2055 4876; baseline 0.003 -45"><span class='ocrx_word' id='word_1_584' title='bbox 50 4760 118 4876; x_wconf 77' lang='lat' dir='ltr'>ldeo</span> <span class='ocrx_word' id='word_1_585' title='bbox 137 4769 180 4835; x_wconf 92' lang='lat' dir='ltr'>ad</span> <span class='ocrx_word' id='word_1_586' title='bbox 202 4763 299 4838; x_wconf 90' lang='lat' dir='ltr'>hunc</span> <span class='ocrx_word' id='word_1_587' title='bbox 321 4782 459 4838; x_wconf 91' lang='lat' dir='ltr'>coetum</span> <span class='ocrx_word' id='word_1_588' title='bbox 484 4769 646 4852; x_wconf 88' lang='lat' dir='ltr'>accedas,</span> <span class='ocrx_word' id='word_1_589' title='bbox 672 4780 708 4839; x_wconf 90' lang='lat' dir='ltr'>et</span> <span class='ocrx_word' id='word_1_590' title='bbox 728 4769 760 4838; x_wconf 92' lang='lat' dir='ltr'>ei</span> <span class='ocrx_word' id='word_1_591' title='bbox 784 4772 1017 4865; x_wconf 87' lang='lat' dir='ltr'>teadiungas,</span> <span class='ocrx_word' id='word_1_592' title='bbox 1062 4780 1203 4850; x_wconf 81' lang='lat' dir='ltr'>‘sionem</span> <span class='ocrx_word' id='word_1_593' title='bbox 1240 4788 1482 4868; x_wconf 86' lang='lat' dir='ltr'>peccatorum:</span> <span class='ocrx_word' id='word_1_594' title='bbox 1528 4790 1561 4847; x_wconf 89' lang='lat' dir='ltr'>et</span> <span class='ocrx_word' id='word_1_595' title='bbox 1595 4776 1807 4871; x_wconf 88' lang='lat' dir='ltr'>nominatim</span> <span class='ocrx_word' id='word_1_596' title='bbox 1829 4760 1905 4848; x_wconf 54' lang='lat' dir='ltr'>&#39;hoc</span> <span class='ocrx_word' id='word_1_597' title='bbox 1937 4770 2055 4855; x_wconf 90' lang='lat' dir='ltr'>credo,</span> 
     </span>
     <span class='ocr_line' id='line_1_47' title="bbox 51 4863 2054 4966; baseline 0.004 -31"><span class='ocrx_word' id='word_1_598' title='bbox 51 4879 129 4937; x_wconf 81' lang='lat' dir='ltr'>turta</span> <span class='ocrx_word' id='word_1_599' title='bbox 151 4869 372 4943; x_wconf 86' lang='lat' dir='ltr'>dictum-filii</span> <span class='ocrx_word' id='word_1_600' title='bbox 397 4865 480 4938; x_wconf 88' lang='lat' dir='ltr'>Dei:</span> <span class='ocrx_word' id='word_1_601' title='bbox 515 4863 612 4938; x_wconf 90' lang='lat' dir='ltr'>Oves</span> <span class='ocrx_word' id='word_1_602' title='bbox 636 4895 734 4942; x_wconf 86' lang='lat' dir='ltr'>meae</span> <span class='ocrx_word' id='word_1_603' title='bbox 757 4895 879 4944; x_wconf 90' lang='lat' dir='ltr'>vocem</span> <span class='ocrx_word' id='word_1_604' title='bbox 900 4901 1015 4949; x_wconf 87' lang='lat' dir='ltr'>meam</span> <span class='ocrx_word' id='word_1_605' title='bbox 1066 4879 1311 4951; x_wconf 89' lang='lat' dir='ltr'>remissionem</span> <span class='ocrx_word' id='word_1_606' title='bbox 1344 4901 1419 4948; x_wconf 91' lang='lat' dir='ltr'>non</span> <span class='ocrx_word' id='word_1_607' title='bbox 1441 4879 1558 4950; x_wconf 90' lang='lat' dir='ltr'>solum</span> <span class='ocrx_word' id='word_1_608' title='bbox 1579 4876 1676 4961; x_wconf 86' lang='lat' dir='ltr'>aliis,</span> <span class='ocrx_word' id='word_1_609' title='bbox 1717 4882 1776 4950; x_wconf 88' lang='lat' dir='ltr'>sed</span> <span class='ocrx_word' id='word_1_610' title='bbox 1801 4873 1890 4948; x_wconf 90' lang='lat' dir='ltr'>mihi</span> <span class='ocrx_word' id='word_1_611' title='bbox 1913 4897 2054 4966; x_wconf 89' lang='lat' dir='ltr'>quoque</span> 
     </span>
     <span class='ocr_line' id='line_1_48' title="bbox 53 4969 2052 5070; baseline -0.002 -20"><span class='ocrx_word' id='word_1_612' title='bbox 53 4969 193 5044; x_wconf 66' lang='lat' dir='ltr'>ludium·</span> <span class='ocrx_word' id='word_1_613' title='bbox 1065 4983 1154 5052; x_wconf 89' lang='lat' dir='ltr'>dari.</span> <span class='ocrx_word' id='word_1_614' title='bbox 1221 4979 1411 5050; x_wconf 82' lang='lat' dir='ltr'>Asseverat</span> <span class='ocrx_word' id='word_1_615' title='bbox 1450 4981 1543 5050; x_wconf 88' lang='lat' dir='ltr'>idem</span> <span class='ocrx_word' id='word_1_616' title='bbox 1582 4995 1616 5052; x_wconf 87' lang='lat' dir='ltr'>et</span> <span class='ocrx_word' id='word_1_617' title='bbox 1649 4974 1828 5052; x_wconf 90' lang='lat' dir='ltr'>Iohannes</span> <span class='ocrx_word' id='word_1_618' title='bbox 1868 4975 2052 5070; x_wconf 68' lang='lat' dir='ltr'>inquiens:</span> 
     </span>
     <span class='ocr_line' id='line_1_49' title="bbox 135 5064 1898 5173; baseline 0.007 -33"><span class='ocrx_word' id='word_1_619' title='bbox 135 5067 292 5142; x_wconf 89' lang='lat' dir='ltr'>Obiicies</span> <span class='ocrx_word' id='word_1_620' title='bbox 315 5064 373 5140; x_wconf 92' lang='lat' dir='ltr'>hic</span> <span class='ocrx_word' id='word_1_621' title='bbox 396 5070 531 5142; x_wconf 89' lang='lat' dir='ltr'>denuo:</span> <span class='ocrx_word' id='word_1_622' title='bbox 558 5068 723 5146; x_wconf 84' lang='lat' dir='ltr'>Clamant</span> <span class='ocrx_word' id='word_1_623' title='bbox 745 5099 867 5148; x_wconf 88' lang='lat' dir='ltr'>omnes</span> <span class='ocrx_word' id='word_1_624' title='bbox 890 5091 1014 5161; x_wconf 88' lang='lat' dir='ltr'>sectae,</span> <span class='ocrx_word' id='word_1_625' title='bbox 1065 5082 1139 5173; x_wconf 88' lang='lat' dir='ltr'>Qui</span> <span class='ocrx_word' id='word_1_626' title='bbox 1155 5107 1230 5153; x_wconf 90' lang='lat' dir='ltr'>non</span> <span class='ocrx_word' id='word_1_627' title='bbox 1247 5081 1356 5151; x_wconf 89' lang='lat' dir='ltr'>credit</span> <span class='ocrx_word' id='word_1_628' title='bbox 1370 5078 1465 5165; x_wconf 87' lang='lat' dir='ltr'>Deo,</span> <span class='ocrx_word' id='word_1_629' title='bbox 1490 5083 1692 5154; x_wconf 88' lang='lat' dir='ltr'>mendacem</span> <span class='ocrx_word' id='word_1_630' title='bbox 1709 5082 1898 5153; x_wconf 82' lang='lat' dir='ltr'>eumfacit.</span> 
     </span>
     <span class='ocr_line' id='line_1_50' title="bbox 54 5167 2053 5285; baseline 0.009 -47"><span class='ocrx_word' id='word_1_631' title='bbox 54 5173 244 5285; x_wconf 56' lang='lat' dir='ltr'>erectuans</span> <span class='ocrx_word' id='word_1_632' title='bbox 272 5195 394 5242; x_wconf 88' lang='lat' dir='ltr'>vocem</span> <span class='ocrx_word' id='word_1_633' title='bbox 419 5167 605 5263; x_wconf 86' lang='lat' dir='ltr'>Evangelii</span> <span class='ocrx_word' id='word_1_634' title='bbox 637 5175 898 5270; x_wconf 84' lang='lat' dir='ltr'>incorruptam:</span> <span class='ocrx_word' id='word_1_635' title='bbox 935 5182 1015 5274; x_wconf 91' lang='lat' dir='ltr'>quis</span> <span class='ocrx_word' id='word_1_636' title='bbox 1166 5183 1399 5255; x_wconf 82' lang='lat' dir='ltr'>Manifestum</span> <span class='ocrx_word' id='word_1_637' title='bbox 1431 5183 1540 5273; x_wconf 86' lang='lat' dir='ltr'>igitur</span> <span class='ocrx_word' id='word_1_638' title='bbox 1561 5197 1613 5256; x_wconf 92' lang='lat' dir='ltr'>est</span> <span class='ocrx_word' id='word_1_639' title='bbox 1633 5209 1673 5254; x_wconf 90' lang='lat' dir='ltr'>ac</span> <span class='ocrx_word' id='word_1_640' title='bbox 1697 5184 1887 5255; x_wconf 87' lang='lat' dir='ltr'>certissime</span> <span class='ocrx_word' id='word_1_641' title='bbox 1912 5209 2053 5256; x_wconf 86' lang='lat' dir='ltr'>verum:</span> 
     </span>
     <span class='ocr_line' id='line_1_51' title="bbox 54 5275 2145 5380; baseline 0.01 -42"><span class='ocrx_word' id='word_1_642' title='bbox 54 5285 142 5355; x_wconf 78' lang='lat' dir='ltr'>tgctur</span> <span class='ocrx_word' id='word_1_643' title='bbox 161 5275 263 5346; x_wconf 84' lang='lat' dir='ltr'>iudex</span> <span class='ocrx_word' id='word_1_644' title='bbox 278 5288 347 5358; x_wconf 87' lang='lat' dir='ltr'>est,</span> <span class='ocrx_word' id='word_1_645' title='bbox 372 5297 544 5366; x_wconf 82' lang='lat' dir='ltr'>quaenam</span> <span class='ocrx_word' id='word_1_646' title='bbox 560 5290 653 5349; x_wconf 88' lang='lat' dir='ltr'>recte</span> <span class='ocrx_word' id='word_1_647' title='bbox 668 5279 813 5352; x_wconf 83' lang='lat' dir='ltr'>doceat?</span> <span class='ocrx_word' id='word_1_648' title='bbox 848 5279 1014 5376; x_wconf 62' lang='lat' dir='ltr'>Respon2</span> <span class='ocrx_word' id='word_1_649' title='bbox 1063 5285 1290 5358; x_wconf 85' lang='lat' dir='ltr'>Pontificium</span> <span class='ocrx_word' id='word_1_650' title='bbox 1323 5285 1532 5372; x_wconf 88' lang='lat' dir='ltr'>articulum,</span> <span class='ocrx_word' id='word_1_651' title='bbox 1567 5287 1605 5356; x_wconf 93' lang='lat' dir='ltr'>in</span> <span class='ocrx_word' id='word_1_652' title='bbox 1631 5311 1701 5380; x_wconf 90' lang='lat' dir='ltr'>quo</span> <span class='ocrx_word' id='word_1_653' title='bbox 1726 5285 1900 5358; x_wconf 83' lang='lat' dir='ltr'>dubitatio</span> <span class='ocrx_word' id='word_1_654' title='bbox 1922 5287 2053 5360; x_wconf 86' lang='lat' dir='ltr'>confir·</span> <span class='ocrx_word' id='word_1_655' title='bbox 2142 5275 2145 5282; x_wconf 57' lang='grc'><strong>’</strong></span> 
     </span>
    </p>
   </div>
   <div class='ocr_carea' id='block_1_5' title="bbox 0 0 2300 5808">
    <p class='ocr_par' dir='ltr' id='par_1_5' title="bbox 0 0 2300 5808">
     <span class='ocr_line' id='line_1_52' title="bbox 0 0 2300 5808; baseline 0 0"><span class='ocrx_word' id='word_1_656' title='bbox 0 0 2300 5808; x_wconf 95' lang='lat' dir='ltr'> </span> 
     </span>
    </p>
   </div>
  </div>
 </body>
</html>
