4714 5826
80 189 125 262 rt
496 183 543 258 X.
600 177 904 258 Exrtlca'rto
938 170 1352 256 PROVERBIORUM
1384 163 1689 246 SALOMONIS.
2061 175 2112 248 ιι

80 355 145 428 bos
168 379 310 452 quoque
332 352 398 428 has
418 357 558 446 regulas
577 356 623 426 de
645 367 786 426 externa
802 355 895 435 vita,
921 353 1065 423 univer·
1117 355 1230 419 ctum:
1263 343 1482 416 Commendo
1504 338 1581 412 Deo
1607 339 1703 410 viam
1731 351 1847 424 tuam,
1881 355 1915 416 et
1942 365 2043 438 spera
2067 345 2106 416 in

81 461 215 532 saliter:
244 461 388 530 Atrocia
406 459 533 530 delicta
547 457 760 530 comitantur
773 471 908 528 atroces
923 478 1067 547 poenae,
1117 474 1217 540 eum,
1245 462 1280 519 et
1299 448 1374 540 ipse
1391 446 1505 516 faciet.

83 576 139 641 ut,
164 561 316 632 Davidis
337 560 570 644 adulterium,
596 557 771 629 Manassis
788 559 939 637 scelera,
966 580 1066 626 secu-

82 677 135 734 tae
158 677 244 734 sunt
266 659 457 752 horribiles
480 685 629 752 poenae:
666 663 732 753 piis
754 685 837 730 vero
861 661 1068 750 mitigantur

81 765 216 835 multae
239 788 394 854 poenae,
418 777 452 834 et
467 763 661 832 multorum
678 777 727 833 est
744 763 971 854 tranquillior
986 783 1070 830 cur·

81 890 151 936 sus.
205 863 274 934 Hic
290 866 399 955 igitur
414 889 517 954 saepe
531 864 755 934 inculcantur
769 863 1019 954 promissiones
1033 873 1069 931 et
1222 858 1451 949 Praeceptum
1480 869 1532 927 est
1559 857 1603 924 de
1628 847 1797 949 ἐπιεικείᾳ
1818 868 1853 924 et
1872 855 1926 925 de·
1940 858 2105 940 candore,

80 981 247 1037 aeternae
267 982 303 1038 et
325 966 544 1057 corporales,
567 979 608 1036 ut
630 961 698 1035 hoc
721 965 961 1034 locodicitur:
986 963 1067 1034 Non
1120 961 1300 1050 pertinens
1337 962 1381 1027 ad
1417 957 1582 1051 quintum
1616 970 1650 1027 et
1679 971 1841 1026 octavum
1870 975 2106 1050 praeceptum.

80 1070 173 1141 sinet
193 1069 330 1140 esurire
350 1065 527 1139 Dominus
548 1068 702 1137 animam
726 1065 822 1140 iusti.
881 1064 973 1138 Psal.
990 1065 1067 1138 db:
1120 1061 1190 1133 Hic
1207 1063 1361 1154 primum
1380 1060 1467 1129 scire
1484 1079 1624 1128 necesse
1638 1071 1690 1129 est
1705 1082 1910 1129 communes
1926 1061 2105 1132 definitio·

81 1169 221 1241 Leones
246 1173 468 1254 esurierunt,
503 1168 710 1242 timentibus
731 1180 848 1238 autem
871 1166 1068 1242 Dominum
1122 1189 1183 1234 nes
1199 1182 1233 1235 et
1248 1163 1492 1233 distinctiones
1511 1159 1679 1234 iusticias.

80 1296 153 1340 non
172 1273 289 1344 deerit
305 1273 420 1343 ullum
438 1273 586 1349 bonum.
1223 1265 1363 1335 lusticia
1394 1261 1616 1356 particularis
1645 1276 1696 1335 cst
1720 1260 1831 1333 virtus
1854 1283 1956 1333 suum
1980 1265 2107 1360 cuique

183 1389 283 1460 Haec
319 1392 518 1462 communis
555 1391 715 1461 doctrina
751 1392 796 1461 de
831 1391 1070 1474 distinctione,
1121 1369 1291 1444 illimem·

80 1517 188 1584 quam
207 1493 323 1572 sanxit
337 1508 478 1564 aeterua
494 1506 529 1564 et
543 1491 690 1564 immota
706 1493 876 1584 sapientia
893 1492 959 1563 Dei
977 1495 1070 1562 fimet
1223 1469 1283 1543 Sic
1305 1470 1442 1540 iusticia
1466 1467 1594 1538 iudicis
1615 1481 1665 1538 est
1691 1467 1803 1538 virtus
1826 1467 1985 1538 tribuens
2005 1469 2108 1540 iustis

79 1609 173 1666 recta
199 1606 237 1663 et
257 1617 330 1662 non
352 1608 465 1678 recta,
490 1608 525 1664 et
547 1597 591 1664 de
609 1596 773 1684 praemiis
790 1610 823 1665 et
840 1597 963 1687 poenis
977 1619 1069 1664 sern-
1122 1573 1379 1655 d²f²¹¹⁵i⁰¹¹0¹⁰r
1403 1585 1438 1641 ⁸²
1460 1593 1592 1664 P⁰⁰¹¹³⁸
1608 1569 1761 1689 inludi&
1812 1565 1906 1657 Q¹¹i³
1925 1593 2008 1639 V⁰f⁰
2026 1595 2106 1660 fisi·

79 1721 142 1788 pp„
163 1696 212 1766 δὴ
235 1695 273 1762 ῑῃ
299 1710 505 1786 conspectu,
538 1708 573 1764 ῃ
593 1696 698 1764 samur
721 1699 965 1767 commeretur
987 1698 1070 1766 unp,
1122 1679 1188 1746 dus
1203 1689 1286 1746 sunt
1304 1675 1526 1751 delictorum,
1553 1686 1592 1741 ut
1608 1685 1761 1740 atrocrus
1777 1672 1890 1741 scelus
1907 1685 1958 1740 est
1972 1672 2107 1743 diaboli

80 1820 180 1865 versa
208 1797 371 1866 doctrina
395 1798 440 1865 de
461 1793 635 1877 Ecclesia,
670 1798 713 1865 de
736 1797 965 1868 distinctione
985 1824 1071 1889 pro·
1123 1803 1226 1869 ‘luam
1243 1775 1359 1860 Adlfls
1385 1773 1539 1845 aimei&
1556 1787 1606 1843 ⁰⁸¹
1623 1773 1726 1861 ‘llil‘a
1743 1771 1852 1842 ludii
1870 1797 1975 1866 ‘luam
1994 1772 2106 1844 pmii

79 1898 263 1967 missionis
279 1912 439 1968 aeternae
455 1910 489 1969 et
503 1895 751 1988 corporalium,
805 1898 892 1969 1101„
909 1901 1070 1972 domina
1122 1880 1278 1949 distincti
1303 1892 1387 1948 sunt
1410 1891 1443 1948 et
1460 1879 1589 1966 gradus
1609 1873 1767 1943 institiae
1783 1875 1953 1959 vindicis,
1976 1877 2107 1946 severi·

79 2003 121 2070 de
137 2024 255 2070 cruce.
482 1999 484 2004 ’
718 2047 722 2054 .
1121 1999 1172 2052 tas
1190 1995 1223 2050 et
1239 1982 1414 2073 aequitas,
1440 1994 1473 2048 et
1489 1993 1639 2070 utraque
1653 1990 1703 2043 est
1717 1975 1874 2060 iusticia,
1900 2001 1940 2045 ac
1955 1990 2108 2050 extrema

1122 2097 1201 2152 sunt
1218 2086 1352 2163 eadem,
1378 2081 1567 2149 crudelitas
1582 2093 1614 2148 et
1631 2077 1863 2164 indulgentia,
1915 2077 2013 2170 Sylla
2026 2085 2107 2150 ειη.

1121 2183 1209 2252 delis
1233 2183 1318 2265 fuit,
1345 2181 1406 2273 qui
1431 2181 1535 2248 etiam
1561 2191 1638 2268 post
1662 2178 1846 2247 victoriam
1870 2181 1998 2250 occidit
2022 2205 2107 2272 pro·

1122 2285 1289 2354 misenam
1313 2280 1601 2366 multitudinem,
1629 2279 1719 2347 sicut
1741 2277 1858 2371 inquit
1880 2281 2000 2369 polita:
2033 2278 2108 2352 Ex·

1122 2386 1223 2455 cessit
1238 2384 1413 2455 medicina
1431 2385 1587 2451 modum.
1639 2378 1753 2449 lulius
1767 2381 1919 2470 pepercit
1928 2378 2105 2465 Ciceroni,

1122 2487 1295 2558 Marcello
1326 2499 1363 2556 et
1391 2485 1490 2571 aliis,
1524 2497 1558 2553 et
1588 2481 1624 2550 iu
1652 2481 1741 2552 urbe
1765 2482 1900 2551 nullam
1926 2485 2105 2555 saevitiam

1121 2589 1287 2662 exercuit.

1221 2689 1478 2761 Disceruantur
1500 2701 1615 2757 autem
1638 2685 1675 2754 in
1692 2680 1760 2755 boc
1775 2685 1869 2758 dicto
1888 2683 2106 2758 Salomonis:

1122 2793 1296 2866 Universa
1319 2791 1447 2862 delicta
1470 2789 1584 2881 operit
1605 2787 1764 2859 dilectio:
1791 2789 1896 2858 iudex
1917 2801 1950 2857 et
1969 2790 2106 2879 privata

1167 610 1309 688 Odium
1338 613 1492 686 suscitat
1524 610 1652 694 rixas,
1687 612 1859 710 universo
1890 625 2011 686 autem
2043 614 2105 688 de-

1221 719 1311 792 licta
1328 717 1442 816 operit
1461 711 1619 792 dilectio.

183 2116 278 2188 Sunt
293 2133 410 2188 autem
429 2119 636 2209 praecipuae
653 2142 774 2190 causae
790 2132 959 2214 quatrmr,
987 2142 1069 2208 pro·

81 2235 157 2307 pter
183 2242 271 2311 quas
288 2213 467 2290 Ecclesiae
487 2221 636 2292 traditae
656 2235 739 2292 sunt
758 2221 1007 2314 promissiones
1026 2222 1069 2289 dc

77 2321 184 2388 bouis
202 2322 464 2412 corporalibus:

180 2435 318 2507 Prima.
378 2436 426 2509 Ut
450 2437 520 2508 sint
541 2437 742 2510 testimonia
765 2439 809 2508 de
832 2438 1071 2530 providentia,

79 2552 205 2610 contra
218 2533 420 2636 Epicureas¹
430 2539 637 2631 opiniones,
666 2565 710 2610 ue
728 2540 966 2610 existimemus
984 2536 1069 2610 baec

77 2643 172 2710 bona
193 2641 335 2710 externa
354 2663 435 2714 casu
452 2643 587 2732 spargi,
613 2667 652 2711 ac
671 2643 876 2734 praesertim
892 2642 930 2710 in
946 2637 1069 2712 Eccle-

76 2744 130 2811 sia
164 2743 310 2812 dantur·
331 2741 505 2832 singulari
538 2744 687 2813 consilio
716 2741 803 2831 Dei,
834 2758 868 2814 et
896 2743 1069 2831 singulari

1 2861 2 2922 i
76 2843 202 2914 [πόθ’
231 2839 329 2912 ’1ωο
353 2857 386 2913 ⁸²
410 2857 474 2912 t⁰¹¹
498 2867 618 2934 genem
643 2839 801 2916 humani)
822 2860 982 2916 mmm
1005 2869 1070 2916 Μ’
1123 2919 1284 2987 persona.
1344 2892 1453 2964 ludex
1478 2892 1644 2960 mandato
1667 2889 1790 2959 divino
1815 2890 1953 2978 cogitur
1975 2893 2108 2961 severi-

75 2961 157 3017 ΝΜ
175 2966 300 3040 ΜΨ
314 2959 457 3037 Pmi'm
472 2943 678 3018 Ecdfflm·
1122 3011 1192 3068 tate
1210 2998 1262 3066 uti
1281 2997 1447 3064 adversus
1465 2992 1599 3086 eosqui
1618 2991 1784 3061 atrociter
1798 2993 2043 3084 deliquerunt,
2065 3007 2106 3065 ιιι

182 3059 361 3134 Secunda·
379 3050 469 3136 μυί
498 3078 669 3135 tinemut
698 3060 815 3134 Deum
845 3077 1067 3134 servaturum
1122 3103 1288 3169 adversus
1304 3091 1540 3187 blasphemos,
1566 3095 1737 3185 periuros,
1760 3089 1965 3176 homicidas,
1987 3094 2106 3184 pollu-

77 3187 151 3285 f⁵⁵⁰
174 3157 528 3282 E⁰⁰¹⁰⁵i³¹i¹sfii³m
554 3166 591 3234 5¹¹
615 3161 681 3284 ΙΨ
703 3166 794 3284 Vita)
820 3181 854 3236 Εἴ
877 3166 1069 3284 willemus
1122 3214 1175 3272 tos
1192 3199 1374 3269 adulteriis
1389 3212 1422 3269 et
1435 3197 1576 3266 incestis
1589 3195 1813 3264 libidinibus.
1851 3192 2015 3266 Deutero.
2031 3195 2104 3270 19.:

77 3291 115 3334 ιιι
135 3261 364 3352 bacgmortalr
383 3265 1006 3358 uta-oporteremeoauEcclesram.
1121 3303 1270 3372 Auferes
1301 3301 1430 3368 malum
1462 3299 1506 3367 de
1534 3296 1654 3365 medio
1683 3297 1754 3380 wi,
1785 3320 1858 3365 non
1883 3297 2105 3368 misereberis

186 3379 322 3451 Τθῐῐῖὃ·
372 3379 1068 3468 Uifid0⁸015⁰V00³¹i⁰²¹ffl⁰³¹¹i⁰fiss
1122 3404 1218 3492 eius,
1252 3403 1310 3471 sed
1335 3401 1381 3471 sit
1403 3401 1520 3469 anima
1545 3423 1609 3489 pro
1635 3397 1772 3479 anima,
1806 3400 1887 3492 quia
1910 3396 2005 3468 Deus
2028 3401 2106 3472 vult

79 3483 291 3579 q¹¹⁰¹idi³¹¹³
317 3486 543 3571 memma
575 3487 614 3555 5¹¹
647 3488 796 3577 pelenda
824 3511 929 3576 Pice,
963 3487 1072 3568 Viciu,
1121 3504 1277 3594 conspici
1307 3525 1456 3592 poenas,
1490 3515 1531 3571 ut
1560 3510 1769 3588 agnoscatur
1798 3499 1873 3591 ipse
1900 3501 2104 3571 discernens

77 3589 176 3658 b⁰⁰³
194 3583 415 3672 V³i²i¹ldi¹¹0=
441 3609 601 3657 ⁸⁰⁰⁶&ss
617 3587 655 3656 3¹¹
671 3588 942 3676 Bubssinflliffll‘·
1121 3621 1212 3676 recta
1237 3618 1269 3674 et
1287 3628 1359 3672 non
1375 3617 1488 3686 recta,
1514 3614 1546 3671 et
1563 3599 1724 3670 iudicans
1739 3625 1778 3672 ac
1795 3601 1945 3694 puniens
1962 3602 2105 3689 scelera,

184 3699 322 3789 Quarta
340 3725 454 3775 causa.
507 3701 555 3774 Ut
570 3706 642 3774 sint
657 3707 1009 3778 commonefactiones
1027 3707 1069 3774 de
1121 3709 1252 3778 deinde
1273 3719 1312 3775 ut
1335 3705 1533 3774 communis
1554 3703 1701 3774 societas
1723 3705 1942 3778 defendatur.
2005 3701 2103 3774 ldem

77 3802 321 3897 promissione
358 3817 519 3886 aeterua,
557 3805 639 3899 quia
679 3807 716 3876 in
755 3809 853 3875 omni
890 3808 1070 3898 petitione,
1122 3825 1238 3880 autem
1260 3809 1366 3876 iudex
1383 3807 1553 3892 intelliget
1569 3829 1728 3898 quoque,
1755 3806 1815 3874 ubi
1834 3807 2018 3876 leniendae
2032 3807 2105 3877 sint

79 3919 224 3998 oportet
249 3899 449 3993 praelucere
472 3907 595 3990 fidem,
630 3932 717 3999 quae
742 3909 866 3998 accipit
891 3910 1070 3979 remissio·
1123 3933 1272 4002 poenae,
1299 3909 1387 3976 sicut
1405 3909 1495 3996 leges
1511 3907 1605 3996 ipsae
1622 3911 1666 3974 de
1683 3907 1787 3974 caede
1802 3931 1844 3976 ex
1859 3906 1997 3976 insidiis
2013 3905 2104 3977 iacta

79 4033 162 4078 nem
189 4019 413 4097 peccatorum
437 4023 579 4097 propter
599 4007 853 4095 Mediatorem,
877 4026 911 4080 et
933 4033 1071 4101 semper
1122 4027 1205 4082 sunt
1232 4011 1442 4090 atrociores,
1475 4031 1579 4100 quam
1606 4013 1650 4074 cte
1673 4009 1778 4075 caede
1800 4007 1954 4079 fortuita.
2006 4003 2103 4076 Haec

81 4112 279 4199 cogitemus
300 4103 493 4177 Ecclesiam
518 4109 556 4178 iu
582 4104 646 4180 bac
668 4111 739 4180 vita
763 4137 905 4205 quoque
928 4125 1071 4206 propter
1122 4115 1235 4183 virtus
1258 4110 1473 4180 moderatrix
1495 4109 1700 4178 nominatur
1722 4103 1909 4188 ἐπιείκεια,
1942 4122 2105 4200 quaeest

80 4237 162 4282 eum
189 4223 224 4279 ct
244 4232 309 4300 per
325 4233 406 4278 eum
422 4211 574 4294 servari,
600 4209 688 4280 sicut
705 4211 810 4284 dicit:
837 4210 912 4302 Ego
928 4216 1069 4303 gestabo
1124 4216 1280 4297 iusticia,
1312 4236 1373 4282 seu
1404 4211 1495 4299 leges
1525 4209 1678 4301 aliquas,
1713 4233 1774 4279 scu
1803 4231 1933 4302 poenas
1961 4223 2106 4301 propter

79 4338 143 4383 ros
165 4312 209 4380 in
230 4311 329 4395 sinu,
356 4310 447 4382 sicut
467 4329 586 4400 pastor
606 4334 716 4401 agnos
736 4337 857 4384 recens
880 4317 993 4385 editos
1011 4337 1070 4404 ge·
1124 4318 1295 4386 rationem
1327 4313 1546 4403 probabilem
1574 4311 1757 4399 mitigans,
1790 4324 1823 4380 et
1848 4311 2106 4401 sapientissime
2221 4323 2225 4332 '

77 4429 157 4486 stat.
212 4410 375 4484 Sciamus
397 4413 507 4502 igitur
533 4414 783 4501 promissiones
804 4418 849 4485 de
873 4417 1070 4486 bouiscor·
1123 4419 1248 4488 tradita
1265 4429 1347 4485 sunt
1362 4415 1471 4484 multa
1488 4412 1643 4502 exempla
1658 4408 1765 4481 buius
1779 4413 2018 4502 mitigationis.
2058 4410 2105 4484 Ut

79 4514 266 4606 poralibos
289 4536 364 4581 non
388 4535 462 4584 esse
487 4513 606 4583 irritas
628 4528 663 4586 et
687 4517 885 4586 confirmati
904 4515 969 4586 bac
985 4542 1071 4587 voce
1123 4519 1237 4588 David
1255 4517 1412 4587 esuriens
1426 4538 1510 4584 usus
1525 4528 1575 4583 est
1593 4513 1742 4602 panibus
1758 4517 1989 4587 sacerdotum.

80 4616 224 4694 divina,
252 4628 412 4704 petamus
428 4628 699 4707 etexpectemus
718 4619 910 4688 necessaria
927 4620 1018 4688 vitae
1034 4620 1071 4688 in
1226 4613 1473 4712 Thrasybulus
1501 4615 1615 4683 sanxit
1642 4611 1871 4706 ἀμνηστίαν,
1911 4641 1975 4686 nee
2005 4616 2106 4686 eiecit

82 4716 326 4788 invocatione.
1125 4743 1338 4812 possessores
1356 4743 1396 4788 ex
1414 4717 1639 4789 facultatibus
1658 4709 1818 4810 exulum,
1843 4741 1888 4787 ne
1906 4743 1997 4787 nova
2015 4717 2106 4788 bella

1125 4826 1315 4892 orirentur.

1225 4919 1411 4994 Conradus
1439 4921 1630 5012 imperator
1652 4919 1732 4992 lecit
1753 4942 1872 5008 pacem
1892 4943 1970 4988 cum
1994 4916 2109 4988 Guel-

187 5021 388 5110 Goniungit
408 5022 579 5094 Salomon
603 5025 854 5115 promissiones
875 5038 908 5096 et
932 5047 1073 5115 praece·
1126 5019 1196 5114 pbo
1218 5027 1262 5096 ad
1285 5025 1456 5115 oppidum
1479 5021 1722 5111 Weinsberg,
1756 5047 1835 5092 cum
1860 5035 1980 5090 contra
2003 5020 2110 5089 intel-

81 5141 140 5218 pta
164 5127 211 5194 de
234 5123 379 5203 labore,
403 5127 486 5216 quia
507 5140 698 5218 utrumque
716 5127 886 5218 praecipit
902 5125 1016 5210 Deus,
1040 5139 1073 5197 ct
1125 5127 1254 5196 lectum
1278 5125 1369 5218 pacti
1392 5125 1557 5195 mulieres
1580 5125 1786 5194 extulissent
1802 5123 1898 5190 rims
1915 5137 1947 5194 et
1961 5123 2052 5190 filios
2068 5145 2109 5190 ex

82 5243 124 5298 ot
150 5227 324 5297 iaciamus
350 5249 457 5317 opera
481 5227 696 5309 vocationis,
728 5228 892 5298 et·simul
914 5241 1074 5318 petamus
1126 5251 1222 5314 arce,
1270 5228 1352 5322 quia
1384 5228 1577 5318 imperatur
1610 5227 1831 5317 permiserat,
1878 5237 1917 5294 ut
1948 5223 2111 5291 mulieres

83 5345 116 5399 et
138 5341 365 5421 expectemus
388 5329 434 5400 ab
456 5329 533 5422 ipso
558 5330 674 5400 bonos
696 5344 863 5416 eventus,
898 5331 995 5402 iuxta
1017 5329 1075 5400 di·
1127 5330 1346 5402 discederent
1370 5353 1450 5400 curn
1474 5330 1517 5398 iis
1541 5329 1647 5462 rebup
1664 5351 1751 5421 quas
1766 5337 1908 5419 possent
1923 5338 2112 5418 asportare.

1588 5432 1613 5500 2

132 4881 354 4982 Egestalcm
370 4881 483 4986 efficit
499 4913 635 4960 manus
650 4887 804 4984 ignava.
