4590 5808
12 276 14 307 ⁴
115 377 122 382 ,
242 321 349 380 tunae
378 301 592 376 muneribus
620 315 785 388 ornatus,
817 303 950 377 eminet
981 315 1017 376 et
1042 304 1239 394 antecellit,

5 2055 6 2118 l
138 2099 144 2118 ,
247 2041 346 2111 tione
370 2036 522 2106 aliorum
543 2033 599 2103 vel
621 2033 770 2122 gloriam
794 2057 981 2128 quaerere,
1006 2038 1064 2107 vel
1083 2037 1154 2108 sibi
1172 2062 1239 2130 po-

241 129 320 210 ass
838 127 965 207 rau.
992 73 1349 215 masmim
1373 132 1678 227 meratus.

2193 169 2256 247 blf

1393 309 1559 391 &cauda
1579 319 1718 414 regul&
1751 319 1916 402 Procilio
1936 353 2011 404 aon
2030 347 2087 408 est
2106 275 2258 417 inaniret

245 410 399 502 ideoque
423 406 521 478 velut
545 405 666 478 ebrius
686 419 719 476 et
735 405 927 477 infatuatus
943 408 1161 480 successibus
1177 427 1238 480 su·
1289 411 1404 486 otiosa
1430 432 1466 490 et
1491 419 1621 514 frigida
1644 419 1905 528 &nanim-
1931 455 1992 506 aen
2014 431 2154 510 ethnico
2176 467 2258 518 mnu

185 559 189 566 .
246 509 355 605 parba
384 531 447 580 soa
480 508 628 579 consilia
660 521 695 578 et
718 529 791 588 sese
815 507 1038 598 magnifacit,
1067 532 1148 581 euru
1172 505 1240 580 hac
1290 529 1438 612 propter
1452 527 1746 602 cousuetudinem
1758 531 1861 604 meni
1875 533 2053 608 labiorum
2069 553 2184 628 moto,
2206 539 2290 618 scs-Q

246 615 322 704 ipsa
353 609 408 683 sni
433 609 560 681 fiducia
581 609 650 678 sibi
670 610 818 700 tragicas
838 633 970 701 poenas
993 626 1188 698 accersere,
1217 636 1237 683 a
1289 641 1441 714 cumque
1471 626 1640 717 strepitu,
1671 644 1707 702 et
1735 631 1879 726 linguae
1909 637 2128 714 ,dubium
2158 635 2258 736 lem
2289 623 2290 648 r

246 713 394 810 Dcoque
418 733 541 802 mnus
564 734 606 780 es
632 709 704 780 alto
725 711 863 800 fastigio
888 713 1061 784 deiectum
1081 709 1238 784 horribi-
1288 721 1445 813 prolixas
1466 743 1670 818 precesset
1689 735 1830 806 easdem
1853 761 1894 810 su
1921 741 2094 814 erstitiosa
2113 747 2185 816 sine
2203 751 2260 820 ine
2289 815 2290 830 ,

246 819 330 889 liter
349 815 493 895 cadere,
515 812 607 882 sicut
629 812 800 883 admonui
823 814 1001 904 proxime,
1025 814 1165 906 siguum
1182 838 1238 886 se·
1289 821 1433 896 iterare:
1458 831 1759 922 quemadmodum
1768 833 1940 912 Monachi
1957 845 2260 930 etgacribcnliante

247 935 393 992 suturae
416 915 541 986 ruinae
561 913 793 986 certissimum
818 937 911 999 esse,
942 916 1116 1005 insignem
1140 917 1239 988 inso-'
1290 918 1377 995 haec
1408 939 1567 1023 tempora
1595 937 1813 1025 cogebantur
1833 941 1981 1016 recitare
2002 939 2108 1018 boras
2130 953 2259 1023 canoni·
2289 949 2290 1040 l

247 1021 404 1092 lentiam.
462 1014 610 1107 Semper
632 1016 728 1084 enim
749 1039 852 1087 verae
875 1031 1021 1090 manent
1045 1013 1113 1090 hae
1134 1043 1238 1110 regu-
1289 1048 1365 1113 aaa,
1391 1053 1471 1102 eum
1486 1033 1678 1108 immodice
1692 1039 1866 1129 mum,

1890 1056 1965 1117 turn
1979 1070 2026 1118 ue
2039 1050 2085 1119 ab
2098 1049 2180 1144 ipsis
2192 1055 2259 1147 qui·
2289 1043 2290 1092 l

247 1126 320 1194 lae:
347 1117 444 1190 Deus
467 1117 630 1209 superbis
650 1117 798 1202 resistit,
824 1113 1023 1188 humilibus
1044 1133 1159 1192 autern
1178 1123 1239 1194 dat

1281 1129 1370 1232 ¹dem
1405 1131 1620 1210 intellectas:
1662 1153 1725 1212 sut
1752 1142 1844 1216 sicut
1869 1147 2033 1220 aniculae
2062 1154 2258 1226 rosariomru

248 1223 408 1316 gratiam.
468 1216 578 1305 Item,
609 1219 829 1292 abominatio
852 1217 1010 1291 Domino
1039 1233 1091 1293 est
1120 1224 1240 1294 omnis
1289 1231 2290 1328 naeniasdemurmurahauuinmimommintentione·3

248 1325 421 1421 superbus
437 1323 563 1406 corde,
589 1317 759 1394 Proverb.
781 1321 838 1391 16.
2289 1363 2290 1372 ,

350 1418 498 1495 Disrant
520 1434 637 1492 autem
654 1419 837 1510 homines,
862 1425 1017 1516 primum
1037 1425 1238 1517 agnoscere,
1289 1491 1383 1542 cem

247 1529 436 1600 emendare
457 1538 492 1597 et
513 1548 640 1596 exuere
655 1547 825 1608 crassam,
852 1527 1041 1613 insulsam,
1066 1542 1237 1619 agrestem

248 1646 354 1725 atque
381 1623 639 1698 Thrasonicam
669 1627 884 1720 superbiam.
959 1627 1061 1718 Quae
1091 1629 1239 1723 quidem

249 1731 415 1824 superbia
437 1728 566 1800 rustica
588 1742 624 1801 et
639 1723 858 1802 Thrasouica
882 1744 953 1817 est,
979 1727 1168 1827 Cyclopieo
1183 1733 1239 1804 fa-

249 1849 307 1908 stu
333 1832 450 1924 palam
480 1829 659 1920 despicere
690 1845 796 1925 atque
819 1845 1047 1906 contemnere
1069 1835 1238 1928 reliquos,

185 2022 186 2028 η
248 1959 380 2029 eosque
402 1931 600 2024 maledictis
620 1945 655 2002 et
677 1933 821 2031 probris
845 1959 990 2020 verare,
1012 1949 1047 2006 et
1062 1937 1238 2010 obtrecta-

1452 1333 1458 1342 a

1393 1367 1515 1444 Tertia
1533 1376 1670 1466 regula:
1698 1377 1881 1452 invocatio
1895 1407 1958 1456 seu
1974 1387 2133 1460 adoratio
2146 1405 2193 1462 est
2207 1415 2258 1460 ue-

1384 1471 1458 1554 rius
1480 1489 1514 1548 et
1535 1479 1744 1571 praecipuus
1757 1483 1874 1560 cultus
1889 1484 1976 1573 Dei,
2000 1511 2040 1559 ac
2054 1514 2184 1562 summa
2198 1495 2257 1562 vir·
2289 1535 2290 1546 κ

1288 1586 1364 1658 tus,
1395 1587 1429 1645 et
1456 1578 1600 1670 propria
1621 1582 1731 1654 solius
1753 1579 1948 1674 Ecclesiae,
1980 1611 2041 1660 seu
2064 1615 2143 1663 vere
2167 1589 2257 1664 Chri·
2289 1625 2290 1674 t

1289 1674 1502 1764 stianorum;
1530 1695 1649 1776 estque
1671 1707 1754 1756 vera
1776 1685 2002 1784 lide·aliqui‹l
2023 1707 2139 1784 petere
2159 1719 2176 1765 a
2194 1693 2256 1766 Deo

1289 1790 1434 1868 propter
1469 1781 1702 1856 mediatorem
1734 1783 1932 1861 Dominum
1970 1808 2129 1866 nostrum
2160 1791 2256 1866 lesum
2289 1791 2290 1886 Ῐ

1289 1873 1493 1964 Christum,
1524 1897 1559 1955 et
1579 1899 1699 1978 postea
1719 1891 1848 1978 gratias
1870 1915 1972 1983 agere
1993 1893 2070 1968 Deo
2090 1910 2122 1968 et
2141 1901 2257 1969 media·

1288 1980 1357 2066 tori
1373 2003 1438 2072 pro
1452 1985 1601 2076 acceptis
1620 1987 1811 2068 beneficiis.
2289 2001 2290 2026 l

247 2141 396 2216 tentiam
426 2157 553 2226 augere
575 2134 677 2207 velle.
732 2133 821 2208 Item
874 2139 1002 2210 stolida
1026 2141 1183 2212 vanitate
1203 2156 1238 2214 et
1392 2097 1968 2234 haqufprim¹⁰⁰⁰di⁰⁰mff¹⁸ffi¹²
1985 2117 2162 2239 Ρθῑξῑῐθῃθν
2183 2142 2290 2212 ‘1¹¹³‘3

247 2237 448 2330 arrogantia
472 2237 625 2326 gloriose
647 2238 780 2325 multa,
806 2189 866 2308 sid
880 2240 971 2310 salso
987 2241 1032 2312 de
1046 2265 1121 2314 sese
1134 2265 1238 2335 prae·
1289 2212 1340 2272 ⁰⁸²
1354 2217 1472 2275 Μῦς
1484 2228 1525 2273 ¹¹¹
1540 2207 1665 2328 mdes
1693 2210 1816 2282 V⁰¹²¹¹⁵
1831 2214 1966 2308 ³¹¹q¹¹¹d
1981 2243 2138 2340 ‘’mili“
2153 2245 2170 2291 ³
2185 2217 2256 2306 θεον

247 2345 384 2425 dicare,
409 2352 444 2410 et
463 2339 689 2430 impudenter
710 2360 750 2410 ea
771 2338 841 2410 sibi
859 2337 1032 2426 tribuere,
1055 2367 1146 2436 quae
1161 2369 1236 2434 nou
1289 2318 1324 2374 εἷ
1338 2318 1481 2398 'mm’
1505 2321 1547 2380 ¹¹⁸
1561 2311 1666 2382 ¹¹⁰b¹³
1682 2313 1813 2386 ‘stum‘
1828 2316 1922 2386 b⁰¹¹³
1938 2343 2142 2394 ”mmm-
2289 2419 2290 2448 ,

247 2447 389 2516 adsunt.
450 2437 556 2510 ltem:
591 2438 751 2529 ingerere
774 2463 811 2510 se
832 2441 959 2512 alienis
980 2445 1238 2532 vocationibus,
1392 2435 1450 2508 Ad
1473 2441 1681 2530 petitionem
1703 2469 1788 2516 vero
1811 2452 2007 2525 necessaria
2026 2468 2077 2527 est
2092 2455 2257 2550 praecipue

247 2569 314 2616 nec
341 2544 499 2614 tribuere
525 2540 677 2631 siugulis
703 2543 873 2632 gradum,
906 2544 943 2613 iu
974 2568 1080 2637 quem
1109 2549 1238 2620 ordine
1289 2536 1448 2632 quinque
1465 2562 1585 2612 rerum
1598 2546 1846 2620 consideratio.
2248 2579 2252 2585 ·
2289 2575 2290 2662 ᾗ

247 2645 411 2719 collocati
435 2654 537 2726 sunt,
562 2643 623 2714 sed
644 2643 812 2715 invadere
829 2644 1007 2716 in'eornm
1024 2647 1240 2740 functiones,
1390 2654 1513 2731 Primo
1536 2661 1764 2752 cogitandum
1788 2681 1857 2754 est,
1888 2693 1998 2764 quem
2022 2673 2176 2761 invoces,
2205 2675 2255 2770 qui

195 2819 209 2840 x
247 2765 282 2822 et
302 2749 394 2818 velle
405 2769 549 2841 quoquo
564 2745 671 2817 modo
685 2746 894 2820 antecellere
908 2747 998 2822 aliis.
1047 2745 1152 2822 llam:
1179 2753 1239 2827 in·
1289 2756 1335 2829 sit
1363 2773 1468 2830 vetus
1489 2761 1604 2850 Deus,
1636 2765 1699 2837 ubi
1722 2789 1758 2837 se
1784 2773 2006 2863 patefecerit,
2038 2791 2077 2848 ut
2100 2779 2255 2849 discernas
2289 2787 2290 2868 l

247 2855 376 2922 lutiam
392 2848 571 2920 licenfiam
589 2847 658 2919 fibi
676 2871 814 2920 ‘umere
830 2850 1015 2941 premendi
1030 2862 1065 2921 Θῑ
1080 2849 1239 2931 affician-
1288 2871 1386 2931 tuam
1407 2861 1670 2938 invocationem
1691 2869 1737 2938 ab
1752 2865 1906 2944 Ethuica
1927 2889 1964 2948 et
1990 2879 2146 2952 omnium
2163 2893 2254 2950 secta·
2289 2871 2290 2962 ζ

248 2955 288 3024 di
309 2953 397 3022 alios
413 2950 565 3032 iniuria,
591 2962 625 3019 et
638 2949 767 3021 offerre
782 2951 932 3042 speciem
943 2953 1113 3038 terroris,
1137 2979 1237 3050 aspa.
1289 2983 1370 3032 mm
1392 2963 1569 3037 damnati,
1592 2967 1891 3050 ῑῃνοωῑοῃίὺω.
1943 2977 2155 3076 Quanquam
2175 2981 2253 3052 enim
2289 2975 2290 3056 q

248 3075 400 3146 rumque
427 3051 505 3120 lieri
533 3074 608 3120 non
632 3051 829 3144 colentibus
851 3066 885 3125 et
907 3055 1238 3143 magnifacientibus
1288 3057 1435 3136 Ethuici
1448 3090 1591 3160 quoque
1608 3085 1789 3163 precantes
1802 3095 1975 3170 usurpant
1996 3096 2030 3153 et
2043 3085 2188 3154 retinent
2201 3106 2253 3151 no·
2289 3081 2290 3170 ᾗ

182 3193 192 3242 ;
249 3161 335 3235 nos,
359 3167 399 3224 ut
422 3163 567 3244 propter
581 3147 674 3222 hanc
689 3153 801 3244 ipsam
816 3154 1065 3241 insolentiam,
1091 3182 1157 3230 nos
1174 3186 1239 3253 po-
1289 3189 1374 3236 men
1401 3168 1493 3254 Dei,
1530 3183 1650 3243 tamen
1681 3189 1853 3264 vagantur
1878 3182 2028 3264 animis,
2065 3185 2254 3275 ignorantes,
2289 3183 2290 3260 Τ

207 3283 212 3290 .
250 3258 437 3339 tentiones,
469 3253 652 3340 fortiores,
685 3269 718 3326 et
748 3259 1017 3345 praestantiores
1040 3281 1114 3334 este
1133 3277 1238 3352 pute-
1290 3267 1376 3360 quid
1409 3270 1456 3343 sit
1485 3268 1600 3359 Deus,
1640 3288 1702 3346 aut
1734 3279 1830 3370 quod
1861 3279 2004 3354 Numen
2033 3287 2253 3380 alloquantur:
2289 3313 2290 3386 p

249 3381 330 3429 mur
346 3379 452 3449 quam
470 3379 609 3440 sumus,
635 3357 698 3428 alii
714 3381 797 3428 vero
813 3361 1002 3431 videantur
1014 3360 1213 3436 inferiores.

350 3455 448 3530 Haec
478 3458 656 3543 enormia,
681 3483 815 3545 crassa,
841 3477 877 3532 et
901 3461 1100 3553 petulanter
1121 3489 1238 3538 accer-

248 3562 313 3632 sita
345 3560 450 3644 vitia,
480 3560 795 3655 multipliciterque
817 3562 927 3632 vitam
950 3558 1139 3651 homiuum
1160 3583 1238 3641 tur-

247 3661 369 3737 bantia
393 3662 681 3745 considerentur,
707 3673 742 3732 et
759 3663 876 3750 agnita
893 3665 1069 3748 vitentur,
1093 3668 1238 3742 frenen-

247 3781 327 3850 tur,
339 3787 391 3833 ¹ac
408 3765 650 3854 deponantur,
676 3761 888 3834 adsciscatur
903 3781 1019 3837 autem
1034 3782 1068 3837 et
1084 3788 1239 3859 praeste-

222 3863 225 3868 “
246 3879 306 3941 tur
328 3861 510 3938 humilitas
532 3864 719 3934 coniuncta
736 3887 816 3934 cum
835 3865 1005 3957 patientia
1022 3863 1239 3956 Christiana.

246 3967 384 4040 Verum
402 3968 445 4036 de
463 3961 519 4035 his
535 3964 618 4034 satis
633 3967 756 4036 multa.

256 4137 262 4150 ,
350 4066 455 4141 Nunc
469 4070 513 4138 de
528 4069 730 4160 precatione
746 4091 806 4140 seu
822 4067 1039 4139 adoratione.

348 4169 471 4242 Prima
495 4171 616 4260 regula
639 4170 700 4240 sit:
728 4167 781 4240 Ne
806 4171 994 4242 abutamur
1015 4170 1177 4243 oratione
1192 4177 1236 4244 ad

247 4269 454 4366 hypocrisin
474 4285 509 4342 et
525 4273 753 4354 exercendam
771 4271 991 4362 superbiam,
1016 4294 1105 4342 neve
1120 4288 1236 4346 traus-

245 4375 381 4444 feratur
403 4373 581 4444 invocatio
603 4373 658 4441 vel
673 4373 1019 4464 adsuperstitionem
1038 4398 1236 4472 vanamque

247 4475 410 4544 fiduciam
433 4475 597 4567 propriae
618 4473 791 4558 iustitiae,
819 4474 874 4543 vel
895 4475 939 4546 ad
958 4475 1099 4546 inanem
1118 4493 1237 4550 osten-

247 4578 418 4649 tationem
442 4589 546 4669 atque
567 4599 751 4668 pompam,
778 4577 862 4645 dum
885 4576 1060 4651 simulatis
1079 4577 1236 4652 ceramo.

248 4679 318 4749 niis
340 4691 374 4748 et
394 4678 585 4766 tragoediis
604 4675 758 4748 externis
772 4677 1040 4749 sanctimoniam
1059 4683 1235 4753 mentien-

247 4799 298 4851 tes
315 4780 535 4870 affectamus,
562 4793 602 4851 ut
617 4775 778 4850 homiues
796 4778 997 4870 praedicent
1010 4804 1075 4852 nos
1092 4783 1130 4851 in
1146 4799 1235 4856 tem-

137 4887 144 4892 ’
247 4885 309 4974 plo
331 4896 482 4967 stantes,
518 4879 670 4972 plurima
694 4881 868 4970 legentes,
902 4880 1131 4978 incurvisque
1155 4913 1235 4959 cor·

200 4991 205 4998 '
247 4985 395 5076 poribus
417 4985 455 5053 in
476 5005 591 5073 genua
612 4983 853 5063 considentes,
880 4995 977 5056 tanta
994 4985 1137 5078 quidem
1154 5013 1235 5082 spe.

247 5086 308 5154 cie
321 5087 421 5158 fictae
440 5083 658 5168 devotionis,
684 5097 723 5154 ut
745 5080 862 5181 (quod
880 5081 1067 5156 Germanis
1091 5087 1129 5156 iu
1151 5116 1234 5184 pro.

237 5187 368 5258 «verbio
385 5194 453 5275 est)
471 5183 645 5260 Divorum
670 5186 776 5278 pedes
797 5185 976 5258 mordicus
991 5187 1129 5262 auferre
1145 5195 1235 5268 velle

243 5289 441 5363 videamur.

1290 3368 1383 3442 atius
1412 3373 1549 3444 coelum
1579 3377 1741 3448 nominat
1760 3377 1893 3468 Deum,
1926 3386 2021 3458 alius
2045 3390 2190 3480 appellat
2208 3409 2254 3456 sn·
2289 3403 2290 3468 t

1289 3468 1372 3546 lem.
1424 3471 1483 3550 Tu
1508 3500 1590 3548 vero
1613 3479 1719 3550 debes
1742 3481 1780 3550 in
1798 3487 2001 3573 precatione
2015 3501 2142 3563 attente
2155 3488 2255 3562 consi·
2289 3553 2290 3558 ,

1290 3573 1436 3660 darem,
1458 3589 1493 3645 et
1514 3588 1627 3649 tecum
1653 3581 1727 3672 ipse
1747 3607 1935 3676 quaerere,
1962 3591 2049 3684 qnid
2066 3615 2162 3687 agas,
2182 3589 2253 3685 quid

1289 3673 1450 3762 invoces,
1476 3678 1540 3749 ubi
1553 3704 1590 3749 se
1603 3682 1702 3753 Deus
1716 3686 1931 3776 patefecerit,
1956 3690 1992 3764 et
2008 3695 2155 3785 dirigere
2169 3711 2255 3762 men·
2289 3689 2290 3760 j

1290 3791 1360 3849 tem
1384 3799 1424 3848 ac
1446 3779 1707 3854 invocationem
1727 3787 1771 3856 ad
1798 3783 1894 3860 hunc
1914 3815 2038 3864 verum
2053 3792 2181 3879 Deum,
2202 3789 2254 3884 qui
2289 3807 2290 3884 ζ

1289 3901 1327 3956 se
1344 3880 1507 3970 patefecit
1524 3883 1629 3954 misso
1648 3884 1922 3970 lilio,›Domino
1936 3908 2060 3968 nostro
2076 3897 2151 3968 lesu
2164 3889 2254 3966 Chri·
2289 3915 2290 3922 ¹

1290 3992 1344 4050 sto
1368 3982 1533 4054 crucifixo
1556 3999 1590 4056 et
1610 3989 1827 4066 resuscitato.
1880 3991 1965 4066 ldeo
1986 4019 2089 4089 saepe
2110 3995 2255 4069 interin-

1290 4083 1489 4150 vocandum
1525 4087 1654 4173 cogites
1683 4100 1719 4158 et
1750 4112 1928 4190 proponas
1957 4099 2026 4169 tibi
2059 4099 2253 4192 baptismum

1288 4173 1440 4266 Christi,
1465 4180 1504 4252 in
1525 4207 1598 4276 quo
1621 4187 1813 4261 clarissime
1833 4199 2028 4285 patefactae
2050 4216 2084 4273 et
2101 4200 2254 4273 revelatae

1288 4293 1374 4352 sunt
1395 4295 1466 4354 tres
1489 4299 1673 4376 personae:
1706 4287 1805 4363 Deus
1829 4293 1951 4384 Pater,
1984 4297 2084 4374 Deus
2104 4301 2206 4374 Pilius
2224 4305 2254 4364 el

1287 4379 1384 4453 Deus
1397 4383 1553 4477 Spiritus
1566 4403 1718 4462 sanctus.
1770 4394 1825 4466 Ac
1841 4402 1979 4491 quoties
1995 4399 2140 4476 inchoas
2152 4417 2255 4493 preca·
2289 4471 2290 4484 ,

1287 4484 1440 4571 tionem,
1465 4491 1597 4572 oculis,
1624 4507 1760 4590 mente,
1784 4519 1937 4594 veraque
1958 4505 2027 4576 fide
2047 4502 2208 4576 intuearis
2223 4497 2254 4566 in

1287 4582 1484 4676 Dominum
1508 4607 1670 4694 postrum
1692 4593 1808 4668 lesum
1822 4595 2030 4686 Christum,
2057 4607 2091 4679 e't
2112 4602 2254 4676 conside

1287 4711 1344 4758 res
1355 4703 1564 4788 utrumque,
1590 4719 1656 4767 nec
1670 4696 1769 4769 aliud
1784 4723 1917 4772 numen
1932 4705 2166 4778 invocandum
2181 4719 2254 4780 esses

1286 4789 1360 4860 nisi
1382 4785 1480 4864 hunc
1501 4818 1624 4868 verum
1641 4793 1776 4888 Deum,
1802 4803 1865 4894 qui
1881 4827 1921 4886 se
1935 4809 2097 4899 patefecit
2111 4808 2148 4876 in
2162 4799 2253 4876 Chri·

1287 4905 1362 4978 sto,
1395 4895 1560 4968 videlicet
1581 4893 1743 4988 Patrem,
1777 4899 1911 4976 Filium
1939 4923 1974 4980 et
1995 4907 2163 5002 Spiritum
2184 4925 2253 4975 san.-

1286 5007 1399 5067 ctum:
1426 5011 1460 5068 et
1483 4992 1580 5070 hunc
1597 5013 1781 5075 aeternum
1805 5003 1921 5078 Deum
1945 5033 2082 5102 semper
2098 5012 2137 5081 in
2159 5004 2254 5078 eccle-

1285 5095 1337 5165 sia
1367 5098 1594 5188 patefactum,
1626 5104 1722 5174 velle
1745 5118 1839 5178 certo
1868 5120 1903 5181 te
1931 5113 2114 5204 exaudire,
2145 5107 2253 5180 cur'art

1286 5188 1365 5268 tuos'
1383 5199 1552 5288 gemitus,
1579 5203 1734 5296 recipere
1751 5218 1828 5280 tuas
1844 5234 1966 5303 preces
1979 5228 2121 5308 propter
2135 5208 2251 5282 uitium

1206 5339 1208 5342 -
1287 5311 1321 5370 et
1336 5301 1564 5374 mediatorem
1580 5299 1774 5383 Christum.
