4590 5808
217 111 310 228 'aaa
369 116 400 258 J
759 73 1751 232 ''raaunansmrrranaaonrmaff
1849 111 1853 122 '
1997 151 2065 173 ··
2186 157 2250 230 aaa

240 321 375 416 gratis,
401 317 446 390 de
462 310 672 390 remissione
688 321 933 401 peccatorum,
957 313 1003 382 de
1025 311 1232 398 mediatore,
1282 315 1534 402 eonscientiae,
1560 341 1622 390 sen
1638 319 1773 390 bonnm
1789 318 2023 411 propesitum.
2050 316 2149 394 dissi
2167 327 2249 406 enim

242 429 287 498 de
315 423 404 504 fide,
439 419 628 508 diligenter
651 411 720 484 sibi
743 426 940 504 proponat,
971 414 1098 504 cogitet
1118 428 1154 484 st
1175 415 1233 484 in·
1284 430 1370 490 sunt
1389 431 1426 490 et
1443 434 1587 492 manent
1608 421 1647 490 in
1672 419 1777 492 nobis
1799 421 1836 490 in
1859 419 1926 493 hac
1944 423 2018 497 vits
2039 425 2166 503 multae
2188 453 2250 501 non

242 540 395 602 tueatur.
446 519 675 611 Quapropter
691 513 825 604 infigite
841 515 973 586 animis
988 510 1079 586 bano
1093 516 1235 606 petitio·
1285 519 1380 588 levas
1395 523 1536 607 sordes,
1562 545 1689 613 prosse
1712 522 1959 594 inclinationes
1979 524 2137 599 Ηιιιιιιιιιε
2160 531 2250 602 vitio·

243 653 337 705 nem.
396 619 488 696 Cum
509 620 605 690 enim
619 615 797 693 Dominus
819 630 940 688 noster
959 616 1054 688 lesus
1070 614 1236 688 Christus
1286 642 1406 692 sorum
1422 622 1630 708 affectuum,
1656 636 1691 694 et
1706 625 1831 710 ingens
1851 647 1891 694 ac
1913 625 2098 716 multiplex
2118 627 2251 701 infirmi-

231 786 233 798 .
248 733 324 824 ipse
339 724 481 802 iusserit
496 723 569 814 peti
585 717 840 806 remissionem,
867 731 901 789 et
917 719 1060 812 quidem
1077 719 1235 813 quotidie
1286 735 1340 794 tss
1353 725 1490 818 reliqua
1508 739 1577 810 est,
1602 737 1719 796 tamen
1735 747 1879 816 prorsus
1893 726 2125 801 necessarium
2141 745 2203 816 est,
2224 747 2253 804 et

228 831 338 926 „peti,
361 825 458 900 haud
474 823 584 896 dubie
597 822 676 892 vult
689 820 795 890 nobis
810 820 931 890 omnia
948 834 1098 913 peccata,
1121 843 1236 916 quan-
1288 825 1328 894 in
1342 826 1447 896 nobis
1463 849 1535 896 esse
1553 826 1825 918 poenitentiam,
1850 840 1886 898 et
1908 827 1945 898 in
1962 830 2186 901 conversione
2201 835 2253 902 de-

230 949 426 1025 .taounque
440 927 531 1013 sint,
558 925 748 1008 remittere,
775 935 810 993 et
824 945 947 992 omnes
962 923 1188 1016 quotidianas
1203 937 1238 996 et
1289 927 1373 1018 poni
1391 927 1517 1000 delicta
1533 941 1655 999 contra
1670 927 1937 1013 conscientiam,
1962 953 2008 999 ne
2027 931 2253 1022 indulgeamus

248 1032 468 1125 multiplices
480 1027 703 1099 infirmitates
717 1035 821 1116 atque
837 1025 959 1094 sordes
972 1025 1186 1096 condonare.
1289 1027 1376 1098 odio
1398 1029 1540 1100 interno
1561 1042 1596 1098 et
1617 1029 1772 1120 privatae
1793 1029 1981 1118 cupiditati
2001 1031 2189 1114 vindictae,
2216 1057 2253 1104 ne

234 1207 238 1216 ,
352 1131 488 1205 Verum
504 1129 613 1202 simul
626 1121 686 1198 hic
701 1125 873 1195 monendi
890 1127 989 1209 estis,
1013 1149 1237 1220 nequaquam
1289 1129 1437 1201 scientes
1455 1143 1580 1200 contra
1600 1131 1804 1201 mandatum
1823 1130 1895 1200 Dei
1919 1131 2069 1202 velimus
2089 1134 2174 1206 alios
2193 1136 2254 1204 lae-

138 1257 143 1268 ‘
250 1235 547 1334 perseverandum
574 1249 647 1300 esse
675 1227 714 1296 in
746 1226 884 1298 delictis
907 1241 1029 1298 contra
1054 1228 1239 1298 conscien·
1289 1229 1392 1313 dere,
1420 1231 1476 1300 vel
1501 1232 1717 1322 opprimere,
1748 1231 1808 1300 sed
1832 1245 1872 1300 ut
1891 1233 2095 1302 studeamus
2114 1237 2254 1308 reconci-

250 1341 358 1421 tism,
385 1338 446 1409 sed
461 1334 551 1404 scire
567 1329 721 1414 debetis,
746 1329 840 1422 quod
857 1330 1057 1400 accessesit
1073 1329 1239 1423 inquali-
1290 1333 1384 1402 listis
1405 1356 1467 1404 seu
1488 1333 1701 1425 reeuperatis
1724 1332 1964 1404 voluntatibus
1985 1331 2192 1406 offensiones
2209 1361 2254 1408 sa·

251 1443 313 1514 bet
342 1461 424 1518 vera
453 1431 678 1506 invocatione
706 1430 793 1503 fieri'
812 1443 872 1500 aut
894 1453 1048 1501 crescere
1072 1431 1110 1500 in
1134 1432 1239 1506 saobis
1289 1458 1375 1506 nare
1391 1447 1562 1526 quantum
1583 1455 1780 1525 possumus.

251 1539 527 1636 poenitentiam,
552 1558 632 1614 seu,
658 1533 923 1604 conversionem
941 1535 984 1602 ad
995 1530 1129 1614 Deum,
1156 1533 1239 1624 quia
1391 1531 1488 1604 Haec
1513 1548 1563 1604 est
1594 1559 1695 1620 vera,
1734 1535 1853 1606 nativa
1877 1548 1912 1604 et
1931 1535 2076 1634 propris
2101 1539 2253 1610 sententia

254 1647 493 1716 iuramentum
508 1636 672 1708 divinum
688 1633 781 1706 clare
798 1633 898 1704 dicit:
925 1631 1017 1706 Vivo
1040 1655 1123 1723 ego,
1153 1634 1240 1706 dicit
1290 1637 1479 1706 verborum
1490 1631 1641 1719 Christi,
1667 1660 1757 1730 quae
1773 1659 1840 1706 nos
1855 1635 1893 1705 in
1908 1638 2110 1728 precatione
2122 1639 2253 1730 diligen-

253 1743 455 1830 Dominus,
488 1739 575 1810 nolo
595 1749 746 1810 mortem
772 1735 978 1827 peccatoris,
1005 1737 1066 1806 sed
1090 1749 1131 1806 ut
1153 1759 1240 1806 con·
1290 1751 1343 1809 ter
1357 1750 1391 1810 et
1405 1749 1537 1808 attente
1551 1735 1815 1808 consideremus
1829 1761 1871 1806 ac
1886 1717 2153 1830 perpendamus.
2190 1737 2254 1810 Etsi

234 1858 412 1929 ¹vertatur
443 1855 477 1914 ct
503 1841 611 1912 vivat.
675 1833 741 1909 Est
767 1837 863 1908 enim
891 1835 1091 1928 copulativa
1112 1838 1240 1918 oratio,
1290 1839 1384 1909 enirn
1399 1837 1632 1910 certissimum
1647 1851 1716 1924 est,
1740 1836 1847 1926 gratis
1862 1839 1995 1908 remitti
2012 1839 2114 1910 nobis
2134 1857 2254 1933 peccata

255 1947 523 2034 coniunguntur
542 1936 628 2012 baec
647 1941 738 2012 duo:
768 1938 953 2008 conversio
976 1951 1011 2009 et
1033 1938 1240 2019 consolatio,
1270 1953 1409 2018 ¹nostra
1424 1953 1567 2032 propter
1579 1929 1792 2030 Christum,
1818 1963 1892 2010 non
1907 1955 2054 2032 propter
2066 1942 2137 2012 nlla
2153 1959 2253 2014 nostra

255 2047 416 2120 remissio
430 2056 655 2138 peecatorum
671 2054 705 2113 et
719 2040 811 2122 vita,
842 2041 933 2110 sicut
949 2033 1037 2110 haec
1049 2039 1136 2111 alias
1152 2041 1240 2112 sade-
1290 2042 1436 2128 merita,
1460 2054 1579 2112 tamen
1599 2041 1705 2112 simul
1723 2055 1863 2133 oportet
1878 2043 1985 2129 scire,
2019 2044 2252 2114 severissimam

256 2151 339 2222 liter
352 2148 591 2240 explicantur,
616 2157 651 2215 et
665 2165 768 2234 saepe
783 2152 1004 2233 repetuntur.
1291 2157 1326 2214 et
1351 2143 1535 2214 immotam
1557 2139 1626 2213 Dei
1657 2144 1877 2215 voluntatem
1900 2121 2007 2230 esse,b
2032 2157 2072 2215 ut
2090 2147 2134 2214 ad
2156 2146 2253 2238 ipsum

239 2307 242 2315 .
359 2248 465 2338 Quod
489 2260 607 2318 autem
629 2244 788 2316 additur:
818 2239 921 2312 Sicut
941 2249 974 2312 st
995 2265 1062 2312 nos
1085 2239 1241 2312 remitti·
1290 2257 1557 2330 convertamur,
1582 2267 1648 2315 nec
1673 2268 1936 2336 perseveremus
1957 2245 1997 2314 in
2022 2245 2165 2336 peccatis
2181 2270 2254 2316 con·

235 2373 340 2436 ‚mas
362 2343 587 2420 debitoribus
608 2341 764 2428 nostris,
794 2345 1027 2413 admonemur
1047 2355 1083 2412 et
1104 2343 1241 2432 obliga·
1290 2358 1344 2416 tra
1362 2346 1623 2416 conscientiam.
1676 2344 1798 2434 Quare
1813 2371 1894 2417 cum
1916 2369 2018 2417 mens
2040 2349 2163 2418 retinet
2182 2370 2253 2416 coa-

236 2476 337 2528 .mur
351 2452 518 2522 mandato
526 2443 687 2532 Christi,
711 2457 752 2516 ut
765 2465 831 2514 nos
845 2466 987 2536 quoque
1001 2443 1232 2518 remittemus.
1291 2458 1436 2518 temtum
1451 2443 1540 2532 Dei,
1567 2470 1643 2517 non
1662 2448 1867 2532 exauditur,
1891 2449 1965 2519 imo
1991 2473 2039 2518 ne
2062 2463 2170 2540 potest
2189 2449 2255 2542 qui·

236 2630 241 2641 ‚
360 2549 415 2624 Ac
428 2573 550 2624 rursus
566 2548 767 2640 interpellat
787 2540 854 2616 boc
877 2544 955 2614 loco
976 2557 1036 2615 tua
1059 2544 1242 2615 conscien-
1291 2547 1371 2615 dem
1388 2549 1550 2616 accedere
1566 2561 1600 2618 et
1616 2549 1803 2638 confugere
1818 2545 2009 2636 adDeum,
2033 2550 2144 2621 donee
2157 2562 2255 2620 manet

259 2657 324 2732 tia:
348 2655 634 2746 Sinonpossum
650 2650 807 2740 accipere
827 2645 1087 2730 remissionem,
1112 2645 1184 2716 nisi
1205 2659 1241 2716 et
1291 2649 1548 2740 perseverantia
1571 2648 1609 2717 in
1633 2650 1727 2718 malo
1743 2650 1936 2740 proposito.
1989 2649 2180 2740 Quocnim
2196 2673 2253 2736 ore,

259 2760 333 2852 ipse
348 2757 549 2830 condonem
563 2753 659 2839 aliis,
678 2751 737 2822 fiet
748 2749 881 2820 incerta
890 2747 1153 2832 reconciliatio,
1176 2771 1241 2818 nec
1291 2771 1359 2840 qua
1376 2749 1589 2820 conscientia
1604 2751 1685 2820 talis
1700 2747 1876 2822 invocatio
1898 2749 2016 2822 fieret:
2049 2748 2108 2824 Ab
2122 2749 2254 2824 Domine

259 2861 405 2934 eluctari
424 2871 547 2952 potero
566 2879 608 2927 ex
630 2852 870 2934 dubitatione,
901 2861 1022 2920 utrum
1046 2871 1242 2940 consequar
1290 2845 1414 2935 Deus,
1460 2851 1633 2920 miserere·
1650 2851 1737 2937 mei,
1783 2851 1856 2922 e'sto
1890 2852 2086 2946 propitius,
2126 2855 2253 2944 ignosce,

162 3047 165 3054 ¹
234 2962 514 3038 ‚remissionem
566 2954 662 3045 Quia
685 2949 911 3047 quantumvis
933 2971 1124 3042 repugnem
1148 2950 1241 3022 odiis
1290 2967 1393 3043 parce
1409 2945 1606 3040 mihi,¹ego
1622 2964 1739 3023 tamen
1757 2952 1898 3024 interim
1914 2955 2084 3026 omnibus
2098 2955 2253 3026 furoribus

234 3077 292 3138 ,et
307 3061 494 3156 cupiditati
512 3057 708 3135 vindictae,
734 3053 849 3124 sentio
872 3065 989 3122 tamea
1010 3046 1127 3122 adbuc
1148 3074 1241 3121 sem-
1289 3052 1520 3144 opinionum,
1561 3052 1776 3145 libidinum,
1818 3054 2041 3152 crudelitatis
2074 3057 2252 3146 indulgebo,

232 3189 322 3259 ,per
338 3163 483 3254 vestigia
505 3183 568 3230 seu
589 3154 767 3228 cicatrices
781 3154 918 3248 aliquas
933 3153 1188 3244 indignationis
1206 3166 1241 3223 et
1291 3155 1490 3246 petulanter
1512 3176 1653 3245 pergam
1677 3157 1860 3240 caedibus,
1884 3155 2176 3247 rapinis‚1iurtis‚
2200 3155 2253 3224 im-

256 3265 476 3338 simultatum
490 3262 659 3332 adversus
671 3257 809 3351 aliquos
825 3277 980 3327 manere.
1195 3332 1200 3344 ι
1290 3256 1446 3346 pasturis
1457 3268 1490 3326 et
1505 3257 1697 3326 mendaciis
1714 3256 1853 3348 explere
1869 3279 1994 3346 pravas
2011 3257 2225 3350 cupiditates?

233 3421 238 3434 .
358 3362 417 3437 Ad
439 3359 532 3434 hanc
556 3361 790 3434 obiectionem
814 3371 975 3430 teneatur
995 3355 1178 3449 perspicua
1206 3368 1241 3426 et
1391 3354 1467 3426 Has
1480 3357 1701 3447 presesllens
1715 3357 1991 3450 abominandas
2005 3372 2201 3444 exsecratur,
2222 3371 2253 3428 ut

233 3491 339 3558 ¹vera
354 3465 563 3560 responsio:
589 3460 765 3534 {lamissio
789 3473 1011 3554 peccatorum
1034 3459 1183 3530 offertur
1205 3470 1240 3527 et
1289 3473 1321 3530 et
1331 3454 1501 3528 Salomon
1519 3457 1686 3539 affirmat,
1710 3457 1984 3529 Proverbiorum
2001 3462 2161 3544 vicesimo
2174 3473 2252 3530 octa·

258 3574 411 3644 donatur
426 3567 490 3640 tibi
507 3588 570 3658 per
590 3563 712 3644 fidem,
738 3561 861 3652 gratis,
883 3559 1238 3660 propterDominum
1290 3583 1353 3629 vo:
1381 3557 1455 3647 Qui
1478 3559 1631 3628 declinat
1652 3583 1754 3628 aures
1779 3583 1880 3649 suas,
1914 3583 1959 3628 ne
1982 3562 2128 3633 audiant
2150 3563 2251 3653 legent,

233 3688 418 3754 ,nostrum
434 3667 548 3740 lesum
565 3659 766 3748 Christum,
792 3685 866 3732 non
883 3677 1135 3755 proptertnam
1153 3687 1240 3732 eon·
1289 3661 1402 3730 oratio
1424 3659 1499 3728 eins
1522 3661 1588 3728 erit
1604 3662 1838 3732 exsecrabilis.
1890 3657 1944 3731 Ac
1957 3660 2091 3734 Paulus
2106 3661 2252 3754 expressis

233 3774 506 3860 ,donationem
537 3779 601 3839 sut
621 3766 735 3837 ullum
758 3764 854 3834 aliud
875 3787 974 3855 opus.
1025 3761 1133 3852 Quod
1156 3764 1238 3832 ina-
1288 3755 1408 3832 verbis
1424 3760 1556 3854 inquit:
1592 3759 1710 3830 Nolite
1728 3775 1863 3848 errare,
1887 3760 2076 3834 Densnon
2093 3767 2252 3844 irridetur,

257 3881 463 3948 damentum
487 3873 579 3944 bene
600 3866 823 3948 memineris,
854 3865 1042 3954 diligenter
1063 3865 1238 3943 observes,
1288 3885 1402 3954 neque
1423 3861 1594 3946 adulteri,
1626 3887 1741 3956 neque
1760 3875 1987 3949 scortatores,
2020 3889 2133 3960 neque
2153 3865 2251 3938 bomi-

235 3992 596 4073 ‚etutraquemaum
621 3968 906 4040 senserinstoto
928 3980 1070 4061 pectore
1091 3966 1239 4038 linuiter
1288 3964 1406 4045 cidae,
1438 3975 1501 4032 etc.
1532 3985 1678 4051 regnum
1701 3962 1768 4034 Dei
1789 3967 2034 4054 possidebunt.
2101 3965 2181 4038 ltem
2206 3966 2252 4036 lo-

249 4079 485 4176 wpleetaris,
1288 4059 1419 4134 hannis
1441 4087 1555 4134 nono:
1582 4061 1786 4137 Peccatores
1802 4063 1900 4139 Dens
1920 4091 1994 4140 non
2018 4071 2175 4154 exaudit,
2196 4067 2250 4138 sci·

359 4180 591 4252 Verissimum
608 4183 659 4246 est
676 4184 811 4272 autem,
837 4169 875 4239 in
896 4163 962 4239 bac
984 4168 1237 4248 consolatione,
1286 4167 1369 4241 licet
1399 4189 1474 4242 saon
1504 4178 1643 4255 agentes
1672 4167 1944 4255 poenitentiam,
1979 4193 2046 4242 nec
2069 4171 2250 4242 obiicientes

258 4305 338 4362 cum
362 4285 432 4353 lide
452 4288 694 4354 sustentantur
717 4283 751 4344 et
765 4271 950 4360 eriguntur
964 4273 1091 4354 corda,
1117 4293 1237 4339 neces·
1286 4269 1508 4360 propositum
1540 4267 1698 4338 violandi
1727 4270 1838 4359 legem
1860 4269 1927 4342 Dei
1948 4286 2071 4344 contra
2091 4273 2249 4344 conscien-

238 4463 241 4470 Ι
257 4385 350 4454 sario
364 4384 471 4454 simul
489 4384 635 4454 existere
645 4390 679 4447 et
689 4368 848 4444 inchoari
862 4374 994 4442 bonum
1005 4373 1237 4462 propositum,
1285 4371 1382 4446 tiam.

256 4511 303 4558 ne
325 4485 487 4564 videlieet
509 4500 708 4578 perseveres
732 4475 771 4544 in
795 4474 984 4547 sceleribus
1005 4487 1125 4544 contra
1148 4495 1234 4542 con·
1387 4467 1478 4542 Ecce
1505 4466 1596 4540 banc
1629 4474 1858 4544 necessariam
1890 4477 2090 4546 doctrinam
2124 4471 2251 4548 inservit

256 4586 457 4672 scientiam,
497 4589 557 4658 sed
583 4604 665 4652 vere
684 4575 899 4648 convertaris
930 4577 973 4644 ad
998 4573 1129 4656 Deum,
1169 4597 1236 4643 nec
1285 4567 1345 4642 hic
1367 4567 1545 4656 Christus,
1578 4589 1612 4644 et
1635 4575 1773 4646 addidit
1794 4579 1842 4646 ad
1864 4577 2071 4666 petitionem
2093 4576 2250 4649 remissio·

254 4692 419 4781 deinceps
433 4688 584 4760 retineas
600 4683 815 4754 voluntatem
836 4676 963 4746 ruendi
990 4676 1027 4744 in
1050 4677 1236 4759 adulteria,
1285 4675 1362 4758 nis,
1388 4699 1457 4768 qua
1482 4699 1669 4745 monemur
1691 4679 1735 4746 de
1756 4679 1993 4768 poenitentia,
2026 4692 2066 4750 ut
2082 4681 2250 4751 afferamus

205 4793 317 4868 'aut
336 4789 564 4883 cupiditatem
589 4782 741 4858 nocendi
765 4779 856 4851 aliis.
909 4773 1012 4846 Hanc
1032 4777 1234 4848 conversio·
1285 4777 1329 4844 acl
1347 4775 1460 4848 Deum
1484 4779 1774 4864 conversionem,
1804 4804 1869 4850 nec
1891 4783 2085 4852 retinentes
2107 4775 2249 4871 propos?-

252 4917 443 5002 nem,'sen
457 4884 531 4962 non
548 4887 747 4960 simulatam
762 4877 993 4952 mutationem
1008 4879 1137 4970 prioris
1152 4901 1234 4970 pro-
1284 4892 1361 4950 tum
1385 4879 1570 4969 peccandi,
1595 4881 1749 4952 beluinis
1767 4881 2022 4973 cupiditatibus
2035 4897 2069 4953 et
2084 4874 2249 4954 diabolicis

153 5055 156 5062 ,
252 4997 368 5086 positi,
391 5005 531 5086 oportet
545 4991 583 5060 in
599 4989 703 5060 nobis
718 4985 874 5066 existere,
898 4981 1007 5076 idque
1023 4981 1234 5052 manifestis-
1283 4979 1466 5050 furoribus
1486 4981 1626 5050 frenssm
1643 4984 1817 5068 laxemus,
1841 4997 1877 5054 et
1892 4983 2024 5058 interea
2041 4982 2248 5055 somniamus,

252 5095 379 5166 simum
394 5110 459 5171 est,
1102 5155 1106 5166 ,
1284 5105 1351 5152 rans
1376 5083 1541 5152 invocare
1566 5080 1701 5168 Deum,
1740 5107 1781 5155 sc
1814 5098 2013 5159 tumeamus
2043 5081 2248 5177 persuasione

352 5193 407 5266 De
422 5191 489 5266 hae
502 5193 592 5264 seris
607 5186 853 5261 emendatione
874 5183 1033 5278 loquitur
1048 5171 1234 5266 Christus,
1282 5181 1492 5254 saanctitatis:
1525 5183 1615 5256 siem
1638 5180 1871 5276 prohdolor,
1903 5183 1972 5258 hoe
1985 5199 2156 5278 postreno
2171 5196 2246 5252 tem·

252 5298 348 5394 quod
369 5294 538 5392 videlicet
564 5289 779 5395 accessesit
801 5289 902 5384 sequi
922 5286 1095 5360 iustitiam
1119 5288 1234 5358 bassae
1282 5307 1370 5377 poss
1393 5285 1547 5356 mundus
1570 5287 1746 5360 inbnimm
1769 5288 1838 5360 sibi
1861 5289 2041 5364 licentiam
2061 5285 2184 5369 sumit,
2218 5291 2246 5350 st
