4616 5818
43 239 127 312 ser
592 226 681 305 ΧΠ.
731 219 1125 302 Amortnoaas
1152 223 1214 324 ru
1253 221 1553 300 tavanorum.
2011 226 2088 302 aee

42 431 177 484 rerum
198 398 520 495 eoe'puremlesu
537 395 688 484 Christi,
714 409 843 488 negant
861 417 951 489 opus
973 419 1045 468 esse
1096 419 1344 486 expavescere,
1384 410 1419 469 et
1449 418 1572 468 rursus
1600 394 1670 465 lide
1701 391 1806 485 erigi,
1845 407 1881 467 et
1908 396 2085 471 confidere

47 510 274 591 mediatore,
301 528 384 575 cum
411 515 530 574 umen
552 503 654 576 Deus
682 499 892 570 revelaverit
919 521 956 568 se
982 521 1046 589 per
1083 500 1193 594 ·qnod
1209 494 1316 568 Deus
1338 499 1483 592 recipiat
1499 520 1583 578 nos,
1609 509 1644 568 et
1657 493 1725 566 hac
1739 496 1868 569 fiducia
1882 523 1961 569 eum
1978 501 2083 570 invo-

46 611 211 694 Filium,
242 618 278 679 et
300 629 376 676 non
398 605 483 676 velit
502 601 680 688 invocari,
704 599 773 670 nisi
796 598 923 671 lidu'eia
946 597 1045 682 Filii,
1096 622 1194 690 care,
1220 602 1253 670 ei
1273 601 1420 685 subiici,
1446 613 1563 691 petere
1585 612 1619 669 et
1641 613 1823 690 expectare
1836 601 1882 670 ab
1896 624 1937 670 eo
1952 603 2082 689 guher-

47 713 149 782 sicut
170 731 273 801 saepe
295 706 444 778 dicitur:
472 703 542 774 Per
563 699 660 774 hunc
683 697 1045 773 habemusaccessum
1096 701 1277 771 nationem
1301 716 1338 773 et
1364 703 1623 785 defensionem,
1649 723 1725 771 non
1745 701 1965 772 diffidentem
1989 698 2082 788 Deo,

47 815 95 882 ad
121 825 277 904 patrem.
325 806 431 878 Item:
456 803 571 878 Nemo
589 804 690 876 novit
713 816 868 895 patrem,
892 802 962 871 nisi
982 799 1044 872 Fi·
1095 825 1263 894 quaerere
1293 798 1451 874 humana
1480 802 1673 896 praesidia,
1706 824 1780 871 non
1810 804 1968 889 neglecto
1992 805 2081 889 Deo,

46 915 138 992 lius,
163 924 197 980 et
213 910 271 982 cni
280 905 394 980 Filius
408 907 628 979 revelaverit.
659 903 742 976 Non
756 905 864 994 igitur
877 903 1045 974 invocant
1096 903 1281 994 indulgere
1314 905 1468 998 propriis
1499 904 1764 994 cupiditatibus.
1810 902 1927 974 ·Haec
1959 907 2081 979 omnia

46 1012 172 1083 Deum
181 1009 305 1082 Turci.
352 1005 1045 1088 Itemlatenturseinvocaresineverbo,
1094 1005 1380 1096 complectimur,
1414 1029 1495 1076 cnm
1519 1006 1744 1074 nominamus
1765 1005 2021 1098 poenitentiam
2046 1019 2082 1078 et

47 1116 131 1182 sine
147 1111 427 1206 promissionib„
450 1109 527 1180 sine
541 1106 756 1192 mediatore,
782 1130 862 1176 cum
876 1119 1044 1198 perpetua
1093 1106 1220 1192 fidem,
1243 1131 1305 1179 seo
1321 1107 1634 1200 regenerationem.

47 1213 294 1286 dubitatione.
333 1210 406 1282 Sed
421 1233 503 1279 vera
518 1212 675 1280 membra
686 1206 863 1278 Ecclesiae
877 1206 1045 1278 invocant

47 1329 195 1407 patrem
226 1310 375 1384 Domini
407 1311 522 1382 nostri
549 1309 629 1383 lesu
659 1304 795 1382 Christi
832 1307 1046 1394 mediatoris,

48 1416 277 1486 conditorem
293 1413 453 1483 omnium
468 1435 601 1497 rerum,
623 1423 659 1482 et
673 1410 816 1504 quidem
832 1409 958 1480 fiducia
974 1405 1045 1480 hu·

46 1519 107 1587 ius
132 1514 408 1616 propiciatione,
433 1513 580 1584 revelati
603 1513 640 1583 in
654 1511 868 1600 Evangelio,
894 1523 928 1580 et
943 1505 1044 1582 exhi-

47 1618 141 1703 biti,
168 1629 296 1708 petunt
309 1629 343 1686 et
356 1626 538 1705 expectant
552 1615 711 1687 salutem.
742 1609 853 1682 'Haec
868 1612 1044 1683 invocatio

48 1717 229 1790 discernit
242 1712 439 1786 Ecclesiam
461 1738 481 1784 a
502 1715 648 1787 caeteris
663 1713 837 1804 gentibus.
886 1712 971 1784 Ideo
988 1713 1045 1784 di-

49 1821 209 1908 ligenter
231 1815 614 1905 observeturdirtum:
638 1815 684 1890 Et
706 1815 899 1907 sperabunt
921 1816 961 1885 in
976 1839 1045 1886 no·

48 1921 151 1990 mine
168 1918 328 1990 Domini.

160 2021 344 2088 Postremo
364 2013 424 2086 hic
446 2008 638 2106 cogitemus
656 2015 760 2085 etiam
783 2009 880 2086 hunc
897 2015 1045 2100 cultum,

1168 1241 1171 1248 ’
1196 1237 1260 1313 Est
1284 1243 1391 1332 igitur
1413 1241 1518 1312 vestis
1540 1239 1710 1334 nuptialis
1724 1239 1786 1310 illa
1803 1241 1877 1334 ipsa
1893 1263 2079 1332 regenera-

1094 1341 1165 1428 tio,
1206 1367 1296 1436 quae
1335 1344 1581 1436 complectitur
1619 1354 1736 1413 motus
1771 1344 2010 1434 poenitentiae
2044 1359 2079 1414 et

1094 1443 1196 1527 fidei,
1219 1468 1308 1538 quae
1323 1446 1450 1536 accipit
1463 1443 1705 1515 remissionem
1719 1459 1961 1535 peccatorum,
1987 1457 2021 1516 et
2039 1444 2079 1513 in

1094 1545 1195 1615 omni
1215 1547 1287 1617 vita
1309 1548 1396 1640 petit
1412 1558 1446 1616 et
1461 1560 1616 1638 expectat
1631 1543 1743 1616 aDeo
1757 1546 1947 1634 auxilium,
1972 1559 2007 1618 et
2019 1545 2079 1614 in-

1094 1659 1172 1718 eoat
1187 1671 1317 1718 novam
1334 1649 1591 1720 obedientiam.

1196 1763 1289 1838 Sunt
1317 1779 1435 1838 autem
1464 1766 1504 1836 in
1533 1781 1676 1840 externa
1703 1761 1867 1839 societate
1898 1759 2078 1836 Ecclesiae
2102 1737 2108 1748 ’

1094 1867 1199 1936 multi
1220 1867 1297 1937 sine
1320 1863 1385 1938 hac
1407 1882 1501 1940 veste
1521 1869 1686 1962 nuptiali.
1736 1867 1898 1938 Primum
1917 1867 1979 1960 qui
1997 1889 2078 1956 per·

1093 1977 1255 2040 severant
1268 1965 1307 2036 in
1323 1970 1471 2060 peccatis
1487 1983 1610 2041 centra
1626 1970 1888 2042 conscientiam.
1938 1965 2078 2038 Deinde

1094 2080 1128 2137 et
1149 2063 1373 2160 hypocritae,
1398 2082 1438 2141 ut
1452 2066 1588 2156 Achas,
1614 2070 1676 2163 qui
1698 2068 1764 2142 etsi
1785 2070 1925 2138 videtur
1939 2067 1995 2137 vir
2009 2063 2078 2137 ho·

1094 2182 1212 2240 nestus
1234 2182 1269 2239 et
1291 2183 1405 2240 rectae
1426 2172 1671 2262 professionis,
1695 2184 1812 2242 tamen
1828 2182 1898 2254 est,
1923 2169 1998 2238 sine
2012 2168 2076 2237 illa

1093 2270 1189 2354 luce,
1222 2269 1258 2338 id
1283 2283 1352 2356 est,
1386 2271 1462 2342 sine
1484 2271 1722 2364 poenitentia,
1747 2285 1783 2344 et
1802 2272 1879 2340 sine
1899 2267 1989 2356 fide,
2011 2293 2076 2338 cu-

1093 2371 1206 2442 mulat
1222 2369 1355 2458 cultus,
1381 2387 1482 2464 putat
1495 2398 1532 2445 se
1545 2374 1676 2446 iustum
1693 2395 1786 2459 esse,
1809 2371 1899 2462 gerit
1911 2395 1966 2440 res
1980 2372 2076 2438 mul-

1093 2485 1164 2557 tas,
1189 2474 1250 2541 sed
1273 2472 1400 2543 fiducia
1417 2498 1499 2546 suae
1516 2473 1724 2567 sapientiae,
1750 2497 1789 2544 ac
1805 2473 1969 2544 diffidens
1986 2466 2076 2551 Deo,

1092 2597 1157 2642 nec
1172 2575 1277 2665 petit,
1302 2598 1366 2644 nec
1383 2588 1538 2666 expectat
1555 2577 1599 2646 ab
1616 2601 1657 2646 eo
1675 2575 1865 2654 auxilium,
1889 2575 2077 2643 undecun-

1093 2697 1162 2766 que
1171 2674 1308 2768 quaerit
1316 2677 1489 2767 praesidia
1500 2671 1666 2753 humana,
1688 2670 1958 2745 dehortantibus
1968 2673 2075 2743 etiam

1093 2771 1294 2868 Prophetis.
1344 2775 1496 2848 Econtra
1512 2777 1551 2846 in
1564 2776 1719 2867 Davide‚
1746 2771 1896 2846 Ezechia
1913 2787 1996 2845 sunt
2011 2798 2075 2864 pa-

1093 2900 1194 2946 vores
1210 2890 1243 2946 et
1260 2877 1532 2950 consolationes.
1582 2875 1630 2948 Hi
1645 2889 1878 2968 expavescunt
1894 2876 2074 2966 agnitione

1092 3000 1175 3048 suae
1197 2978 1433 3060 infirmitatis,
1459 2993 1493 3050 et
1513 3003 1636 3050 rursus
1656 2979 1724 3047 fide
1738 2992 1896 3050 statuunt
1911 3000 1948 3047 se
1963 2999 1982 3044 a
1996 2974 2073 3043 Deo

1091 3093 1250 3170 receptos
1273 3101 1364 3166 esse,
1390 3093 1424 3150 et
1445 3076 1511 3151 hac
1533 3080 1662 3152 fiducia
1679 3079 1866 3162 invocant,
1889 3077 2075 3157 obediunt,

1091 3191 1216 3271 petunt
1229 3177 1346 3266 aDeo,
1369 3193 1405 3252 et
1419 3195 1600 3272 expectant
1614 3181 1798 3252 auxilium.
1845 3177 1942 3249 Haec
1958 3201 2074 3247 exem-

1091 3280 1150 3372 pla
1173 3283 1211 3351 in
1226 3275 1385 3354 historiis
1398 3277 1613 3374 propheticis
1624 3283 1705 3354 ideo
1719 3279 1892 3373 descripta
1907 3291 2010 3358 sunt,
2034 3290 2075 3347 ut

1091 3382 1269 3455 discamus
1298 3379 1504 3478 hypocrisin
1525 3407 1546 3454 a
1571 3397 1665 3454 veste
1688 3381 1859 3473 nuptiali,
1890 3381 1929 3450 id
1952 3393 2019 3460 est,
2051 3401 2102 3448 a.

1091 3483 1372 3576 regeneratione,
1393 3507 1455 3556 seu
1470 3483 1685 3575 poenitentia
1701 3497 1735 3556 et
1748 3483 1816 3555 fide
1831 3481 1995 3554 discerni.

53 2119 189 2190 scilicet
203 2118 482 2202 invocationem,
501 2118 689 2208 praecipue
699 2119 947 2208 praestandum
960 2139 1043 2189 esse.

52 2219 143 2291 ldeo
164 2220 260 2290 enim
284 2233 320 2289 et
338 2219 472 2309 flagitat
491 2230 526 2287 et
548 2218 647 2287 addit
663 2218 932 2309 promissiones,
960 2217 1044 2310 quia

53 2323 135 2392 vult
156 2319 323 2391 exaudire
338 2333 402 2392 etc.
453 2317 493 2389 Si
507 2319 701 2409 cogitamus
719 2341 784 2387 nos
800 2341 872 2388 esse
887 2319 1043 2389 membra

52 2419 254 2510 Ecclesiae,
278 2422 390 2493 simus
407 2442 448 2490 ex
464 2434 565 2492 coetu
580 2420 834 2497 invocantium.

453 2617 501 2670 lte
533 2617 654 2671 tertie.

148 2722 316 2795 Testatur
329 2718 389 2793 hic
397 2719 560 2794 Christus
572 2747 700 2813 poenas
710 2723 914 2816 impendere
925 2725 1043 2794 omni-

1 2901 2 2904 ,
55 2829 126 2896 bus
148 2825 281 2914 gentib.
304 2838 409 2918 atque
431 2820 656 2909 hominibus,
680 2825 841 2918 quisunt
860 2839 954 2896 extra
972 2822 1042 2896 Ec-

58 2928 200 2996 clesiam
222 2924 309 3010 Dei,
339 2929 431 2995 sicut
458 2927 650 2996 ostendunt
677 2927 832 3018 exempla
863 2929 908 2997 ab
936 2927 1041 2998 initio

56 3027 207 3106 mundi,
239 3051 329 3118 quae
348 3025 531 3118 proposuit
553 3026 671 3112 Deus,
700 3041 740 3096 ut
762 3051 828 3097 nos
850 3029 893 3098 de
915 3029 1041 3099 ultimo

57 3127 194 3197 iudicio
218 3127 316 3196 etde
338 3127 490 3197 aeternis
513 3127 635 3217 poenis
660 3129 865 3213 admoneat,
891 3131 937 3199 de
960 3131 1043 3222 qui·

56 3231 126 3298 bus
150 3226 383 3300 concionatur
398 3222 579 3328 Christus,
605 3252 684 3300 cum
702 3229 835 3325 inquit:
862 3231 916 3303 lte
931 3230 1042 3302 male-

59 3329 146 3401 dicti
162 3327 334 3419 inignem
349 3341 531 3402 aeternum
548 3342 613 3399 ete.

449 3508 498 3563 lle
516 3513 652 3576 quarto.

380 3610 436 3678 De
461 3617 548 3676 ΜΘ
575 3607 726 3696 ”¹7¹¹ssst
1194 3612 1271 3686 Hac
1286 3630 1380 3687 veste
1393 3629 1539 3688 ornatus
1551 3611 1849 3707 estAugustinus,
1873 3638 1952 3688 eum
1968 3613 2074 3708 paulo

163 3733 282 3826 Supra
308 3731 443 3804 dietum
475 3746 527 3803 est
556 3735 600 3802 de
621 3734 742 3824 poenis
766 3732 945 3816 omnium,
978 3736 1042 3829 qui
1092 3733 1173 3792 ante
1194 3727 1344 3788 mortem
1367 3719 1412 3788 de
1432 3719 1647 3810 poenitentia
1667 3733 1701 3790 et
1714 3717 1783 3790 lide
1797 3715 2075 3798 concionaretur,

61 3849 145 3908 sunt
166 3849 262 3906 extra
276 3831 480 3909 Ecclesiam.
530 3831 804 3927 Nunrsequitur
825 3836 935 3907 tristis
955 3861 1042 3908 con.
1092 3845 1132 3892 ae
1160 3820 1361 3910 deploraret
1390 3819 1482 3890 vitae
1506 3833 1604 3892 actae
1625 3821 1864 3906 securitatem,
1898 3831 1932 3888 et
1951 3840 2073 3888 mrsus

62 3941 128 4010 ein.
178 3937 297 4008 Etiam
320 3936 359 4004 in
374 3933 530 4006 Ecclesia
546 3935 613 4006 Dei
631 3949 714 4005 sunt
732 3931 953 4029 hypocritae,
979 3939 1041 4032 qui
1093 3922 1246 4014 seipsum
1282 3921 1429 4010 erigeret
1464 3920 1688 3992 invocatione
1715 3936 1750 3994 et
1780 3921 1850 3990 fide
1879 3917 1965 3990 Filii
1991 3917 2074 3986 Dei.

61 4038 221 4109 damnati
236 4037 448 4108 abiicientur
468 4037 506 4104 in
523 4057 651 4126 poenas
665 4050 842 4119 aeternas,
868 4039 958 4111 sicut
973 4036 1041 4112 ho-
1092 4017 1246 4093 E¹⁰¹¹¹¹¹¹
1261 4017 1379 4092 ΑΒΜ
1401 4034 1475 4091 ⁰¹¹¹
1489 4022 1565 4091 ⁸¹⁰⁰
1581 4047 1664 4093 ¹²¹⁰
1682 4021 1827 4105 ῑῖωὓῑθ,
1853 4035 1887 4092 ⁰¹
1901 4019 1977 4088 ⁵5⁰⁰
1990 4041 2074 4088 ¹¹¹³

61 4155 129 4212 stes
143 4136 349 4230 Evangelii,
375 4152 416 4210 ut
429 4136 516 4210 Saul
538 4137 683 4229 perinde
703 4140 892 4212 damnatus
906 4155 976 4228 est,
1001 4155 1042 4215 ut
1093 4126 1178 4211 fides
1204 4147 1278 4192 ¹¹⁰¹¹
1299 4123 1507 4215 ¹8¹⁰⁵⁰⁰b³¹
1527 4146 1564 4192 ⁸⁰
1586 4145 1747 4214 P⁰¹¹¹¹⁰a
1773 4145 1852 4192 ¹¹¹¹¹¹
1874 4120 1988 4192 ⁰¹¹¹¹¹¹⁸
2006 4121 2074 4188 ¹¹¹¹·

62 4235 220 4314 Goliath.
1093 4235 1187 4316 geret
1203 4247 1267 4294 suo
1283 4221 1441 4309 arbitrio,
1467 4247 1546 4294 cnm
1562 4222 1761 4312 indulgeret
1774 4246 1839 4292 suo
1852 4221 1936 4292 odio
1949 4223 2074 4291 adver-

152 4340 266 4430 Quae
282 4353 334 4410 eat
347 4338 459 4428 igitur
473 4337 579 4410 vestis
593 4337 786 4431 nuptialis?
823 4340 1041 4413 Aliusaliud
1093 4349 1151 4396 sus
1172 4319 1386 4415 Prophetas,
1418 4348 1493 4393 non
1516 4327 1673 4396 crederet
1695 4348 1731 4396 se
1751 4323 1880 4416 recipi,
1914 4321 2074 4394 exaudiri

64 4442 242 4528 nominat,
268 4443 330 4510 sed
352 4463 491 4510 neeesse
512 4453 563 4511 est
586 4441 622 4510 id
645 4462 736 4524 esse,
762 4443 806 4512 de
823 4466 896 4536 quo
910 4440 1042 4512 Paulus
1093 4438 1237 4519 propter
1251 4423 1519 4517 promissionem
1535 4426 1713 4513 divinam,
1742 4427 1815 4495 imo
1828 4423 2013 4497 dubitabat
2026 4447 2074 4493 an

64 4544 197 4638 inquit:
229 4539 421 4633 Cupientes
452 4541 680 4632 superindui,
711 4542 740 4610 si
770 4554 888 4612 tamen
909 4543 1041 4634 vestiti,
1093 4525 1338 4608 exaudiretur,
1384 4525 1536 4622 ideoque
1578 4527 1742 4599 diffident
1779 4522 1970 4621 quaerebat
2004 4523 2074 4596 alia

65 4659 185 4716 etnon
201 4644 289 4714 nudi
305 4641 532 4732 reperiemur.
581 4639 629 4720 Et
644 4641 1039 4715 confessioneomnium
1092 4627 1279 4721 praesidia·

63 4741 150 4816 baec
178 4745 286 4815 vestis
315 4756 367 4814 est
389 4743 450 4813 lux
474 4743 684 4830 spiritualis,
718 4765 788 4836 qua
809 4744 1041 4830 renascimur,
1193 4743 1253 4816 Sic
1283 4757 1367 4818 sunt
1391 4745 1468 4818 sine
1495 4760 1590 4820 veste
1612 4744 1765 4837 nuptiali
1787 4746 1893 4818 etiam
1916 4742 2074 4816 adiuncti

63 4847 104 4916 de
116 4871 185 4938 qua
199 4845 286 4916 dicit
299 4846 471 4913 secundae
479 4840 687 4915 Corinthios
698 4846 817 4917 tertio:
841 4845 915 4916 Nos
927 4859 1042 4916 trans-
1094 4869 1196 4916 verae
1217 4848 1447 4938 professioni,
1472 4863 1507 4920 et
1525 4851 1601 4920 sine
1622 4849 1763 4941 publica
1781 4848 2002 4939 turpitudine
2018 4844 2073 4912 vi-

62 4949 257 5017 lormamur
284 4968 408 5015 omnes
437 4959 564 5016 retecta
585 4946 672 5017 sarie
697 4947 845 5036 gloriam
864 4942 944 5015 Dei
964 4971 1042 5038 spe·
1092 4960 1229 5033 ventes,
1254 4949 1283 5018 si
1302 4962 1418 5019 tamen
1434 4965 1518 5023 sunt
1533 4950 1663 5031 securi,
1688 4948 1765 5021 sine
1779 4947 2013 5044 poenitentia,
2039 4961 2075 5018 et

61 5051 238 5133 culantes,
263 5069 283 5116 a
305 5046 415 5134 gloria
431 5045 470 5114 in
485 5045 651 5136 gloriam,
676 5047 1042 5140 tanquameDomini
1092 5051 1244 5142 quadam
1273 5050 1485 5142 negligentia
1509 5077 1549 5122 ac
1572 5052 1809 5133 dubitatione,
1843 5073 1917 5119 non
1938 5062 2075 5139 petunt,

62 5152 202 5238 spiritu.
253 5145 351 5236 Quid
368 5161 418 5216 est
433 5161 548 5219 autem
565 5149 625 5218 illa
642 5149 703 5218 lux
717 5147 926 5239 spiritualis,
952 5173 1045 5243 quae
1094 5172 1158 5219 nee
1174 5163 1355 5238 expectant
1370 5176 1390 5222 a
1406 5150 1482 5223 Deo
1498 5152 1704 5247 quiequam,
1728 5157 1788 5224 sed
1805 5150 1986 5222 confidunt
2002 5151 2074 5220 suis

63 5252 252 5320 discrimen
273 5249 356 5318 lacit
378 5247 472 5318 inter
495 5243 696 5342 hypocritas
717 5262 751 5321 et
764 5251 928 5321 renatos?
977 5247 1043 5323 Est
1093 5253 1250 5322 consiliis
1272 5264 1305 5324 et
1327 5248 1491 5324 humanis
1510 5254 1705 5345 praesidiis.
1758 5252 1844 5324 ltem
1854 5301 1866 5338 ,
1893 5251 1931 5322 in
1947 5255 2073 5324 adver-

61 5346 157 5424 haud
183 5349 294 5424 dubie
321 5347 501 5440 agnitione
522 5347 595 5422 irae
615 5345 695 5420 Dei
714 5353 880 5424 adversus
903 5365 1042 5448 peccata
1091 5351 1138 5424 sis
1154 5376 1228 5423 non
1243 5367 1436 5443 agnoscunt
1450 5378 1486 5425 sa
1502 5354 1592 5427 inste
1606 5354 1749 5450 puniri,
1771 5354 1972 5448 eaistimant
1987 5376 2074 5447 poc-
