4622 5818
132 219 141 228 ,
237 131 316 211 oro
368 143 369 148 Ν
830 121 957 204 amn
981 121 1099 205 reno
1124 87 1338 204 smera
1362 121 1664 207 smarnos.
1954 133 1959 143 ·
2079 69 2083 92 ’
2176 135 2242 216 no

179 341 182 348 ¹
239 308 372 392 altero,
401 301 588 375 manifesta
610 315 646 375 ct
668 298 944 390 incontinentia,
970 298 1166 385 adulteria,
1190 311 1226 372 et
1274 297 1519 375 teitificacetnr
1537 301 1583 376 de
1602 303 1822 380 adolescente
1845 318 1931 378 nato
1950 328 1993 378 er
2007 304 2124 380 Maria
2144 307 2244 402 virgi·

239 410 372 480 multae
387 407 638 499 turpitudines.
1277 429 1342 496 ne,
1376 406 1474 499 quod
1495 403 1646 477 Messias
1668 421 1774 492 esset,
1803 408 2009 480 interiectus
2029 410 2074 482 sit
2093 434 2113 481 a
2135 409 2246 483 Sacer·

342 525 393 600 Ee
410 526 476 600 uhi
491 521 576 598 haec
592 524 777 600 manifesta
791 523 878 598 viii,
894 537 994 605 gum,
1019 519 1071 594 ibi
1088 545 1150 593 ραι
1166 521 1226 592 in.
1277 509 1431 582 dotibus.
1481 501 1526 578 lit
1548 508 1632 601 quia
1653 503 1739 580 haec
1761 504 1911 581 historin
1926 533 2049 582 recens
2062 526 2153 599 erat,
2175 514 2245 586 idco

149 647 155 660 ·
242 645 301 712 ως
325 610 434 702 habet
462 627 534 700 alia
562 627 673 702 multa
697 627 801 709 vitia,
834 638 1051 698 contemtum
1074 617 1161 710 Dei,
1192 635 1228 695 et
1276 606 1441 681 Christus
1470 614 1592 680 omnia
1622 621 1782 704 tempora
1811 612 2067 706 complectens,
2105 615 2246 706 primum

241 727 480 832 blasphemias
506 729 702 820 epicurea,
732 741 768 800 et
794 728 864 799 alia
885 741 1036 820 peccata,
1085 724 1228 820 Praei.
1277 711 1440 783 nominet
1469 710 1581 797 Abel,
1612 711 1743 784 deinde
1774 708 1873 784 littnc
1891 715 2100 822 'proximum
2126 713 2248 787 Zielin-

221 813 300 926 'pit
320 845 437 905 autem
459 832 516 902 lex
529 827 618 921 Dei,
643 844 684 901 ut
704 831 801 901 intus
821 833 929 901 corda
950 829 1023 902 sint
1038 841 1130 898 recta
1147 849 1227 918 erga
1277 815 1380 883 riam.
1432 809 1510 881 Hac
1523 808 1672 884 historia
1683 827 1870 886 contentus
1881 839 1971 901 sum,
1990 839 2056 886 nec
2067 818 2146 887 volo
2155 819 2247 888 aliam

243 933 380 1022 Deum,
404 935 497 1004 sicut
518 931 673 1023 primum
695 946 917 1024 praeceptum
932 930 1067 1023 inquit:
1093 926 1228 1019 Diliges
1278 913 1608 1014 lnlflrpfeiillfflleffl
1624 937 1811 1009 (imiimi
1837 919 1898 988 led
1914 918 2124 1006 willemi
2148 943 2249 1013 qllin-

243 1031 440 1109 Dominum
466 1031 581 1105 Deum
610 1046 711 1104 tuum
741 1046 884 1104 011010
916 1034 1034 1104 cord..
1087 1029 1140 1104 112
1169 1025 1229 1100 hic
1278 1029 1354 1086 tum
1377 1013 1510 1086 malurn
1533 1017 1596 1101 sit,
1620 1041 1695 1087 esse
1711 1019 1908 1089 membrum
1923 1019 2021 1090 illius
2037 1034 2174 1105 coetus,
2197 1022 2249 1115 qui

246 1137 349 1209 dicia,
374 1133 549 1207 Mundae,
565 1133 604 1205 id
621 1135 718 1230 quod
734 1135 831 1206 inm.
848 1147 910 1207 ρει,
1162 1137 1165 1152 ·
1279 1115 1502 1210 persequitur
1514 1109 1729 1205 Ecclesiam,
1756 1119 1818 1214 qui
1840 1120 1998 1193 cumulat
2018 1117 2251 1214 blasphemiae,

424 1233 427 1241 '
1279 1219 1540 1300 idololatriam,
1572 1215 1763 1292 homicidia
1788 1222 1826 1290 in
1851 1223 2008 1305 mundo,
2034 1236 2069 1293 et
2092 1223 2249 1314 regitnra

404 1300 557 1376 Similes
573 1305 659 1376 celis
673 1300 851 1402 sepulcris
866 1297 1066 1374 dealbalti·
1279 1315 1452 1404 Diabolo,
1477 1320 1541 1414 qni
1555 1333 1607 1392 est
1622 1324 1773 1392 mendax
1785 1334 1819 1392 et
1834 1316 2025 1396 homicida.
2076 1321 2173 1396 Haec
2186 1348 2250 1396 ma·
2294 1379 2295 1390 a

349 1437 447 1511 llaec
468 1440 665 1510 similitudo
688 1440 782 1511 idem
800 1439 902 1510 dieis:
928 1437 1031 1509 Foris
1046 1435 1231 1512 ostendere
1280 1441 1348 1511 gna
1378 1421 1471 1490 mata
1495 1423 1776 1506 consideremus,
1807 1438 1844 1495 et
1864 1423 2041 1514 fugiamus
2064 1429 2250 1498 societatem

247 1537 451 1638 hypocritas
479 1543 628 1632 speciem
657 1543 872 1625 modestam,
905 1553 940 1611 et
962 1540 1059 1609 intus
1079 1559 1140 1607 eos
1157 1559 1231 1608 esse
1281 1535 1564 1613 Perseculmm,
1589 1536 1624 1595 sl
1637 1521 1752 1596 Deum
1769 1549 1927 1607 omnm,
1953 1540 1994 1596 ul
2010 1528 2085 1617 lpse
2100 1551 2165 1601 nos
2179 1553 2252 1601 ton·

247 1645 373 1737 plenos
388 1644 595 1736 deceptione
610 1657 645 1714 et
659 1642 902 1714 inobedientia
916 1662 1147 1736 quacumque.
1281 1624 1395 1696 firmet
1412 1626 1450 1694 in
1465 1626 1648 1716 agnitione
1661 1627 1762 1698 verbi
1777 1626 1833 1697 sul
1850 1641 1885 1698 el
1902 1649 1985 1698 veta
1998 1631 2079 1706 fide.

351 1759 421 1832 llic
443 1759 561 1851 posuit
583 1755 744 1850 gencrale
766 1783 917 1840 nomen,
942 1754 1231 1835 inobedientiam,

250 1855 429 1958 ἄνομιᾶν,
456 1885 546 1954 qnae
557 1859 728 1951 significat
743 1874 958 1933 contemtum
972 1860 1080 1931 totius
1095 1857 1192 1948 legis.

350 1978 504 2058 Addidit
518 1996 550 2051 et
564 1982 661 2051 aliud
674 2005 815 2064 nomen,
840 1976 1058 2076 hypocrisin,
1081 1988 1234 2072 quaeest
1324 1991 1327 1999 ’
1381 1955 1529 2052 Ηθρθίὶῑ
1555 1962 1831 2048 accusationem,
1873 1965 1970 2057 quod
2000 1987 2105 2058 saepe
2133 1967 2254 2039 miserit

1428 1897 1431 1916 ,
1477 1819 1630 1922 Quoties
1646 1823 1748 1898 volui
1761 1849 2071 1942 eoseongregnrs.
2160 1901 2172 1919 x

108 2121 116 2128 ·
250 2084 427 2176 deceptio,
456 2105 587 2172 augens
607 2082 676 2152 alia
696 2097 855 2174 peccata,
889 2083 974 2175 qnia
995 2081 1167 2171 gloriatur
1188 2080 1233 2148 de
1283 2055 1497 2151 Pf⁰l³h²i³⁸2
1522 2076 1556 2135 ‘l
1577 2062 1651 2154 ipse
1672 2066 1922 2150 n⁰ss⁰d⁰⁶0³li
1946 2066 2005 2135 Sed
2023 2069 2253 2140 lamenmixl·

248 2185 384 2258 iustitia
409 2198 443 2256 et
465 2185 510 2254 de
532 2185 678 2253 nomine
698 2182 785 2270 Dei,
809 2198 842 2255 et
857 2181 925 2253 Dei
949 2183 1094 2252 nomine
1115 2179 1233 2251 abuti·
1283 2183 1377 2234 mim
1395 2175 1527 2254 partem
1544 2166 1762 2236 advetulam
1779 2187 1852 2244 eise
1866 2167 1946 2236 voci
1960 2165 2038 2242 Del·

250 2303 311 2361 tur
341 2300 487 2380 propter
516 2287 700 2379 quaestum
722 2297 783 2355 aut
806 2285 1018 2377 potentiam,
1053 2298 1092 2357 nt
1115 2283 1234 2351 minus
1386 2279 1455 2352 llic
1469 2283 1669 2384 disputatur
1682 2284 1726 2354 de
1741 2307 1843 2355 causa
1860 2284 2042 2358 electionis
2058 2299 2094 2358 et
2110 2287 2254 2359 reiectio-

250 2403 397 2484 peccant
419 2387 612 2478 praedones
627 2387 666 2455 in
680 2385 797 2471 silvis,
821 2388 884 2479 qni
901 2385 1059 2476 eripiunt
1075 2379 1234 2454 homini·
1285 2381 1361 2466 nis,
1392 2385 1452 2452 sed
1477 2385 1584 2475 plana
1608 2399 1642 2456 et
1663 2385 1843 2457 verissima
1869 2388 2052 2478 responsio
2075 2401 2129 2460 est
2147 2393 2188 2459 de
2207 2413 2253 2458 re·
2297 2449 2298 2458 2

250 2493 319 2562 hus
335 2488 502 2580 pecunias
517 2487 689 2578 pervim,
710 2509 814 2581 quam
831 2501 948 2578 peccat
965 2485 1061 2578 Papa
1079 2487 1134 2554 vel
1150 2483 1234 2554 Mo·
1285 2484 1454 2568 iectione,
1486 2485 1576 2557 sicut
1597 2482 1657 2555 hic
1679 2485 1835 2576 ponitur.
1889 2485 2064 2559 Voluntas
2087 2491 2126 2559 in
2151 2491 2254 2588 impiis

252 2587 359 2664 nachi
383 2591 577 2660 rendentes
592 2586 738 2674 Missas,
763 2605 796 2659 ct
813 2600 992 2680 praetextu
1007 2585 1235 2659 nominisdi·
1284 2585 1396 2654 libere
1417 2586 1621 2657 adversatur
1643 2588 1750 2656 verbo
1771 2585 1858 2672 Dei,
1884 2613 1959 2659 non
1983 2591 2122 2681 cogitur
2144 2589 2252 2676 aDeo,

245 2693 328 2765 'vini
341 2692 516 2784 rapientes
532 2690 716 2784 pecuniam
733 2704 767 2763 et
780 2690 991 2784 potentiam:
1286 2683 1345 2756 sed
1373 2687 1446 2777 ipsa
1476 2709 1539 2776 per
1565 2711 1602 2758 se
1624 2701 1658 2757 et
1677 2687 1822 2759 incitata
1845 2714 1865 2759 a
1888 2686 2062 2777 Diabolo,
2096 2705 2147 2764 est
2167 2715 2253 2763 causa

1155 2869 1157 2874 Ι
1286 2785 1534 2864 damnationis.
1586 2788 1687 2861 Sicut
1710 2783 1768 2860 hic
1790 2790 1884 2860 clare
1900 2793 2002 2865 dicit:
2027 2791 2112 2864 Non
2128 2794 2253 2865 voluisti

303 2875 406 2956 lilii
425 2879 512 2952 estis
532 2903 673 2965 eorum,
703 2875 770 2978 qui
789 2870 994 2972 Propitius
1016 2870 1233 2950 occiderim&
1286 2891 1500 2978 congregari.
1552 2889 1682 2965 Psalm.
1701 2890 1800 2962 tos:
1825 2890 1951 2964 Noluit
1972 2895 2254 2981 benedictionem,

352 2979 410 3054 Et
451 2979 613 3080 impletis
656 3001 866 3052 mensuram
908 2987 1060 3075 palrum
1100 2986 1236 3049 veiim·
1286 3002 1322 3059 et
1344 2991 1569 3080 elongabitur
1590 2994 1635 3063 ab
1656 3015 1710 3066 eo.
1759 2989 1850 3064 Cum
1873 3019 1955 3084 ergo
1972 2997 2253 3081 manifestumsit,

354 3108 436 3157 rum
450 3093 514 3157 etc.
1286 3093 1503 3164 voluntatem
1518 3095 1628 3186 ipsam
1643 3089 1842 3180 hominum,
1867 3119 2008 3166 causam
2022 3121 2098 3168 esse
2111 3099 2253 3170 relectio·

353 3219 494 3316 Duplex
517 3217 689 3291 accusatio
703 3230 754 3289 est
763 3265 774 3300 ,
800 3218 897 3310 quod
912 3229 948 3288 et
958 3238 1059 3287 nunc
1072 3216 1236 3287 occidant
1286 3195 1362 3280 ¹¹5⁵,
1395 3218 1469 3313 ¹3⁰ss
1500 3197 1693 3286 cogitemus
1716 3218 1784 3266 nos
1808 3198 1906 3288 cogi,
1934 3212 1976 3269 ut
2003 3223 2203 3273 maneamus
2222 3200 2252 3268 in

252 3329 319 3420 ipsi
335 3319 532 3414 Prophetas
553 3335 588 3396 et
600 3317 770 3392 Doctores
790 3315 903 3392 aDeo
923 3320 1067 3400 missos,
1091 3331 1124 3388 et
1139 3319 1234 3410 quod
1286 3310 1456 3413 pcccatis,
1484 3298 1547 3368 sed
1570 3318 1857 3390 expavescamus,
1889 3313 1926 3372 et
1947 3325 2158 3394 quaeremus
2176 3302 2253 3373 liba·

251 3452 389 3519 semper
403 3424 592 3496 Ecclesiam
610 3415 885 3516 persequanlnr,
909 3421 1014 3490 multi
1031 3414 1235 3512 hypocritae
1285 3410 1469 3467 mmmm·

251 3529 417 3602 omnibus
447 3523 677 3616 temporibus.
741 3517 791 3593 Et
817 3521 992 3606 ostendit,
1032 3533 1162 3614 quanta
1191 3521 1235 3590 sit
1387 3512 1579 3603 Quomodo
1607 3525 1726 3586 autem
1749 3515 1790 3588 lit
1811 3515 2000 3589 liberatio?
2049 3517 2181 3592 Verum
2201 3531 2254 3604 cst,

251 3630 460 3723 magnitudo
482 3621 589 3696 huius
612 3623 755 3717 peccati.
805 3620 897 3694 Cum
921 3623 1088 3694 voluntas
1109 3622 1235 3693 similis
1285 3617 1382 3709 qnod
1397 3616 1639 3688 misericordia
1652 3632 1796 3710 propter
1809 3617 1942 3691 Filium
1957 3634 2125 3696 estcsma
2141 3623 2253 3692 libers-

251 3735 299 3807 sit
321 3735 360 3803 in
382 3729 551 3803 omnibus
570 3721 873 3819 persecutoribus,
900 3737 934 3794 et
955 3745 1081 3793 omnes
1103 3747 1123 3792 a
1145 3721 1234 3792 Dia·
1286 3718 1394 3790 tionis
1414 3743 1434 3788 a
1455 3730 1596 3809 peccato
1619 3731 1653 3788 et
1676 3733 1846 3804 amorte,
1869 3722 1930 3790 sed
1946 3735 2067 3794 temen
2082 3737 2214 3814 oportet
2226 3735 2253 3792 te

251 3835 344 3913 holo.
358 3832 570 3908 incitentur,
595 3841 631 3899 et
649 3824 762 3911 velint
786 3826 899 3910 idem,
922 3824 961 3894 id
984 3838 1053 3908 est,
1075 3837 1117 3894 ut
1139 3823 1236 3896 Dens
1285 3821 1409 3891 audire
1441 3841 1561 3890 vocem
1583 3815 1793 3911 Evangelii,
1822 3835 1962 3914 oportet
1990 3836 2025 3895 te
2053 3847 2128 3895 nou
2153 3831 2253 3916 perse'

249 3931 532 4031 blasphematuri
566 3929 670 4016 item,
698 3941 738 3998 nt
758 3925 854 3998 lilius
872 3924 940 3997 Dei
961 3919 1235 4018 blasphemetur,
1285 3945 1406 3992 verare
1441 3921 1481 3990 in
1512 3932 1694 3992 contemtu
1723 3919 1812 4011 Dei,
1854 3937 1979 3997 contre
2008 3925 2253 4010 conscientiam,

251 4053 288 4117 et
308 4051 349 4110 nt
372 4037 501 4108 veritas
517 4029 756 4125 opprimatur,
780 4043 815 4100 et
831 4027 962 4118 singuli
980 4028 1053 4098 suis
1066 4028 1234 4118 exemplis
1285 4025 1380 4117 quod
1397 4023 1499 4094 estin
1515 4035 1573 4092 tua
1590 4022 1783 4099 voluntate.

250 4129 577 4212 confirment'alios.
628 4130 771 4222 Singuli
786 4131 931 4202 reisunt
946 4129 1137 4200 multarum
1154 4153 1235 4220 per·
1384 4143 1476 4214 cnm
1506 4155 1625 4214 autem
1657 4143 1760 4214 audi,
1788 4139 2044 4236 Evangelium,
2076 4142 2172 4218 Deus
2199 4165 2250 4214 suo

251 4238 492 4319 sectationum·
522 4236 604 4307 idm
633 4229 854 4304 miribiliter
878 4253 1001 4302 ⁰m¹¹²³
1028 4231 1233 4322 puniemur·
1284 4241 1421 4334 Spiritu
1443 4255 1563 4315 sancto
1584 4267 1648 4335 per
1668 4238 1737 4315 hoc
1750 4245 1988 4318 ministerium
2005 4263 2057 4322 est
2071 4250 2204 4332 efficax,
2223 4255 2250 4314 et

251 4339 337 4410 ldeo
359 4340 447 4410 dicit
462 4335 537 4408 hic:
561 4335 673 4406 Venit
686 4357 793 4426 super
808 4357 871 4406 vos
885 4334 1002 4403 omnis
1017 4332 1159 4422 sanguis
1176 4332 1234 4404 iu·
1283 4341 1396 4417 trahit
1416 4371 1476 4418 eor
1493 4358 1606 4419 tuum,
1658 4343 1715 4417 lbi
1733 4347 1840 4418 debes
1854 4349 2045 4437 adsentiri,
2071 4365 2107 4422 et
2121 4373 2191 4420 non
2205 4369 2250 4416 re·

249 4458 345 4528 ⁸²⁰⁸,
370 4440 501 4512 ²ff⁰⁸¹¹⁸
516 4439 600 4509 inde
615 4439 661 4508 ³¹)
675 4433 770 4507 Abel
784 4458 895 4529 niqui
910 4437 954 4506 id
970 4430 1187 4508 Z‘'tibilitffl·
1283 4469 1441 4538 pugnare
1456 4445 1607 4539 Spiritui
1624 4461 1766 4534 sancto,
1791 4449 1898 4520 debes
1914 4451 2019 4522 etiam
2034 4467 2152 4547 petere
2167 4447 2250 4520 anri·

350 4555 454 4630 Hane
486 4555 722 4628 tristissimam
751 4553 1060 4624 comminationem
1094 4575 1233 4644 semper
1281 4550 1392 4636 lium,
1417 4549 1507 4620 sicut
1525 4549 1643 4642 inquit
1658 4546 1852 4622 Dominus:
1879 4549 2025 4642 Quanto
2040 4555 2149 4644 magis
2162 4551 2250 4622 Pater

249 4661 530 4742 consideremus,
554 4673 589 4729 et
610 4677 819 4752 quaeramus
833 4655 1035 4736 veritatem,
1061 4676 1107 4723 ne
1121 4653 1232 4726 simus
1283 4663 1397 4722 vester
1413 4649 1861 4745 coelestisdabitSpiritum
1871 4666 2031 4725 sanctum
2044 4647 2249 4746 petentibus?

247 4766 335 4840 docll
365 4771 646 4856 persedulortlm,
685 4769 719 4828 el
748 4756 902 4827 vllemtld
933 4753 1081 4825 tonillla
1111 4780 1231 4855 perde·
1383 4768 1487 4841 Hanc
1513 4770 1711 4840 doctrinam
1739 4795 1841 4863 saepe
1871 4770 2032 4862 cogitate,
2064 4773 2141 4848 -Si
2160 4789 2247 4858 expa-

248 4868 434 4965 quentium
465 4859 666 4942 veritatem,
697 4859 788 4929 situl
815 4853 982 4930 lonslhfls
1012 4879 1087 4926 ¹¹⁰ss
1118 4859 1231 4930 '⁰¹1¹st
1282 4873 1392 4942 vescia
1413 4873 1627 4961 cogitatione
1648 4872 1772 4945 iudicii
1794 4888 1829 4945 et
1852 4873 1926 4944 irae
1946 4871 2032 4959 Dei,
2065 4877 2110 4946 ad
2133 4872 2247 4944 Filium

247 4995 320 5041 esse
336 4969 479 5039 adiutor
491 4961 745 5056 persecutionis
760 4972 883 5031 tontis
898 4955 1027 5032 David·
1279 4968 1349 5043 Dei
1372 4976 1547 5062 accedito,
1572 4975 1702 5063 cogites
1724 4971 1817 5046 hanc
1839 4998 1978 5046 vocem:
2006 4975 2134 5047 Venite
2147 4975 2186 5044 ad
2201 4991 2246 5038 me

348 5085 416 5157 Hic
437 5083 603 5155 recitatur
616 5072 766 5150 historia
780 5081 825 5150 de
841 5073 1032 5163 Zacharia,
1058 5091 1094 5151 et
1109 5092 1230 5151 narrat
1279 5099 1423 5157 omnes,
1457 5077 1519 5171 qui
1550 5074 1720 5150 laboratis
1742 5091 1809 5148 etc·
1867 5075 1942 5148 lam
1965 5071 2076 5149 trahit
2099 5091 2132 5148 te
2153 5073 2246 5152 Deus,

243 5187 416 5266 anilius,
437 5185 545 5254 fuisse
566 5203 763 5270 sermonem
783 5182 953 5252 traditum
978 5204 997 5250 a
1019 5180 1228 5261 maioribus,
1280 5179 1309 5247 si
1333 5179 1376 5248 ad
1394 5177 1526 5249 Filium
1548 5176 1701 5264 accedis,
1725 5191 1760 5248 et
1776 5177 1874 5250 Dens
1896 5177 1964 5249 tibi
1978 5179 2146 5263 comant,
2169 5174 2245 5245 sicul

242 5290 340 5386 quod
368 5280 556 5358 zacharias
582 5296 683 5378 pater
710 5277 879 5358 lobannis
906 5279 1104 5376 baptistae,
1145 5305 1226 5356 cnm
1278 5280 1481 5352 dulcissime
1500 5278 1633 5352 dicitur
1655 5280 1701 5351 de
1714 5277 1808 5354 Filio
1824 5281 1995 5376 prodigo,
2020 5278 2242 5356 Pateroccus·
