4616 5818
91 162 174 236 373
628 158 711 238 ΧΠ.
762 152 1158 234 ANNOTATIONES
1195 154 1247 229 IN
1278 149 1578 234 EVANGELlA.
2039 163 2115 242 stt

84 331 300 404 stimonium
328 331 523 404 doctrinae.
580 327 677 402 llaec
705 329 799 401 enirn
830 342 912 402 sunt
932 329 1075 421 propria
1128 329 1190 424 qui
1217 351 1258 398 ex
1279 326 1352 396 alto
1371 325 1511 417 fastigio
1532 325 1667 420 delapsi
1692 343 1791 415 sunt,
1822 344 1863 404 ut
1886 328 2118 424 agniscerent

75 458 200 523 ¹opera
233 435 478 506 convenientia
511 432 685 523 Sabbata,
724 432 847 502 concio
879 425 1078 517 Evangelii,
1127 454 1225 501 suam
1250 426 1511 513 infirmitatem,
1535 442 1570 498 et
1592 431 1856 519 conspiceretur
1875 437 2029 526 potentia
2047 437 2117 510 Dei

80 537 275 606 meditatio
288 532 496 624 Evangelii,
519 534 677 624 exempla
697 532 775 624 pia,
807 534 950 625 proprie
973 533 1078 600 adiu·
1126 547 1160 603 et
1184 529 1427 601 misericordia
1451 529 1540 614 Dei,
1564 544 1604 600 ut
1627 531 1666 600 in
1687 528 1825 603 Davide
1847 536 1981 606 deiecto
2001 553 2034 610 et
2058 562 2116 608 re·

82 639 212 705 vantia
252 639 503 710 ministerium.
567 632 667 706 Alias
708 634 812 705 etiam
847 633 1078 704 concionatur
1125 634 1261 704 stitnto.
1314 626 1381 698 His
1404 632 1569 722 exemplis
1593 647 1772 727 utrunque
1795 636 1990 722 discamus,
2013 639 2114 709 vide-

75 735 257 810 ,Christus
275 737 595 832 dealiisoperibus
616 736 847 829 quibusdam,
878 757 969 827 quae
991 757 1077 802 con·
1125 735 1206 802 licet
1228 735 1391 804 timorem
1414 729 1499 812 Dei,
1533 733 1651 822 agnita
1679 749 1800 805 nostra
1823 735 2045 826 infirmitate,
2078 754 2113 810 et

82 839 248 912 veniunt
261 839 436 925 Sabbata,
460 852 499 910 ut
513 837 707 908 necessaria
729 835 843 905 officia
863 834 1076 906 dilectionis.
1124 835 1231 904 fidem
1260 835 1299 903 in
1328 831 1528 902 obedientia
1560 833 1766 908 vocationis.
1825 833 2011 911 Diseamus
2030 840 2113 913 item

78 941 297 1014 Maccabaei
313 943 351 1010 in
364 941 520 1012 Sabbato
538 939 752 1032 pugnabant,
768 948 801 1006 et
815 938 959 1028 quidem
975 959 1076 1028 prae·
1125 959 1193 1007 uos
1207 937 1390 1008 continere
1404 933 1497 1002 intra
1509 948 1620 1004 metas
1635 937 1842 1014 vocationis.

78 1043 135 1113 lia
154 1045 218 1114 illa
240 1043 430 1134 dupliciter
452 1040 607 1112 Sabbata
629 1038 905 1124 conveniebant,
935 1052 970 1109 et
993 1036 1075 1129 quia

80 1158 192 1214 erant
209 1145 382 1216 mulessio
403 1143 604 1223 doctrinae,
637 1155 671 1211 et
696 1139 915 1210 conservatio
930 1137 1076 1211 Sabbati

79 1261 120 1320 et
137 1247 249 1336 legis,
274 1258 308 1316 et
320 1257 426 1338 crant·
433 1268 539 1336 opera
555 1241 749 1312 necessaria
765 1241 975 1314 dilectionis.

478 1397 528 1450 De
556 1393 688 1450 tertto.

76 1503 82 1508 ’
192 1501 389 1574 Humilitas
418 1515 470 1572 est
500 1502 606 1571 timor
631 1496 718 1582 Dei,
751 1493 821 1569 hoc
849 1509 918 1586 est,
958 1496 1076 1590 agnita

81 1621 212 1678 nostra
234 1602 494 1688 imbecillitate,
525 1626 608 1672 vere
629 1613 786 1672 metuere
809 1599 897 1694 iram
920 1598 1005 1684 Dei,
1030 1623 1076 1668 ne

80 1710 257 1796 indignos
279 1719 339 1775 aut
363 1727 487 1794 parum
512 1701 660 1773 idoneos
681 1701 842 1787 abiiciat,
873 1703 934 1771 sed
958 1713 1075 1771 tamen

81 1811 125 1878 in
142 1807 329 1879 vocatione
342 1803 420 1876 Deo
441 1827 585 1894 parere,
617 1816 652 1896 et
672 1803 829 1873 iudicare
853 1805 947 1872 dona
972 1801 1076 1872 nubis

83 1909 169 1979 dari
192 1910 236 1977 ad
259 1927 482 1975 communem
506 1905 711 1990 utilitatem,
747 1928 812 1973 nec
834 1916 979 1974 eventus
999 1903 1075 1971 sine

84 2009 169 2082 Deo
188 2007 309 2078 felices
332 2029 422 2089 esse,
453 2029 519 2075 nec
542 2020 695 2077 caeteros
718 2005 963 2093 despiciendos
990 2025 1076 2087 esse,

85 2135 169 2183 curn
194 2107 330 2200 possint
353 2106 428 2175 fieri
450 2107 593 2177 utiliora
617 2129 747 2196 organa
769 2105 847 2179 Dei.
903 2099 962 2175 Ad
983 2099 1075 2172 hanc

85 2213 259 2281 virtutem
274 2208 435 2277 accedere
456 2209 559 2278 debet
581 2207 684 2292 fides,
717 2231 807 2297 quae
830 2205 870 2274 in
890 2205 1076 2274 vocatione

85 2325 205 2406 petat,
247 2321 281 2379 et
303 2321 459 2398 expectet
479 2310 651 2398 auxilium
677 2303 813 2391 allen,
852 2306 944 2378 sicut
973 2327 1075 2395 saepe

84 2419 218 2485 docent
244 2405 461 2500 Prophetae,
498 2407 628 2480 Psalm.
650 2407 727 2481 26.:
767 2405 922 2499 Expecta
950 2403 1075 2477 Domi-

85 2537 198 2596 num,
224 2510 377 2582 viriliter
391 2531 472 2597 age,
506 2508 541 2579 e‘t
563 2510 782 2579 confortetur
803 2533 865 2577 cor
888 2522 1009 2593 tuum,
1043 2520 1078 2578 et

84 2629 230 2708 expecta
249 2609 456 2682 Dominum.
509 2609 608 2679 Ta'lis
623 2623 696 2680 erat
719 2610 871 2680 bellator
891 2609 1075 2700 magnani-

83 2739 169 2788 mus
190 2712 330 2794 David,
375 2724 546 2782 ettamen
570 2725 643 2782 erat
666 2706 833 2796 humilis,
867 2711 1077 2802 agnoscebat

84 2816 330 2888 infirmitatem
351 2834 468 2893 suam,
501 2835 567 2884 nes
593 2810 808 2902 despiciebat
830 2824 1004 2896 caeteros,
1036 2822 1077 2879 ut

85 2911 242 2988 Golieth
258 2913 471 3004 despiciebat
486 2913 658 2996 minores,
684 2915 745 2982 sed
762 2910 875 2982 David
900 2911 1075 2983 vocationi

83 3020 254 3112 parebat,
280 3028 314 3084 et
331 3014 534 3104 expectabat
548 3037 566 3082 a
579 3011 656 3082 Deo
672 3013 854 3084 auxilium.

189 3131 367 3216 lirontra,
392 3131 557 3220 snperbia
573 3144 624 3200 est
638 3131 765 3200 fiducia
783 3131 946 3223 propriae
968 3131 1077 3201 indu-

84 3235 214 3318 striae,
241 3231 398 3320 neglecto
419 3228 514 3311 Deo,
547 3243 607 3300 aut
627 3233 783 3322 neglecta
806 3246 897 3302 meta
920 3233 1076 3303 vocatio-

83 3338 164 3421 nis,
197 3349 238 3405 ut
263 3327 428 3416 Goliatb,
460 3326 702 3417 Sennaherib,
732 3335 916 3404 confidunt
942 3334 1077 3403 viribus

85 3439 164 3507 suis
190 3447 369 3506 contemto
398 3431 492 3516 Deo,
533 3431 835 3526 Nabugdonosor,
876 3427 1078 3504 Alexander

84 3541 231 3630 placent
244 3535 329 3618 sibi,
363 3546 399 3604 et
422 3535 623 3603 existimant
645 3557 706 3604 sua
730 3534 859 3606 virtute
882 3549 979 3626 parta
1005 3558 1077 3605 esse

84 3653 187 3711 tanta
216 3633 382 3728 imperia,
416 3657 481 3704 nec
503 3633 697 3725 agnoscunt
718 3659 783 3708 nec
807 3637 934 3706 timent
951 3637 1078 3708 Deum.

84 3741 176 3811 ldeo
193 3753 227 3809 et
244 3738 283 3806 in
309 3735 377 3804 alia
402 3735 529 3806 delicta
551 3737 666 3805 securi
692 3750 824 3823 ruunt,
858 3751 899 3810 ut
922 3735 1077 3808 Alexan-

84 3846 155 3913 der
168 3839 299 3932 polluit
321 3857 357 3904 se
378 3835 567 3926 multiplici
591 3838 823 3928 turpitudine.
874 3839 950 3908 Alii
970 3862 1078 3929 appe-

82 3956 169 4016 tunt
190 3938 389 4031 superiores
410 3937 626 4007 vocationes:
666 3964 749 4008 nam
769 3939 933 4033 superbia
956 3939 1078 4010 multi-

84 4043 231 4137 pliciter
251 4064 289 4110 se
309 4039 480 4122 declarat,
506 4053 546 4110 ut
569 4033 750 4126 Absalon,
776 4040 935 4128 Cassius,
961 4037 1078 4112 Anto-

86 4148 184 4217 nius.
242 4139 318 4211 Alii
344 4154 486 4230 peccant
508 4163 579 4209 non
605 4156 831 4232 agnoscentes
853 4147 946 4214 dona
972 4168 1078 4234 supe-

86 4249 185 4316 riora
217 4244 257 4313 in
287 4241 383 4326 aliis,
416 4253 457 4312 ut
479 4236 726 4331 Agamemnon
756 4245 817 4337 qui
844 4246 1007 4336 superior
1026 4259 1078 4316 est

85 4351 188 4427 locu,
226 4367 311 4430 non
331 4343 489 4433 agnoscit
509 4337 688 4416 Achillem
711 4345 840 4416 virtute
860 4347 1077 4439 superiorem

86 4470 175 4519 esse.

189 4561 246 4636 De
264 4558 321 4632 his
343 4561 511 4634 omnibus
532 4560 685 4634 traditur
704 4559 764 4634 hie
784 4567 920 4656 regula:
947 4560 1079 4638 Omnis

87 4669 152 4763 qui
185 4690 222 4736 se
249 4664 395 4762 exaltat,
429 4658 687 4735 humiliabitur.
717 4663 855 4759 'ldque
885 4670 1079 4737 ostendunt

86 4767 215 4860 tragici
247 4787 348 4836 casus
383 4764 763 4853 praestantissimorum
808 4768 990 4852 virorum,
1038 4783 1079 4839 ut

88 4870 226 4948 Saulis,
265 4859 431 4949 Goliatb,
466 4861 707 4957 Sennaherib,
737 4867 919 4960 Pompeii,
954 4865 1079 4959 Agesi-

88 4970 154 5058 lai,
181 4966 396 5050 Alexandri,
420 4967 586 5041 Antonii.
610 5038 614 5047 ,
640 4965 717 5038 Imo
744 4969 783 5038 in
797 4969 952 5042 Ecclesia
977 4994 1079 5060 prae-

1236 1135 1636 1226 DominioaXVlll.
1655 1143 1752 1244 post
1766 1137 2000 1226 Trinitatis

1387 1296 1851 1391 mmmfflfflffi

1175 1426 1380 1506 Pharisaei
1407 1440 1529 1503 autem
1552 1411 1761 1513 audientes,
1801 1429 1902 1531 quod
1923 1429 2114 1509 silentium

1228 1531 1459 1632 imposuisset
1493 1529 1745 1616 Sadducaeis,
1798 1549 2034 1609 convenerunt
2071 1539 2112 1609 in

1228 1661 1353 1711 unum.
1411 1631 1468 1704 Et
1491 1633 1732 1728 interrogavit
1755 1651 1851 1706 unus
1874 1660 1921 1706 ex
1944 1639 1995 1708 eis
2019 1638 2112 1733 legis

1229 1733 1371 1824 doctor,
1403 1745 1550 1806 tentans
1570 1761 1668 1824 eum,
1701 1745 1733 1805 et
1758 1731 1873 1808 dixu:
1907 1733 2111 1834 Magister,

1226 1834 1327 1936 quod
1341 1845 1391 1907 est
1409 1832 1630 1907 mundatum
1646 1859 1824 1930 magnum
1845 1838 1886 1909 iu
1910 1836 2015 1933 Iege?
2047 1838 2112 1910 Ait

1227 1947 1348 2008 uestem
1365 1934 1429 2008 illi
1440 1935 1562 2009 Iesus:
1595 1935 1749 2032 Diliges
1768 1935 1973 2011 Dominum
1986 1939 2112 2012 Deum

1144 2087 1146 2092 ·
1228 2048 1330 2109 tuum
1350 2063 1397 2109 ex
1417 2048 1491 2110 toto
1515 2034 1720 2123 cordetuo,
1751 2047 1784 2108 st
1809 2063 1856 2110 ea·
1879 2050 1956 2110 tota
1981 2043 2112 2112 anima

1226 2150 1292 2211 tun
1299 2191 1312 2226 ,
1339 2148 1371 2208 et
1388 2148 1528 2212 entatu
1542 2149 1657 2209 mente
1673 2148 1750 2214 tun.
1792 2139 1874 2211 Hoc
1888 2151 1940 2211 est
1951 2143 2114 2238 primum

1228 2251 1260 2311 at
1280 2265 1456 2335 magnum
1481 2236 1714 2316 mandatum.
1765 2237 1970 2312 Secundum
1991 2252 2114 2314 autem

1226 2340 1348 2412 simile
1365 2335 1467 2414 huic.-
1490 2338 1645 2436 Diliges
1663 2341 1874 2436 proximum
1896 2352 1998 2412 tuum
2017 2345 2112 2414 sicut

1228 2444 1393 2540 teipsum.
1444 2439 1494 2512 In
1509 2437 1571 2512 his
1588 2438 1730 2514 duobus
1744 2440 1937 2514 mundatis
1953 2453 2029 2515 totu
2048 2443 2112 2516 lex

1227 2539 1357 2642 pendet
1372 2555 1404 2614 et
1420 2539 1638 2641 Prophetae.

1177 2633 1425 2740 Congregatis
1451 2654 1572 2715 autem
1594 2639 1832 2727 Pharisaeis,
1873 2645 2114 2741 interrogauit

1228 2770 1287 2817 eos
1318 2744 1426 2816 Iesus
1454 2743 1592 2816 dicens:
1639 2739 1747 2840 Quid
1771 2743 1871 2816 uobis
1901 2744 2043 2817 uidetur
2070 2743 2115 2816 de

1228 2841 1406 2919 Christo?
1429 2843 1547 2919 Cuius
1551 2841 1666 2941 filius
1681 2845 1759 2917 est?
1782 2844 1926 2916 Dicunt
1942 2847 1992 2916 ei:
2023 2845 2114 2916 Da-

1230 2945 1302 3021 vid.
1368 2944 1432 3017 Art
1456 2944 1553 3018 illis:
1595 2942 1788 3042 Quomodo
1810 2969 1895 3042 ergo
1912 2944 2050 3017 David
2071 2947 2111 3017 in

1226 3074 1246 3120 s
1271 3046 1360 3118 irilu
1377 3057 1479 3119 vocnt
1496 3071 1573 3118 eum
1589 3046 1815 3132 Dominum,
1832 3047 1974 3134 debens,
1994 3046 2113 3119 Dixit

1226 3073 1416 3220 bominac
1429 3147 1598 3220 Domino
1612 3173 1705 3236 meo,
1718 3146 1802 3220 sede
1815 3175 1841 3220 a
1856 3146 1999 3222 dextris
2013 3151 2113 3236 meis,

1229 3247 1339 3322 donec
1361 3276 1498 3347 ponam
1523 3250 1690 3321 inimicos
1717 3259 1799 3320 tuus
1823 3248 2025 3321 scabellum
2050 3275 2113 3349 pe-

1229 3348 1317 3422 dum
1347 3351 1518 3423 luorum?
1568 3349 1615 3421 Si
1632 3373 1718 3445 ergo
1740 3348 1876 3422 David
1901 3361 2002 3424 vocat
2032 3375 2113 3422 eum

1227 3450 1454 3538 Dominum,
1493 3449 1673 3552 quomodo
1690 3448 1816 3549 filius⁴
1837 3452 1914 3524 eius
1943 3451 2021 3523 est?
2056 3451 2113 3523 Et

1228 3577 1331 3622 nenio
1352 3563 1495 3650 poterut
1517 3552 1551 3624 ei
1575 3551 1785 3650 respondere
1806 3553 1969 3640 verbum,
2001 3577 2114 3652 neque
2230 3555 2233 3560 ’

1228 3680 1345 3726 ausus
1357 3655 1440 3754 suit
1464 3655 1661 3756 quisquam
1683 3677 1729 3726 ex
1749 3651 1823 3727 illa
1845 3652 1904 3725 die
1928 3678 2007 3726 eum
2029 3680 2112 3726 uin-

1226 3755 1330 3855 plius
1345 3758 1583 3851 interrogare.

1175 3869 1350 3972 Quatuur
1362 3888 1446 3946 sunt
1461 3875 1640 3968 praecipui
1657 3872 1739 3947 loci.
1756 3943 1759 3950 .

1282 3992 1309 4063 l.
1342 3988 1397 4111 lie
1425 3991 1589 4062 doctrina
1617 3990 1722 4080 legis,
1753 4011 1845 4084 quae
1865 3988 1913 4061 sit
1931 3988 1987 4060 lex
2011 4012 2114 4083 prae-

1280 4115 1593 4282 llclilldignitate
1605 4189 1779 4260 secundae
1795 4191 1947 4262 tabulae.

1280 4293 1346 4366 lll.
1372 4293 1453 4366 Non
1475 4291 1561 4363 satis
1582 4302 1634 4361 est
1656 4291 1695 4359 in
1710 4289 1868 4362 Ecclesia
1888 4288 2040 4383 proponi
2064 4289 2115 4359 le-

1335 4419 1432 4484 gem,
1470 4394 1533 4463 sed
1564 4403 1708 4485 oportet
1737 4406 1853 4464 extare
1877 4390 2116 4482 Evangelium

1329 4499 1375 4566 de
1391 4492 1548 4569 Christo.

1279 4594 1363 4669 llll.
1411 4593 1466 4668 De
1500 4594 1659 4666 Psalmo:
1699 4593 1800 4667 Dixit
1833 4587 2011 4668 Dominus
2041 4585 2118 4660 Doss

1334 4698 1434 4770 minu
1449 4719 1542 4769 meo.
1581 4731 1585 4736 ·
1679 4764 1681 4770 .

1517 4865 1572 4918 Ds
1596 4859 1731 4928 prino.
1806 4869 1819 4880 ·

1231 4963 1522 5043 SicutMonacbi
1545 4966 1659 5060 pluris
1681 4968 1842 5039 lecerunt
1867 4962 2035 5044 Missam,
2060 4972 2124 5034 aut
2207 4981 2209 4986 ·

88 5075 192 5166 cipua
215 5070 254 5140 lit
277 5063 502 5152 humiliatio,
535 5067 617 5161 quia
640 5069 814 5140 iudicium
835 5097 855 5142 a
880 5073 987 5142 domo
1012 5066 1080 5139 Dei
1130 5093 1192 5143 sua
1212 5086 1315 5158 vota,
1342 5097 1449 5164 quam
1473 5069 1679 5139 universum
1693 5066 1929 5156 venatuum,
1960 5064 2011 5136 ita
2027 5057 2124 5134 Pha-

86 5174 232 5266 incipit,
257 5181 298 5240 ut
313 5169 506 5241 ostendunt
522 5169 677 5266 insignia
692 5173 849 5263 exempla
864 5187 1079 5257 sanctorum,
1128 5174 1238 5244 risaei
1254 5174 1520 5268 amplificabant
1535 5169 1704 5242 sacrificia
1719 5184 1754 5242 et
1767 5165 1985 5240 traditiones.
2016 5163 2124 5236 Ilunc
2197 5217 2203 5230 .

1 5359 2 5370 χ
87 5273 290 5358 Samsunis,
322 5268 489 5356 Davidis,
529 5269 829 5368 Nabugdonosor,
870 5287 905 5348 et
924 5274 1078 5372 aliorum
1133 5299 1292 5350 errorem
1313 5269 1544 5369 reprehendit
1562 5266 1725 5344 Christus
1747 5292 1828 5340 cum
1848 5268 1998 5340 antefert
2023 5288 2125 5357 prae·

1419 5367 1503 5448 24*
