4674 5822
60 181 142 260 tosa
166 177 169 190 ’
194 222 197 232 =
319 176 404 253 XII.
456 169 852 268 annotantottns
876 173 943 250 ΕΤ
967 169 1251 254 CONGIONES
1278 179 1329 254 IN
1352 175 1536 258 EVANG.
1562 180 1774 260 IOANNIS.
1958 193 2056 265 1086

57 349 247 444 Evangelio,
272 351 368 444 quod
383 350 562 440 praedicat
575 333 750 420 iusticiam
767 347 924 441 spiritus.
949 348 1022 420 No·
1070 349 1176 421 tertio
1200 351 1357 424 esuriens
1380 366 1413 425 et
1437 354 1578 440 sitiens,
1612 357 1652 428 u't
1666 379 1705 428 ea
1723 357 1876 449 imagine
1894 366 2054 434 console-

56 457 308 551 queinmonte,
335 452 399 526 i.'e.
414 452 515 523 nulla
532 451 779 523 observatione
801 464 956 526 externa.
970 489 1022 508 -
1070 464 1130 523 tur
1144 453 1419 527 imbecillitatem
1437 457 1560 548 populi
1574 456 1649 529 sine
1665 460 1849 552 operibus,
1882 475 1922 532 ut
1945 487 2055 554 agno-
2180 525 2184 540 .

56 559 145 628 Pater
157 557 238 625 tales
253 555 413 648 quaerit,
436 554 460 624 i.
478 578 506 628 e.
523 575 623 623 veros
638 554 863 639 adoratores,
888 554 1021 625 scilicet
1069 576 1224 640 scamus,
1256 557 1362 627 talem
1386 582 1450 629 nos
1473 553 1604 630 habere
1618 561 1840 651 pontificem,
1874 566 1936 658 qui
1958 590 2056 636 corn-

56 660 124 756 quia
137 660 188 727 lex
202 655 395 748 spiritualis
415 669 485 736 est,
513 655 631 748 itaque
655 653 821 746 voluntas
840 655 928 745 Iegis
944 679 1020 724 non
1067 657 1140 747 pati
1151 671 1268 748 posset
1284 660 1481 730 infirmitati
1492 675 1647 758 nostrae,
1663 676 1835 736 tentatum
1847 689 1910 758 per
1925 667 2056 738 omnia.
2098 694 2105 709 ·
2150 715 2156 724 κ

57 775 99 831 est
113 759 270 830 simulare
285 757 390 828 fidem
408 759 464 828 vel
486 769 619 828 metum
636 753 722 837 Dei,
756 759 818 828 sed
839 781 921 826 vere
944 781 1018 826 cre·
1246 823 1254 841 ,
1399 825 1406 844 ,
1753 827 1760 845 ,
1935 831 1941 848 ,
2018 781 2025 848 g

55 861 385 932 dereeffimem-
418 855 494 949 330
520 883 617 939 sum,
644 859 668 933 ἱ.
685 882 714 930 e·
738 880 803 947 ego
825 880 904 927 ,um
922 856 1020 930 Mes,
1067 816 1158 897 Non
1193 846 1289 895 enam
1323 837 1596 922 tnnrunguntur
1621 823 1759 900 Iudaea
1783 825 2060 942 Samaritam,

55 965 128 1046 sias,
148 961 210 1054 qui
224 961 435 1032 annunciem
453 961 628 1031 iusticiam
650 973 685 1031 et
702 981 850 1049 regnum
867 961 947 1034 Dei.
966 999 1019 1014 -
1174 960 1553 1063 ludaeispraeceptum
1572 965 1640 1035 tuit
1662 963 1768 1037 Dent.
1787 963 1888 1052 VII,
1913 991 1958 1037 ne
1979 969 2056 1038 foe·
2165 995 2168 1006 >

54 1065 134 1134 Num
147 1058 203 1133 hic
215 1077 290 1148 eto,
307 1061 366 1136 i.e.
376 1085 497 1134 nonne
513 1056 571 1131 bic
585 1075 635 1132 est
644 1055 816 1132 Christus.
827 1100 879 1115 —
904 1061 1021 1132 Num·
1069 1065 1152 1134 dera
1166 1064 1301 1136 inirent
1317 1067 1373 1134 vel
1387 1067 1566 1137 connubia
1590 1057 1851 1166 coniungerent
1873 1092 1953 1138 cum
1969 1091 2056 1158 gen-

54 1166 120 1260 quis
134 1164 248 1235 attulit
270 1175 356 1244 etc,
382 1165 464 1256 quia
489 1187 564 1233 non
588 1162 834 1252 intelligebant
857 1176 1021 1265 oportere
1068 1166 1165 1237 tibus
1184 1167 1224 1234 in
1248 1177 1341 1253 terra
1361 1191 1435 1240 sua.
1486 1165 1578 1238 Eam
1601 1169 1713 1259 legem
1732 1169 1854 1240 Iudaei
1870 1173 1913 1246 ad
1931 1168 2057 1241 Sama-

51 1263 214 1338 Christum
233 1265 318 1359 pati.
340 1304 392 1318 —
426 1263 475 1336 Ut
488 1265 614 1336 faciam
629 1277 709 1350 etc.,
739 1265 764 1337 i.
783 1255 814 1337 εἰ
828 1278 870 1336 ut
886 1267 1021 1336 moriar
1070 1267 1204 1337 ritanus
1227 1292 1369 1363 quoque
1393 1271 1603 1344 retulerunt.
1654 1270 1725 1343 Sed
1746 1273 1842 1364 quod
1866 1295 1932 1342 nec
1952 1274 2056 1343 edere

53 1367 262 1460 promundo.
278 1407 329 1418 —
354 1365 670 1456 Quatuormenses
686 1378 769 1437 suut
785 1380 862 1454 etc.,
888 1368 1020 1439 scilicet
1069 1391 1134 1437 nec
1161 1369 1299 1439 hibere'
1315 1394 1396 1441 cum
1429 1373 1501 1441 illis
1529 1372 1689 1459 licuerit,
1733 1367 1889 1445 humana
1911 1373 2056 1446 traditio

53 1494 230 1542 avere.—
255 1465 370 1539 Albae
392 1482 490 1540 sunt:
509 1511 556 1527 -
585 1469 668 1561 quia
690 1469 839 1560 ridetis,
864 1467 1021 1561 incipere
1068 1469 1174 1540 inisse
1190 1471 1348 1557 videtur,
1375 1467 1654 1567 quemchristus
1669 1469 1728 1544 hic
1740 1475 1861 1548 violat.
1890 1473 2057 1567 Propter-

51 1584 154 1662 gentcs
176 1568 371 1660 Evangelio
393 1571 546 1642 credere.
566 1609 618 1624 -
650 1567 699 1641 Ut
724 1583 760 1640 et
783 1571 846 1665 qui
869 1571 1022 1642 seminat
1068 1594 1108 1642 ea
1124 1573 1409 1666 cousyderandae
1426 1587 1507 1646 sunt
1526 1576 1818 1648 circumstantiae.
1863 1575 1946 1646 Non
1962 1577 2057 1647 enirn

51 1687 115 1754 etc,
136 1673 158 1746 i.
175 1695 202 1743 e.
217 1686 258 1744 ut
271 1671 378 1741 simul
394 1672 540 1762 gaudeat
556 1671 747 1744 seminator
763 1686 797 1743 et
810 1695 955 1748 messor.
970 1711 1021 1726 -·-
1070 1675 1181 1746 violat
1202 1671 1365 1747 Christus
1389 1677 1501 1768 Iegem
1524 1677 1580 1747 vel
1604 1678 1834 1764 traditiones,
1866 1679 1936 1772 nisi
1958 1691 2057 1768 cogat

50 1773 113 1844 Alii
140 1775 409 1855 laboraverunt,
442 1773 518 1844 scil.
541 1769 739 1866 Prophetae
768 1789 805 1844 et
824 1790 952 1866 patres.
969 1813 1022 1828 -
1069 1777 1127 1845 vel
1146 1777 1334 1848 necessitas
1361 1780 1419 1848 vel
1442 1773 1615 1866 charitas,
1640 1776 1942 1867 utMatth.XII.,
1977 1804 2056 1849 cnm

50 1874 292 1946 Testimonium
315 1871 553 1965 perhibentia,
592 1877 665 1948 scil.
696 1875 891 1962 miraculo,
925 1879 1022 1969 quod
1071 1878 1232 1969 Apostoli
1257 1880 1368 1970 spicas
1393 1881 1583 1965 vellerent,
1617 1896 1652 1954 et
1675 1878 1941 1963 Matth.Vlll.‚
1976 1905 2057 1950 cum

49 1977 400 2049 auctoritatemverbo
416 1977 566 2047 facit.--
580 1976 1021 2068 Cumvenissentergoad
1071 1980 1228 2070 tangitur
1248 1981 1417 2072 leprosus.
1469 1981 1627 2052 Proinde
1649 1984 1688 2052 in
1712 1983 2059 2054 servandisvelvio-

50 2079 139 2149 illurn
170 2078 403 2164 Samaritani,
433 2079 564 2150 scilieet
592 2103 673 2150 cum
690 2078 813 2150 ludaei
834 2097 917 2150 eum
942 2101 1023 2171 pas·
1071 2083 1188 2151 landis
1213 2077 1400 2152 hominum
1421 2085 1673 2155 traditionibus
1693 2079 1857 2156 habenda
1887 2097 1938 2154 cst
1966 2085 2058 2154 ratio

51 2180 104 2248 sim
119 2180 312 2250 reiicercnt.
327 2219 380 2234 -
415 2179 567 2272 Propter
590 2197 789 2251 sermonem
816 2183 909 2262 eius,
946 2182 1022 2253 scil.
1071 2181 1263 2256 charitatis.
1290 2182 1382 2256 Sunt
1398 2186 1567 2280 euimqui
1584 2186 1752 2256 violando
1769 2209 1843 2257 non
1858 2187 1978 2270 modo,
1997 2186 2058 2256 sed

51 2283 319 2352 certificationem
343 2283 383 2351 in
411 2283 578 2352 cordibus
608 2284 691 2356 suis.
715 2321 767 2336 -
813 2281 861 2354 Et
882 2283 1023 2368 scimus,
1072 2300 1108 2355 et
1122 2285 1228 2356 fidem
1242 2287 1280 2356 in
1302 2288 1472 2378 proximis
1489 2288 1654 2370 laedunt,
1679 2301 1713 2359 et
1727 2288 1882 2374 iaciunt,
1908 2302 1948 2360 ut
1963 2287 2059 2358 hlas-

50 2384 110 2453 i.e.
126 2386 228 2454 corda
247 2396 366 2453 nostra
384 2384 569 2454 certificata
588 2397 694 2469 sunt,
720 2399 754 2456 et
772 2386 933 2471 credunt,
957 2408 1023 2455 nos
1070 2383 1258 2478 phemetur
1274 2391 1408 2458 bonum
1423 2403 1606 2476 nostrum,
1631 2388 1738 2463 Rom.
1756 2387 1855 2463 VIII.
1900 2387 1949 2459 Hi
1966 2401 2060 2472 sunt,

50 2485 162 2554 salvari
184 2508 249 2578 per
271 2480 462 2558 Christum.
482 2524 555 2542 -‚
576 2482 619 2554 Iu
650 2483 868 2573 Galilaeam,
900 2486 976 2561 scil.
1003 2511 1023 2556 a
1073 2489 1191 2583 quiin
1208 2503 1318 2560 castra
1337 2489 1524 2562 israelitica
1541 2507 1673 2578 cacant,
1698 2505 1732 2563 et
1747 2493 1922 2564 infamant
1937 2485 2058 2563 Evan-

49 2583 217 2660 Nazareth.
282 2583 374 2656 Cum
402 2589 523 2658 omnia
551 2588 744 2673 vidissent,
785 2587 862 2660 scil.
892 2611 1023 2680 provo·
1073 2591 1216 2680 galium.
1284 2590 1374 2662 Nam
1405 2618 1485 2664 cum
1517 2607 1679 2664 externae
1707 2595 1952 2666 ordinationes
1983 2616 2060 2664 ωε-

52 2691 108 2759 cati
127 2693 169 2758 ad
190 2690 299 2758 fidem
330 2688 519 2758 miraculis.
579 2686 627 2760 Ut
657 2690 902 2775 descenderet,
947 2690 1023 2763 scil.
1073 2694 1153 2763 diae
1174 2694 1245 2763 sint
1269 2706 1450 2765 creaturae
1470 2692 1538 2765 Dei
1560 2697 1691 2781 bonae,
1725 2710 1759 2767 et
1781 2720 1887 2788 opera
1910 2695 2058 2765 rationis

50 2785 190 2860 aChana
212 2793 253 2860 in
274 2790 399 2861 urbem
423 2788 685 2884 Capharnaum.
736 2787 928 2882 Nisi'signa
946 2804 1023 2876 etc„
1073 2794 1163 2886 sicut
1179 2796 1312 2865 sutoria
1329 2810 1364 2866 et
1379 2796 1527 2866 similes:
1562 2797 1612 2866 sic
1637 2810 1721 2868 sunt
1743 2810 1861 2868 tamen
1883 2797 2058 2888 accipien-

50 2890 68 2957 i.
81 2915 107 2963 e.
121 2892 218 2964 iubes
226 2905 279 2963 ‘ut
297 2894 506 2961 descendam
526 2915 605 2961 curn
622 2905 741 2964 tamen
757 2893 867 2979 verbo
885 2915 1004 2964 curem
1013 2918 1022 2980 ;
1074 2898 1149 2978 dae,
1167 2909 1206 2967 ut
1221 2896 1261 2966 in
1279 2897 1324 2965 iis
1339 2920 1454 2992 neque
1469 2897 1607 2967 iusticia
1623 2922 1737 2992 neque
1750 2897 1930 2969 iniusticia
1946 2921 2059 2997 pona·
2151 2937 2153 2942 ·

49 2993 152 3086 itaque
176 3017 284 3085 cogor
299 2994 548 3064 incredulitate
565 3007 679 3064 vestra
699 2994 799 3084 signa
813 2995 926 3065 Iacere
943 2993 988 3092 ¹).
1072 3001 1248 3084 tut-,non
1263 2999 1369 3068 etiam
1386 3000 1598 3070 contumelia
1613 3000 1828 3074 afficiendae.
1860 2998 1956 3092 Papa
1972 3022 2059 3068 cou-

269 3089 274 3096 ’
1073 3100 1569 3186 tumeliaafficitcreaturam,
1594 3100 1867 3173 cumvetatedi.
1899 3099 1958 3171 Tu
1972 3124 2059 3169 con-

338 3261 343 3276 ,
1073 3202 1255 3274 tumeliam
1277 3202 1363 3271 facis
1384 3215 1580 3287 creaturae,
1606 3203 1738 3276 scilicet
1759 3202 1986 3274 ordinatione
2009 3202 2059 3270 ci-

135 3299 282 3370 Summa
305 3295 473 3371 historiae
496 3294 604 3370 huius
626 3300 671 3369 ad
694 3299 915 3370 vocationem
938 3321 1024 3388 geu·
1065 3293 1137 3372 'viti
1157 3315 1191 3373 et
1215 3317 1376 3388 externa,
1414 3328 1494 3376 cum
1519 3304 1632 3374 violas
1654 3327 1695 3373 ex
1721 3329 1818 3375 mero
1841 3315 2059 3397 contemptu,

49 3397 125 3467 tium
141 3401 317 3494 pertinet,
343 3403 387 3475 de
411 3422 479 3495 qua
500 3401 589 3471 alias
610 3399 696 3471 dicit
715 3396 878 3472 Christus
894 3395 1025 3472 Matth.
1073 3405 1137 3503 qui
1153 3417 1203 3476 est
1218 3427 1313 3474 mera
1329 3405 1501 3496 impietas.

48 3495 152 3576 VIII:
178 3501 290 3572 Multi
309 3505 354 3574 ab
376 3503 512 3573 oriente
528 3515 564 3572 et
587 3503 771 3572 occidente
793 3501 937 3575 venient
960 3515 1025 3576 etc.
1257 3574 1264 3593 ‚
1334 3573 1342 3592 ,
1657 3577 1666 3596 ‚
1806 3575 1814 3594 ,
1885 3576 1893 3594 ‚

48 3597 149 3672 Porro
184 3604 391 3698 ubicunqne
421 3607 465 3678 dc
495 3605 679 3675 vocatione
710 3605 869 3695 gentium
898 3603 1025 3695 agitur,
1216 3571 1262 3646 Sl
1286 3597 1397 3647 Μ’
1423 3571 1560 3649 dmm
1586 3575 1663 3651 Da
1689 3586 1721 3649 θ’
1746 3600 1830 3679 9¹⁰⁸
1855 3585 1917 3649 ⁸⁸¹·

49 3723 173 3795 semper
182 3701 251 3775 hoc
267 3708 498 3796 spectandum
513 3720 576 3787 est,
593 3720 634 3776 ut
651 3707 827 3798 edgarum
842 3705 1025 3776 toutcltn·
1174 3709 1319 3782 Summa
1355 3707 1611 3784 iustificationis
1645 3728 1698 3786 est
1724 3712 1882 3805 cognitio
1913 3705 2058 3796 Christi,
2155 3747 2162 3760 ,

47 3801 113 3873 tias.
160 3804 270 3895 Quod
292 3831 372 3877 cum
396 3822 517 3899 gentes
533 3809 703 3899 populum
725 3809 802 3879 sine
819 3805 896 3879 Deo
911 3821 1024 3893 vocat,
1073 3815 1169 3884 iuxta
1186 3813 1276 3883 illud
1295 3811 1421 3884 Esaiae
1434 3811 1587 3885 LXIII:
1619 3815 1773 3889 Scientia
1793 3814 1868 3884 eins
1892 3812 2058 3883 iustifica·
2099 3852 2102 3866 ‹

47 3907 386 3980 etsalvatsineullis
402 3909 588 4001 operibus,
614 3909 808 3980 merissima
824 3909 1024 3980 misericor·
1073 3917 1127 3986 bit
1148 3917 1292 3988 multos.
1350 3914 1423 3985 Nec
1458 3917 1555 3986 aliud
1589 3931 1641 3987 est
1662 3913 1918 4006 Evangelium,
1950 3934 2057 4006 quarn
2154 3910 2157 3918 ’

49 4005 115 4074 dia:
148 4023 350 4080 constanter
367 4022 402 4083 et
417 4034 483 4080 nos
501 4013 697 4095 credamus,
721 4031 925 4106 quanquam
944 4034 1025 4103 pec·
1072 4041 1189 4088 sermo
1207 4019 1250 4087 de
1269 4012 1430 4102 Christo,
1454 4041 1559 4112 equo
1577 4019 1739 4110 cognosci
1757 4013 1921 4090 Christus
1935 4013 2058 4110 possit,

50 4121 172 4196 catores
195 4127 230 4182 et
245 4114 418 4204 populum
433 4113 509 4183 sina
523 4108 618 4197 Deo,
645 4113 923 4184 misericordiam
940 4135 1024 4183 con·
1073 4109 1232 4194 Romi.
1252 4132 1288 4190 et
1311 4113 1376 4192 X.'
1412 4118 1601 4213 Propterea
1630 4115 1690 4190 hic
1710 4114 1874 4191 Christus
1901 4118 2057 4209 primurn

48 4225 227 4284 secutmos.
285 4211 364 4285 Hoc
393 4226 445 4284 est
467 4216 563 4308 quod
592 4209 708 4286 Oscae
729 4215 845 4307 primo
875 4214 1024 4285 dicitur:
1073 4221 1261 4318 proponit:
1304 4217 1344 4291 Si
1368 4221 1473 4290 scires
1495 4222 1629 4293 donum
1645 4218 1726 4293 Dei.
1776 4216 1842 4292 Est
1865 4233 1983 4291 autem
1997 4242 2057 4289 co·

47 4300 119 4382 Erit
134 4313 243 4400 locus,
269 4315 333 4386 ubi
350 4315 564 4402 dicetureis,
589 4339 663 4386 nou
684 4316 837 4409 populns
851 4329 1025 4388 meusetc.
1073 4324 1186 4415 gnitio
1209 4317 1342 4393 Christi
1371 4323 1475 4409 fides,
1506 4348 1576 4417 qua
1603 4325 1758 4396 creditur
1779 4317 1962 4394 Christum
1983 4342 2057 4391 esse

180 4441 182 4448 ’
1073 4425 1294 4496 salvatorem.
1346 4419 1481 4495 Dehac
1496 4426 1697 4516 cognitione
1711 4448 1817 4519 supra
1833 4423 1967 4496 dictum
1986 4433 2055 4493 est:

1072 4524 1234 4598 Mundus
1253 4549 1335 4596 eum
1352 4541 1427 4596 non
1442 4527 1617 4618 cognovit

291 3159 358 3236 Da
384 3157 481 3234 mihi
505 3159 608 3261 qnod
629 3161 768 3246 bibam.

204 4510 210 4519 ·
294 4477 403 4555 Iesus
427 4491 549 4554 autem
568 4475 779 4582 satagatur.

139 4615 279 4690 Deinde
294 4621 455 4711 singulae
469 4634 586 4712 partes
600 4617 771 4696 historiae
785 4627 1026 4721 consyderan-
1300 4691 1308 4709 ,
1742 4693 1750 4712 ,

49 4713 211 4794 daesunt.
236 4720 397 4794 Primum
414 4723 498 4816 quia
517 4724 759 4797 devocatione
775 4727 932 4817 gentium
948 4729 1025 4820 agi-
1186 4689 1371 4781 D⁰mm⁶v
1396 4716 1508 4793 'mlv‘
1534 4718 1608 4794 <1⁸1⁰
1633 4687 1794 4766 'mum'
1819 4685 1948 4770 ''⁰⁶⁶⁸-

49 4825 122 4903 tur,
144 4821 226 4892 ideo
250 4824 463 4896 describitur
480 4819 644 4896 Christus
660 4850 766 4921 quam
781 4828 899 4919 potuit
912 4831 1025 4900 maxi·
1174 4829 1283 4904 Ratio
1304 4853 1384 4901 cum
1404 4831 1506 4902 audit
1526 4826 1780 4922 Evangelium,
1816 4843 1851 4901 et
1873 4853 1935 4922 per
1951 4823 2056 4901 Chri-

48 4938 99 4988 me
114 4921 313 5013 imbecillis3
338 4926 494 5020 primum
516 4925 675 5018 lugiens,
702 4929 832 5000 deinde
848 4931 1024 5022 fatigatus,
1073 4947 1166 5005 stum
1191 4932 1351 5026 promitti
1374 4932 1549 5002 iusticiam
1574 4947 1608 5004 et
1624 4933 1751 5018 vitam,
1775 4931 1977 5026 quidlaliud
1993 4955 2082 5032 cog

55 5075 261 5096 ----
1072 5036 1177 5126 gitat,
1203 5059 1313 5130 quum
1336 5035 1431 5126 quod
1446 5029 1579 5105 Paulus
1594 5035 1660 5106 ait:
1684 5029 1918 5125 Evangelium
1936 5031 2055 5105 stulti-

81 5156 108 5214 t)
124 5157 220 5209 roton
241 5157 349 5211 tursum
373 5157 453 5213 nutus
479 5159 579 5224 captata
602 5161 733 5216 everen
749 5164 860 5226 suctar
882 5163 1025 5230 omarum
1072 5139 1158 5209 tiam
1175 5160 1248 5208 esse
1263 5135 1447 5227 gentibus?
1466 5134 1578 5209 Ratio
1594 5135 1684 5208 vidit
1696 5130 1880 5208 Christum
1898 5133 2062 5226 crucifigi·
2191 5205 2194 5212 ,

111 5227 328 5349 &stleg'uffltsst
351 5230 387 5280 ⁸⁶
411 5228 502 5280 ΝΜ
524 5230 750 5318 “mlatms
788 5245 844 5286 ”⁰¹¹
868 5233 971 5297 regator
994 5234 1024 5285 ¹¹¹
1072 5253 1107 5310 et
1120 5239 1232 5326 mori,
1256 5261 1366 5332 quare
1378 5261 1451 5334 non
1466 5251 1580 5331 potest
1594 5239 1736 5309 credere
1750 5261 1830 5308 eum
1850 5259 1924 5308 esse
1939 5237 2054 5310 salvs-

167 5331 175 5347 .
251 5331 269 5378 7
306 5309 377 5362 aque
393 5297 525 5350 vtdentnr
540 5298 611 5350 haec
628 5300 725 5355 brevis
742 5303 854 5358 senous
870 5301 1024 5358 ualentio-

110 5371 171 5416 nm
186 5364 316 5418 arsurus
333 5368 484 5420 cucuron.
555 5403 561 5412 .
1072 5354 1196 5417 torem.
1247 5340 1307 5413 sie
1327 5340 1412 5412 item
1426 5363 1507 5410 cum
1521 5340 1691 5434 affligitur
1705 5363 1805 5428 caro,
1829 5335 1924 5410 nihil
1936 5339 2055 5410 minus
