4616 5818
243 127 336 209 ,15.
850 107 975 185 rura.
1003 103 1354 180 transumere
1379 103 1677 181 nxeeerroa
2185 117 2248 191 aaa

244 305 338 375 vitae
353 313 532 372 aeternae,
559 303 599 362 ut
613 289 729 360 Adam
743 296 822 377 post
836 283 988 373 lapsum,
1015 279 1134 348 audita
1150 301 1235 370 pro·
1285 274 1394 352 rintb.
1405 280 1458 352 6.:
1485 274 1532 348 Et
1549 273 1634 347 baec
1649 277 1790 370 quidem
1808 275 1943 358 inistis,
1969 281 2029 350 sed
2046 281 2155 352 abluti
2169 288 2249 368 estis,

246 405 433 492 missione,
460 411 494 468 et
503 394 620 466 David
636 388 755 460 audita
772 380 835 454 bac
849 407 952 465 voce,
978 379 1156 452 Dominus
1172 381 1236 448 ab-
1286 381 1489 452 sanctilicati
1510 380 1619 464 estis,
1636 377 1812 449 iustificati
1836 378 1938 464 estis,
1963 383 2105 452 nomine
2120 383 2248 454 Domini

248 507 347 580 stulit
371 514 552 596 peccatum
576 508 696 574 tuum,
723 511 803 558 vere
824 484 1086 574 recipiebantur
1103 482 1140 550 in
1157 504 1236 570 gra·
1289 481 1366 551 lesu
1388 496 1421 550 et
1444 481 1581 574 Spiritu
1604 495 1737 550 sancto.
1788 477 1857 548 Hic
1877 482 1969 550 clare
1992 497 2250 570 testatur„cum

250 613 355 689 tiam,
400 626 481 674 vere
519 600 646 668 iterum
683 590 909 660 donabantur
929 583 1074 676 'Spiritu
1106 595 1237 667 sancto,
1287 583 1494 652 remissione
1527 596 1748 674 peecatorum
1779 582 1857 650 dari
1891 581 2062 674 Spiritum
2097 600 2250 660 sanctum.

249 715 377 785 iterum
404 702 600 774 sentiebam
621 696 659 762 in
681 690 916 767 contritione,
943 686 980 754 in
1002 685 1237 769 invocatione,
1272 682 1382 754 'Haec
1405 687 1499 754 dona
1520 698 1698 774 petamus,
1725 696 1758 751 et
1774 685 1925 754 retinere
1942 685 2149 760 studeamus.

249 816 289 884 in
304 805 560 884 consolatione,
587 799 749 866 ardentes
766 792 891 858 motus.

353 911 411 982 Sic
433 909 476 976 de
499 895 785 971 reconciliatione
806 894 909 962 docet
925 885 1087 960 Christus
1104 882 1237 962 Mattb.
1684 884 1730 934 ne
1759 885 1871 938 sexto.

255 1015 328 1089 ta:
354 1007 538 1086 Remittite
555 997 749 1091 septuagies
765 995 902 1085 septies.
955 985 1146 1077 Ethech.
1159 991 1235 1060 δὶα
1388 986 1503 1058 Filius
1519 988 1688 1078 prodigus
1703 987 1874 1076 significat
1890 981 2096 1062 violatorem
2113 991 2252 1081 discipli-

250 1116 415 1208 lmpietas
430 1107 532 1197 impii
549 1127 623 1171 non
640 1097 781 1167 nocebit
792 1097 835 1178 ei,
859 1092 1238 1185 quacunquediecon-
1288 1113 1373 1170 nae,
1399 1105 1433 1159 et
1453 1089 1515 1157 ille
1538 1091 1599 1160 dat
1615 1112 1746 1181 poenas
1761 1089 1911 1184 uiolatae
1930 1092 2153 1182 disciplinae,
2178 1095 2253 1162 sicut

249 1239 370 1288 versus
394 1209 503 1280 fuerit
525 1209 568 1274 ab
590 1201 770 1290 impietate
794 1221 868 1269 sua.
920 1193 966 1263 Et
979 1193 1104 1263 Esaiae
1122 1194 1170 1262 1.:
1198 1191 1237 1262 Si
1287 1193 1379 1261 latro
1403 1191 1442 1258 in
1466 1214 1579 1262 cruce.
1631 1189 1774 1262 Certum
1792 1207 1843 1260 cst
1859 1195 1953 1262 enim
1968 1194 2172 1285 disciplinae
2187 1197 2253 1262 vio·

252 1329 390 1414 peccata
419 1324 532 1380 vestra
561 1305 695 1374 fuerint
729 1315 769 1369 ut
799 1297 1000 1374 coccinum,
1050 1295 1150 1386 quasi
1176 1295 1238 1362 nix
1289 1294 1458 1364 lationem
1471 1287 1501 1361 'a
1519 1291 1594 1364 Deo
1618 1294 1759 1384 puniri,
1784 1296 1844 1364 sed
1865 1310 1982 1365 tamen
2005 1309 2101 1366 tanta
2124 1310 2171 1365 est
2191 1320 2254 1363 rna-

251 1419 524 1494 dealbabuntur.
575 1403 622 1476 Et
638 1402 754 1472 David
777 1401 825 1469 sic
843 1411 1020 1488 precator:
1048 1395 1238 1465 Cormuu-
1289 1395 1438 1484 gnitudo
1465 1395 1725 1463 misericordiae
1739 1391 1826 1480 Dei,
1850 1410 1890 1466 ut
1912 1393 1976 1466 bos
2000 1421 2195 1489 quanquam
2213 1411 2255 1464 ιε.

250 1529 335 1595 dum
358 1542 434 1588 crea
456 1514 495 1580 in
513 1533 568 1578 me
585 1508 699 1588 Deus,
724 1517 758 1573 et
776 1501 937 1592 spiritum
956 1510 1088 1567 rectum
1107 1497 1238 1564 innova
1289 1497 1354 1565 tris
1383 1495 1526 1584 flagitiis
1552 1495 1724 1586 pollutos,
1759 1510 1875 1566 tamen
1899 1511 1999 1568 vocet
2020 1501 2064 1566 ad
2089 1499 2254 1587 poeniten.

252 1630 290 1698 in
314 1618 506 1690 visceribus
530 1612 628 1678 meis.
680 1604 733 1674 Ne
758 1601 921 1693 proiicias
946 1623 1002 1667 me
1025 1623 1044 1666 a
1066 1599 1153 1666 facie
1168 1612 1239 1680 tua,
1274 1599 1394 1680 stiam,
1420 1611 1455 1666 et
1469 1619 1656 1664 conversos
1672 1597 1827 1687 recipiat.
1880 1595 1959 1668 Etsi
1973 1613 2254 1687 autem-magnum

253 1722 757 1814 etSpiritumsanctumtuum
776 1704 1076 1772 neaulerasame.
1114 1697 1239 1768 Redde
1290 1701 1396 1767 decus
1424 1692 1573 1780 babent,
1605 1698 1667 1790 qui
1696 1699 1850 1768 retinent
1876 1700 2120 1790 disciplinam,
2154 1714 2254 1768 tamen

253 1823 343 1898 mihi
367 1818 534 1890 laetitiam
557 1809 719 1882 salutaris
742 1807 812 1891 tui,
839 1819 873 1874 ct
897 1803 1023 1894 spiritu
1043 1813 1238 1892 spontaneo
1291 1795 1355 1867 bos
1370 1822 1511 1891 quoque
1526 1796 1730 1868 docetDeus
1746 1823 1818 1868 non
1835 1800 1911 1870 sine
1927 1815 2067 1892 peceato
2084 1825 2164 1873 esse.
2193 1800 2256 1869 Ha·
2277 1875 2282 1884 ,

252 1927 420 2000 confirma
438 1945 503 1988 me·
1292 1902 1378 1970 bent
1401 1901 1495 1969 enim
1522 1899 1689 1968 interiora
1711 1899 1797 1970 vitia
1820 1904 1950 1981 multa,
1977 1904 2208 1972 dubitationes
2221 1903 2256 1968 de

357 2023 426 2094 Hic
448 2017 594 2088 d⁰¹¹ssll⁰
618 2009 773 2102 Splrllffl
798 2007 926 2084 Sancti,
963 2018 996 2073 et
1018 2005 1160 2073 effectus
1183 2001 1239 2069 di·
1290 1999 1389 2086 Deo,
1415 2015 1449 2071 et
1476 2001 1607 2070 multos
1630 2013 1787 2072 errantes
1812 2019 1946 2074 motus:
1977 2004 2058 2073 ideo
2081 2005 2156 2073 vult
2176 2001 2257 2071 Dens

254 2143 344 2204 serte
369 2123 626 2196 describuntur.
680 2111 838 2180 Primum
865 2106 950 2194 petit
972 2109 1146 2174 mundum
1168 2127 1239 2184 cor,
1291 2099 1356 2171 bos
1386 2127 1527 2195 quoque
1553 2125 1741 2190 agnoscere
1762 2129 1859 2174 suam
1885 2105 2143 2188 infirmitatem,
2175 2103 2257 2172 etad

255 2231 438 2305 videlicet,
464 2221 579 2292 deleto
605 2226 759 2305 peccato.
811 2208 953 2278 Primus
978 2207 1072 2274 enim
1097 2206 1240 2274 affectus
1292 2205 1522 2274 mediatorem
1539 2206 1738 2292 coningere.

254 2349 305 2404 0⁵²
322 2329 474 2421 splflffls
497 2321 626 2437 ⁵³nfil’
651 2335 794 2428 mmm,
815 2332 892 2390 ⁶⁰¹3
919 2321 958 2376 ω
973 2309 1017 2375 de
1033 2305 1239 2422 ‘wellia'
1394 2335 1462 2406 Sed
1483 2337 1583 2404 multi
1602 2311 1836 2404 admiratione
1851 2338 2061 2428 disciplinae
2076 2335 2259 2416 immodica,

144 2487 148 2496 ·
222 2437 352 2512 'tione
376 2424 642 2499 acreml⁵⁵¹⁰¹¹e
666 2424 795 2506 ΡΜῙ1
818 2421 963 2492 “amala
988 2408 1041 2476 fac
1065 2421 1104 2475 ul
1126 2429 1162 2474 ¹¹¹
1185 2428 1240 2472 ¹¹¹⁸
1293 2461 1371 2506 curn
1385 2438 1535 2506 audiunt
1551 2438 1582 2504 ei
1597 2434 1735 2506 detrahi
1749 2438 1887 2506 laudern
1902 2416 2061 2510 iusticiae
2075 2436 2258 2510 coramlleo

258 2541 374 2606 luceat
404 2529 512 2608 fides,
544 2536 585 2592 ut
608 2532 761 2640 §laium
786 2511 939 2623 demum
965 2532 1038 2577 ⁰⁵⁵²
1061 2522 1239 2598 peccalum
1293 2537 1395 2606 irasci
1418 2535 1612 2626 Evangelio
1642 2537 1828 2628 incipiunt.
1894 2537 1935 2609 ln
1963 2537 2022 2610 bis
2050 2543 2258 2610 cumulantur

256 2659 394 2717 meum,
425 2653 469 2698 ne
490 2642 523 2697 le
545 2626 695 2712 sssssfflffla
726 2617 785 2686 ⁵04¹
801 2612 993 2734 ful⁵¹¹⁸f³d
1018 2626 1051 2680 ¹⁸
1072 2623 1239 2701 ‘animm
1293 2653 1433 2730 peccata
1461 2639 1583 2706 crescit
1605 2641 1823 2728 arrogantia,
1857 2655 1889 2710 et
1912 2643 2043 2712 fiducia
2067 2644 2140 2726 sui,
2170 2663 2259 2731 quam

255 2753 389 2836 patrem
408 2731 587 2808 accedam,
611 2742 733 2794 ‘0²⁸¹st
749 2731 783 2786 (Β
800 2736 972 2784 ¹¹¹V⁰⁶²¹¹¹·
1293 2743 1393 2812 Deus
1416 2740 1566 2808 maxime
1590 2741 1799 2825 detestatur,
1832 2742 1927 2813 iuxta
1948 2744 2058 2813 illud:
2083 2742 2260 2812 Abomina-

357 2835 496 2908 Dt'lssde
527 2827 671 2920 Silium
702 2833 821 2936 mim,
850 2827 900 2884 ‘⁵‘
929 2815 1070 2895 firm’
1110 2811 1242 2880 ⁵⁰¹¹¹⁶⁰¹
1293 2845 1344 2915 tio
1370 2856 1421 2912 est
1440 2865 1557 2910 coram
1575 2841 1671 2925 Deo,
1697 2843 1864 2935 quicquid
1884 2845 2037 2915 sublime
2052 2861 2104 2915 est
2119 2845 2156 2912 in
2170 2864 2260 2911 mun·

255 2966 330 3014 non
352 2936 519 3009 dubitans
546 2951 644 2996 more
668 2923 884 3001 academico,
910 2917 968 2986 sed
988 2938 1068 2983 vere
1086 2927 1242 2983 statuens
1294 2947 1360 3028 do,
1385 2957 1418 3012 e,
1435 2942 1568 3012 accedit
1582 2943 1705 3011 odium
1722 2941 1921 3034 Evangelii·

255 3047 371 3121 Deum
396 3035 498 3105 irasci
521 3043 678 3123 peccato,
704 3047 743 3092 ae
763 3041 886 3092 rursus
906 3017 1014 3107 recipi
1031 3017 1242 3096 credentem,

257 3163 380 3217 rursus
402 3159 482 3206 vere
504 3128 681 3211 exaudiri,
707 3147 787 3192 vere
809 3143 913 3191 curae
929 3141 1001 3186 esse
1017 3119 1107 3188 Deo.
1159 3114 1242 3204 Spi-

257 3248 368 3318 ritum
399 3249 559 3310 sanctum
590 3244 689 3299 vocat
720 3221 1048 3298 sanctificationem,
1085 3213 1152 3284 lroc
1181 3231 1243 3299 est,

258 3341 550 3439 gubernationem
568 3335 604 3401 in
620 3353 759 3420 genere,
782 3349 848 3418 qua
865 3345 962 3392 mens
972 3320 1106 3412 Spiritu
1122 3329 1241 3386 sancto

258 3449 411 3537 regitur,
446 3436 650 3509 accenditur
681 3434 725 3500 ad
749 3427 964 3516 agnitionem
988 3437 1021 3492 et
1046 3421 1239 3490 invocatio-

258 3573 340 3620 nem
355 3545 440 3628 Dei,
468 3555 501 3610 et
526 3539 714 3608 adiuvatur
730 3531 768 3598 in
784 3527 947 3597 omnibus
963 3524 1116 3614 negociis
1131 3535 1166 3592 et
1180 3545 1242 3612 pe-

257 3650 400 3730 riculis,
433 3657 467 3712 et
497 3643 673 3714 frenatur,
708 3654 752 3699 ne
777 3642 857 3699 ruat
881 3639 1001 3694 contra
1024 3627 1241 3692 voluntatem

258 3752 342 3827 Dei.
396 3745 497 3818 Sicut
511 3737 644 3810 Paulus
667 3731 877 3822 generaliter
897 3727 984 3796 dicit
1006 3728 1049 3793 de
1066 3728 1243 3811 guberna-

260 3857 356 3926 tione
382 3846 536 3938 Spiritus
566 3837 691 3909 sancti:
720 3833 793 3922 Qui
813 3829 940 3921 spiritu
965 3824 1032 3895 Dei
1053 3829 1243 3906 ducuntur,

258 3954 296 4025 bi
315 3965 396 4024 sunt
414 3949 477 4018 filii
493 3945 572 4016 Dei.
769 4019 773 4028 ι
922 3998 931 4014 ,

361 4053 543 4122 Postremo
564 4047 641 4114 loco
665 4045 707 4112 de
729 4033 969 4108 consolatione
991 4031 1091 4100 dicit:
1118 4026 1242 4099 Redde
1268 4058 1269 4068 κ

261 4152 351 4228 mibi
376 4153 543 4222 laetitiam
563 4143 724 4215 salutaris
740 4141 809 4222 tui,
836 4137 871 4204 id
889 4149 956 4217 est,
982 4155 1049 4225 qua
1069 4147 1105 4200 tu
1118 4130 1243 4216 salvas,
1381 4123 1471 4192 ‘Nec
1492 4147 1636 4213 prorsus
1654 4125 1771 4204 inanis
1788 4121 1872 4196 baec
1887 4141 1936 4196 cst
1953 4132 2095 4220 qtrerela
2106 4181 2116 4212 ‚
2144 4151 2220 4196 nam
2237 4125 2268 4191 in

259 4271 299 4328 ut
308 4253 439 4324 Paulus
456 4250 587 4342 inquit:
617 4241 797 4315 lustiiicati
821 4239 890 4307 fide
916 4259 1035 4326 pacem
1060 4229 1243 4303 habemus.
1295 4225 1576 4296 dissensionibus
1592 4228 1743 4315 publicis
1758 4251 1895 4316 semper
1908 4225 2095 4300 lraecmala
2108 4231 2268 4299 accidunt.

261 4355 309 4428 Et
338 4355 464 4446 spiritu
490 4364 682 4442 spontaneo
708 4355 861 4413 sustenta
884 4364 957 4417 me,
991 4338 1120 4419 idest,
1155 4335 1243 4401 adde
1268 4325 1271 4387 l
1296 4327 1365 4400 Sed
1388 4341 1504 4396 tamen
1528 4351 1651 4400 omnes
1674 4325 1835 4398 homines
1851 4330 1939 4398 scire
1952 4347 2109 4422 oportet,
2138 4343 2270 4421 propter

262 4455 352 4530 mibi
384 4457 495 4525 robur
519 4453 557 4518 in
583 4451 708 4526 corde,
737 4469 781 4511 ne
805 4442 962 4510 deficiam
987 4463 1004 4506 a
1029 4451 1082 4520 te,
1114 4439 1243 4530 fractus
1267 4406 1271 4524 i
1297 4424 1382 4498 barac
1404 4429 1567 4498 scandala
1591 4455 1664 4500 non
1688 4433 1928 4502 abiiciendum
1946 4457 2018 4502 esse
2035 4432 2269 4519 Evangeliurn,

261 4557 498 4650 impatientia,
524 4575 623 4621 mora
646 4560 706 4617 aut
727 4543 987 4636 desperatione,
1012 4543 1072 4608 sed
1094 4539 1138 4608 sit
1160 4539 1243 4604 obe·
1297 4533 1355 4600 sed
1375 4531 1556 4599 retinenda
1572 4546 1623 4602 est
1639 4529 1913 4620 voxEvangelii,
1941 4535 1993 4602 vel
2010 4537 2038 4602 si
2053 4535 2184 4604 ferretus
2199 4534 2268 4600 illa·

262 4660 395 4733 dientia
415 4669 605 4748 spontanea
623 4669 771 4742 sequens
787 4659 838 4728 te,
861 4659 892 4713 te
909 4645 1070 4718 intuens,
1086 4667 1115 4708 a
1132 4653 1165 4708 te
1184 4663 1242 4706 ex·
1297 4637 1401 4704 batur
1423 4634 1541 4705 orbis..
1596 4633 1688 4704 Serit
1711 4636 1874 4704 scandala
1897 4636 2005 4704 multa
2030 4637 2210 4718 diabolus,
2236 4647 2270 4701 ut

263 4779 403 4857 pectens
425 4755 722 4828 consolationem,
746 4750 834 4818 sicut
848 4748 886 4814 in
905 4746 1008 4812 exilio
1025 4743 1136 4813 David
1155 4742 1243 4808 tole·
1291 4735 1423 4812 ¹alienet
1441 4735 1634 4804 imbecilles
1649 4739 1692 4804 ab
1710 4731 1922 4830 Evangelio,
1949 4750 1983 4805 et
1999 4739 2181 4806 confirmat
2199 4737 2270 4804 odia

1396 3075 1463 3146 His
1500 3077 1597 3146 vitiis
1629 3077 1775 3148 coecitas
1806 3078 1844 3146 in
1873 3079 1923 3147 eis
1953 3083 2195 3160 confirmatur,
2230 3091 2263 3147 ut

1293 3178 1400 3251 Rom.
1425 3179 1482 3251 11.
1511 3178 1655 3248 dicitur:
1691 3174 1800 3248 Oculi
1832 3205 1954 3250 eorum
1982 3196 2206 3252 excaecentur
2228 3201 2264 3245 ne

1295 3282 1451 3351 videant.
1505 3279 1555 3350 lta
1572 3305 1666 3350 nnnc
1681 3281 1802 3365 multi,
1828 3305 1908 3350 cum
1923 3279 2157 3374 Evangelium
2174 3303 2263 3376 quas-

1295 3385 1375 3450 dam
1401 3383 1555 3476 viciosas,
1573 3381 1663 3472 leges
1682 3395 1792 3466 taxat,
1818 3382 2061 3454 incenduntur
2077 3386 2184 3467 odiis,
2209 3407 2263 3449 no·

1297 3485 1374 3552 lunt
1392 3484 1487 3550 enirn
1503 3484 1707 3553 conturbari
1724 3497 1940 3573 praesentem
1953 3484 2103 3556 Politiae
2119 3489 2264 3562 formam,

1295 3598 1330 3655 et
1361 3596 1567 3674 praetexunt
1596 3607 1680 3654 suae
1708 3585 1910 3654 iracundiae
1939 3589 2098 3657 studium
2128 3587 2264 3657 tuendae

1294 3686 1503 3777 disciplinae
1536 3686 1622 3754 boni
1655 3686 1810 3772 ordinis,
1849 3704 2049 3780 queruntur
2076 3690 2265 3759 labefactata
2294 3675 2295 3682 ἵ

1295 3789 1483 3859 autoritate
1510 3787 1645 3874 legum,
1670 3787 1788 3856 scenos
1809 3787 1917 3856 laxari
1942 3792 2110 3859 audaciae
2127 3807 2158 3859 et
2177 3802 2265 3879 petu-

1295 3890 1424 3960 lantiae
1445 3886 1649 3968 bominum,
1678 3889 1808 3958 mttltos
1828 3891 1894 3958 sibi
1920 3905 2065 3982 propter
2082 3892 2265 3980 exemplum

1296 4015 1432 4059 sumere
1448 3991 1639 4060 licentiam.
2023 4008 2027 4014 ’

255 4866 355 4936 ravit
381 4859 596 4934 tristissimas
625 4873 773 4945 poenas,
810 4875 872 4918 nec
902 4846 1047 4914 fremuit
1078 4847 1244 4912 adversus
1267 4893 1272 5010 Ι
1296 4833 1525 4930 hypocritica.
1586 4836 1654 4906 Sed
1680 4839 1847 4906 adversus
1872 4834 1935 4906 ltas
1958 4837 2105 4908 insidias
2128 4839 2271 4907 ruunuos

261 4965 396 5050 Deum,
425 4963 484 5033 sed
499 4969 698 5029 constanter
712 4949 946 5043 perseveravit
963 4949 1001 5015 in
1021 4945 1243 5014 invocatione
1296 4963 1361 5008 nos
1378 4963 1448 5006 esse
1467 4952 1607 5028 oportet
1624 4953 1677 5008 tot
1690 4940 1921 5010 concionibus
1938 4955 1971 5010 et
1984 4941 2169 5029 exemplis,
2192 4961 2271 5030 qnae

263 5082 297 5139 ep
313 5063 549 5152 expectatione
564 5055 797 5128 liberationis,
1296 5043 1341 5110 de
1364 5037 1418 5108 bis
1440 5041 1614 5110 scandalis
1627 5038 1819 5110 Ecclesiam
1843 5044 2055 5129 admonent,
2081 5056 2116 5111 et
2133 5043 2271 5119 retinere

366 5163 430 5236 His
453 5164 554 5236 dictis
578 5159 801 5230 consolemur
822 5177 906 5233 nos,
930 5165 962 5220 et
988 5152 1136 5219 sciamus
1159 5169 1244 5214 con·
1296 5141 1528 5228 Evangelium
1551 5142 1782 5232 praecipiunt.
1843 5142 1931 5212 Nam
1956 5143 2110 5233 primum
2135 5144 2271 5212 manda·

263 5265 372 5340 versis
396 5269 496 5336 reddi
513 5269 627 5348 dona,
656 5260 743 5335 sicut
758 5255 966 5347 generaliter
981 5252 1110 5320 dicitur
1132 5255 1159 5318 l.
1175 5245 1243 5316 Co·
1295 5257 1370 5313 tum
1388 5243 1653 5314 anteferendum
1671 5257 1723 5313 est
1738 5245 1903 5316 omnibus
1920 5247 2041 5328 rebus,
2068 5247 2147 5335 paci
2162 5241 2271 5338 publi-
