4674 5822
89 183 180 261 llil

86 357 155 437 bis,
187 353 269 450 quia
291 377 414 428 verum
435 367 488 434 est
513 353 611 456 illius
632 351 889 444 iudicium-
926 345 973 422 Et
992 373 1068 420 non

82 470 321 554 coguoverunt
345 469 427 544 etc..
463 457 545 551 quia
575 479 680 550 supra
713 453 847 527 dictum
879 465 946 524 cst:
994 449 1068 544 Vos

85 563 244 632 deorsum
260 557 355 632 estis.

214 720 309 801 Crem
332 722 589 798 exaltaveritis
599 719 733 819 filium
753 717 928 800 hominis.

176 859 317 954 Allegat
333 861 432 932 verbi
448 860 504 930 sui
519 859 776 947 testimonium,
795 853 930 930 'scilicet
948 882 1066 928 resur-

82 965 266 1038 rectionem
284 962 480 1038 amortuis.
518 959 584 1034 Est
601 976 717 1035 autem
735 961 944 1033 resurr-'ectio
956 956 1065 1032 Chri·

82 1068 122 1138 sti
147 1092 221 1138 nou
249 1068 357 1136 modo
391 1063 653 1145 testimonium,
699 1089 771 1157 quo
804 1064 1067 1134 convincuntur

83 1163 193 1240 hostes
212 1167 331 1254 verbi,
357 1169 418 1238 sed
441 1179 475 1238 ει
497 1166 610 1237 virtus
631 1163 717 1251 Dei,
750 1190 820 1259 qua
842 1165 1067 1236 vivificantur

82 1271 138 1366 qui
160 1273 311 1341 creduut
332 1269 372 1338 in
387 1266 570 1341 Christum
578 1291 588 1354 ;
619 1267 715 1340 iuxta
739 1267 830 1338 illud
854 1269 898 1336 ad
923 1261 1064 1358 Philip-

80 1395 199 1464 penses
227 1369 310 1446 lIl.:
352 1367 410 1441 Ad
433 1372 711 1460 cognoscendam
739 1368 908 1441 virtutem
943 1391 1065 1440 resur·

81 1473 244 1545 rectionis
258 1472 357 1554 eius,
384 1485 417 1542 ει
440 1475 482 1542 ad
506 1465 638 1562 Ephcs.
656 1471 700 1546 l.:
728 1469 931 1543 Secundum
949 1471 1065 1541 effica-

77 1573 161 1644 ciam
177 1575 356 1667 potentiae
373 1573 514 1644 virtutis
531 1573 624 1659 eius,
648 1597 755 1670 quam
776 1587 942 1665 operatus
958 1586 1009 1643 εει
1025 1571 1064 1643 in

78 1671 214 1748 Christo
234 1676 330 1762 lesu,
364 1675 535 1746 suscitans
558 1675 661 1745 illurn
685 1699 705 1746 a
728 1674 888 1749 mortuis.
940 1673 1066 1761 Porro,

80 1780 169 1871 quod
192 1779 242 1850 ait
267 1801 341 1849 non
364 1777 404 1849 iu
423 1777 700 1861 resurreetione,
727 1777 787 1846 sed
810 1779 953 1872 quando
969 1776 1064 1847 exal-

80 1881 211 1966 tabitis,
247 1879 379 1965 idest,
413 1881 556 1973 quando
579 1866 807 1969 crucifigetis,
840 1879 917 1949 vult
937 1892 1064 1977 poten-

43 2022 48 2033 =
80 1983 158 2053 tiam
173 2005 274 2054 suam
290 1976 382 2051 hanc
396 1981 435 2048 iu
451 2003 553 2068 cruce
570 1981 748 2072 cognosci.

202 2149 252 2224 Si
274 2174 335 2222 eos
358 2147 572 2222 manseritis
597 2146 637 2220 in
659 2171 824 2221 sermone
848 2172 938 2221 meo.

170 2285 271 2376 Quid
293 2297 363 2372 εει,
384 2284 481 2379 quod
503 2283 553 2354 sic
575 2282 641 2354 ait:
681 2280 720 2354 Si
743 2283 963 2372 manseritis,
1003 2309 1063 2355 co-

80 2387 310 2482 gnosceretis?
361 2383 420 2457 An
436 2411 510 2456 non
526 2395 743 2477 cognoscunt
761 2385 824 2478 qui
846 2408 921 2456 non
945 2407 1062 2478 perse·

76 2483 224 2562 ¹verant?
274 2478 489 2582 Resp'ondeo
506 2487 597 2559 sicut
613 2485 806 2580 Apostolus
819 2483 926 2559 Rom.
944 2481 989 2557 V.
1005 2487 1063 2556 in-

79 2594 166 2687 quit:
202 2591 455 2664 Tribulatione
481 2589 705 2683 patientiam,
741 2588 915 2682 patientia*
932 2590 1061 2681 proba·

79 2697 205 2766 tionem
228 2693 365 2786 parari,
396 2694 421 2767 i.
438 2715 468 2765 e.
491 2691 743 2782 experientiam
766 2692 876 2762 verbi.
927 2690 981 2761 lta
1003 2685 1062 2761 hic

78 2791 251 2868 Christus:
298 2793 373 2886 Qui
400 2807 642 2888 perseverant3
675 2792 757 2887 quia
778 2791 874 2862 enim
901 2788 1062 2864 Christus

79 2899 276 2970 consolatur
299 2921 376 2977 eos,
410 2895 471 2991 qui
493 2895 563 2964 fide
587 2907 770 2986 expectant
791 2917 872 2965 cum
894 2893 932 2965 in
947 2903 1062 2965 teuta-

78 2999 187 3086 tione,
215 3012 308 3070 certe
326 2999 384 3084 fit,
410 3011 450 3069 ut
465 2997 581 3089 ignari
602 2995 857 3068 consolationis
879 2995 971 3083 tint,
998 2995 1061 3092 qui

80 3123 186 3196 neque
204 3101 380 3175 sustinent
395 3124 476 3172 euru
495 3121 577 3170 cum
592 3112 785 3172 tentantur.

307 3266 349 3342 V
345 3292 399 3341 ere
427 3264 605 3367 discipuli
623 3263 696 3338 mei
716 3264 830 3342 eritis.

172 3405 370 3499 Discipuli,
395 3406 417 3476 i.
434 3429 462 3474 ε.
478 3403 573 3474 docti
589 3428 608 3473 a
622 3397 712 3477 Deo.
753 3400 877 3487 Vere,
902 3402 926 3478 i,
943 3427 972 3475 e,
995 3426 1061 3475 au.

363 177 448 258 xo.
500 171 897 258 Annorucrostts
921 169 989 252 er
1015 113 1298 264 conomius
1323 171 1378 250 ιιι
1402 167 1587 258 evaso.
1614 165 1829 258 tornois.

2010 188 2109 268 use
2173 150 2177 159 ’

1120 345 1252 454 inquit:
1293 345 1367 437 Qui
1387 345 1471 438 iacit
1486 359 1693 439 peccatum,
1732 373 1854 424 εεειιεε
1883 369 1936 429 εει
1961 361 2109 452 peceati,

1119 450 1143 522 i.
1159 475 1189 520 ε.
1204 451 1270 521 snb
1285 464 1427 542 peccato
1443 461 1507 527 εει.
1559 447 1637 523 Sub
1657 468 1797 544 peccato
1819 476 1914 539 εεεε,
1947 476 1999 535 εει
2024 487 2107 556 pec.

1119 565 1196 622 cato
1213 552 1377 624 damnari
1392 566 1428 625 et
1441 552 1569 637 occidi,
1592 552 1689 626 iuxta
1703 555 1812 628 illud:
1838 553 1995 635 Aculeus
2009 587 2108 638 mor-

1119 655 1164 724 tis
1179 667 1360 745 peccatum
1377 666 1441 727 εει.
1491 652 1647 727 Proinde
1665 650 1751 728 haec
1771 671 1821 730 est
1837 663 2005 751 servitus,
2024 690 2107 760 pec·

1064 798 1070 816 «
1118 779 1198 826 care
1214 769 1247 826 ει
1270 755 1373 830 mori.
1425 753 1591 828 Secundo
1614 755 1653 829 io
1677 781 1719 829 eo
1741 761 1865 834 debuit
1887 767 2107 857 servitutem,

1117 858 1213 951 qood
1232 857 1299 929 ait:
1325 856 1463 930 Veritas
1478 857 1644 930 liberabit
1665 885 1745 948 vos;
1779 886 1862 955 ergo
1885 868 2035 942 servitus
2054 887 2106 946 est

1117 961 1341 1030 mendacium
1357 961 1547 1054 quoddam.
1577 955 1643 1032 Est
1656 976 1772 1034 autem
1789 959 1856 1036 hoc
1870 972 2106 1057 mendacium,

1119 1063 1215 1154 quod
1239 1061 1325 1159 quia
1348 1075 1477 1132 natura
1507 1075 1558 1133 εει
1587 1061 1755 1152 ignorans
1778 1061 1866 1154 Dei,
1899 1094 1965 1144 nec
1993 1076 2106 1147 credit

1115 1159 1211 1247 Deo,
1244 1186 1309 1232 nec
1331 1163 1432 1236 timet
1452 1163 1587 1256 Deum,
1621 1165 1777 1240 deflectit
1803 1169 1847 1240 ad
1871 1184 2047 1247 creaturas
2070 1190 2106 1251 et
2150 1183 2153 1190 '

1117 1264 1394 1355 bditoperibus,
1420 1263 1556 1354 gloriae
1581 1289 1681 1352 suae,
1706 1269 1900 1362 sapientiae
1921 1298 2021 1359 suae,
2047 1278 2104 1350 iu-

1116 1365 1237 1436 stitiae
1263 1387 1369 1458 suae,
1407 1391 1498 1460 quae
1517 1366 1646 1438 fiducia
1673 1384 1766 1442 certe
1795 1375 2021 1448 mendacium
2043 1393 2106 1466 εει,

1116 1467 1200 1562 quia
1219 1468 1298 1538 fidit
1319 1491 1378 1551 eo,
1411 1493 1481 1562 quo
1503 1493 1577 1542 nou
1598 1471 1721 1544 debuit
1736 1472 1820 1560 fidi,
1843 1487 1888 1554 Ιει
1908 1481 2106 1553 contemnit

1116 1570 1172 1654 id,
1198 1571 1294 1663 quod
1311 1593 1393 1640 vere
1406 1570 1478 1640 vita
1499 1587 1567 1644 ast:
1598 1583 1633 1642 et
1654 1572 1713 1660 lit,
1737 1587 1779 1647 ut
1798 1598 1864 1648 uec
1880 1577 1942 1649 illa
1956 1605 1976 1652 a
1991 1597 2105 1654 morte

1117 1672 1269 1742 liberent
1285 1685 1320 1742 et
1336 1672 1536 1743 maledictio
1552 1689 1703 1759 maneat,
1726 1699 1796 1771 qua
1810 1680 1990 1754 servitutis
2004 1685 2105 1754 dam-

1116 1774 1191 1845 nati
1206 1771 1339 1848 snmus.
1391 1773 1534 1860 Tertio,
1561 1775 1643 1870 quia
1667 1779 1816 1851 servitus
1838 1794 1891 1854 εει
1912 1804 2055 1875 peccare
2070 1799 2105 1858 et

1115 1875 1227 1960 mori,
1250 1890 1284 1946 ει
1309 1901 1327 1947 a
1352 1889 1465 1947 morte
1486 1901 1559 1949 non
1585 1876 1713 1951 liberat
1739 1881 1995 1980 qualiscunque
2018 1905 2104 1962 usus¹

1115 1979 1265 2049 vestium
1281 1979 1339 2047 vel
1357 1977 1536 2060 ciborum,
1569 2000 1652 2071 ergo
1666 1997 1805 2054 nonest
1823 1983 1862 2054 iu
1878 1985 1943 2058 illo
1961 1992 2105 2091 proprie

1115 2080 1271 2154 libertas.
1323 2076 1480 2169 Quarto,
1504 2080 1592 2173 quid
1608 2081 1654 2153 sit
1667 2085 1864 2176 captivitas,
1890 2089 2025 2162 dictum
2042 2107 2104 2170 εει.

1114 2177 1270 2252 Econtra
1287 2181 1432 2254 libertas
1445 2195 1499 2254 εει
1512 2182 1674 2254 remissio
1694 2200 1935 2276 peccatorum,
1961 2187 2029 2264 hoc
2042 2209 2105 2283 εει,

1115 2284 1308 2353 condonari
1332 2294 1531 2383 peccaturo,
1568 2301 1770 2380 quanquam
1800 2289 1978 2385 reliquum
1997 2292 2043 2368 sit
2063 2296 2104 2366 iu

1115 2407 1220 2456 carne
1242 2400 1421 2478 peccatum
1441 2381 1577 2472 adhuc,
1609 2400 1645 2459 et
1677 2389 1754 2461 tolli
1784 2390 1840 2462 ius
1867 2391 2036 2486 peccati,
2057 2423 2103 2470 ne

1115 2488 1225 2580 possit
1251 2510 1431 2573 accusare,
1464 2487 1650 2574 damnare,
1684 2492 1854 2564 occidere.
1913 2493 2005 2568 Nam
2030 2521 2104 2581 esse

1113 2613 1252 2660 servum
1267 2590 1421 2680 peccati,
1447 2603 1498 2662 εει
1513 2609 1532 2658 ε
1548 2604 1690 2682 peccato
1707 2595 1819 2664 occidi
1836 2587 1947 2688 posse.
2000 2597 2104 2673 Hauc

1113 2691 1313 2763 libertatem
1331 2693 1581 2785 consequimur
1594 2694 1685 2786 lide,
1709 2699 1902 2785 credentes,
1926 2704 2023 2794 quod
2039 2723 2103 2796 per

1112 2789 1295 2864 Christum
1321 2807 1499 2884 peccatum
1524 2793 1570 2863 sit
1588 2795 1761 2883 deletum,
1803 2799 1893 2871 sicut
1917 2823 2023 2894 snpra
2044 2805 2103 2874 iu-

1113 2895 1207 2989 quit:
1234 2894 1308 2985 Qui
1332 2894 1443 2966 credit
1465 2894 1504 2964 iu
1518 2918 1619 2982 eum,
1640 2919 1714 2968 nou
1739 2899 1934 2989 indicatur;
1966 2902 2101 2980 ethice

1113 2995 1254 3070 Veritas
1277 2995 1462 3082 liberabit,
1487 2997 1513 3069 i.
1530 3021 1561 3069 e.
1585 2997 1649 3092 qui
1671 2999 1782 3073 credit
1797 3004 2024 3095 promissioni
2040 3031 2103 3101 pa-

1112 3099 1196 3184 tris,
1220 3099 1440 3173 liberabitur.
1491 3093 1556 3169 Est
1570 3121 1653 3190 ergo
1667 3101 1821 3194 primurn
1836 3105 1875 3175 iu
1891 3129 1933 3178 eo
1947 3107 2103 3198 libertas,
2174 3149 2178 3154 ·

1113 3204 1208 3297 quod
1225 3201 1301 3270 sine
1315 3200 1440 3270 merito
1458 3213 1579 3272 nostro
1602 3215 1741 3293 peccata
1756 3205 1931 3282 delentur.
1984 3209 2103 3283 Tolli·

978 3343 980 3346 -
1112 3306 1171 3374 t'ur
1185 3302 1241 3373 ius
1256 3304 1388 3394 peccati
1406 3315 1439 3372 et
1456 3303 1601 3387 mortis,
1627 3303 1725 3375 iuxta
1748 3305 1839 3378 illud
1860 3309 1892 3384 1.
1908 3307 1989 3383 Gor.
2003 3309 2101 3386 XV.:

1113 3399 1290 3496 Absorpta
1313 3417 1366 3476 cst
1390 3427 1486 3474 mors
1500 3404 1543 3488 ‚in
1560 3403 1719 3479 victoria.
1773 3405 1930 3498 Quinto,
1960 3427 1994 3486 ει
2017 3416 2102 3508 quia

80 3507 208 3580 dientes
224 3509 349 3578 auditu
373 3503 510 3577 cordis,
554 3501 665 3590 Vide,
691 3506 869 3600 quomodo
888 3529 978 3600 opus
991 3504 1060 3577 Dei
1111 3520 1291 3598 peccatum
1315 3506 1468 3578 deletum
1491 3519 1562 3595 εει,
1596 3530 1735 3579 ιιεεεεεε
1754 3522 1823 3597 εει,
1849 3511 2025 3586 iusticiam
2044 3540 2102 3588 ra-

80 3610 140 3679 sibi
163 3609 308 3694 tribuit,
341 3622 381 3682 ut
402 3611 542 3693 doceat,
584 3627 620 3676 εε
651 3630 725 3679 εεεε
752 3605 883 3679 Deum.
943 3603 1059 3700 Supra
1111 3632 1235 3700 gnare;
1264 3621 1298 3678 et
1314 3609 1397 3702 quia
1413 3609 1579 3700 absorpta
1595 3623 1776 3697 estruem,
1800 3628 2025 3704 necesseest,
2042 3618 2100 3690 vi-

81 3711 162 3783 dixit
184 3739 225 3783 ex
248 3707 372 3796 Esaia,
405 3729 528 3780 ornnes
549 3703 857 3780 aDeodoccndos
878 3725 968 3796 esse3
998 3709 1059 3781 hic
1111 3725 1182 3782 tarn
1199 3724 1374 3779 aeternam
1389 3711 1584 3782 succedere.
1635 3709 1792 3784 Proinde
1808 3715 1847 3784 in
1863 3716 1924 3803 iis,
1957 3719 1997 3788 iu
2017 3720 2100 3812 qui-
2199 3719 2203 3727 ’

78 3813 135 3883 εἰι;
160 3809 272 3886 Eritis
286 3809 356 3882 mei
377 3809 554 3904 discipuli.
604 3809 781 3904 Loquitur
804 3811 898 3879 enim
919 3812 1060 3881 nonde
1111 3815 1177 3883 bus
1192 3825 1372 3906 peccatum
1388 3825 1421 3882 ει
1438 3834 1534 3881 mors
1547 3812 1660 3882 deleta
1682 3827 1781 3898 sunt,
1813 3815 1887 3886 ism
1909 3831 1962 3889 est
1975 3822 2099 3910 cogni-

78 3927 212 3986 externo
228 3914 364 3999 auditu,
383 3914 446 3985 sed
461 3911 662 3983 deinterno
681 3912 806 3984 auditu
822 3925 857 3983 ει
870 3913 1058 4004 spirituali,
1111 3916 1160 3985 tio
1174 3911 1260 3995 Dei,
1285 3912 1387 4000 fides,
1410 3913 1536 3996 timor,
1566 3912 1708 3984 dilectio
1732 3918 1897 4008 proximi.
1945 3915 2025 3992 Hoc
2046 3935 2099 3996 εει
2162 3911 2166 3922 ’

80 4041 175 4110 quem
190 4020 230 4088 in
240 4019 352 4087 'corde
369 4015 474 4089 elficit
487 4013 606 4106 Deus,
634 4037 714 4084 curn
731 4028 825 4087 creat
844 4033 977 4086 novum
1001 4015 1058 4084 lu·¹
1110 4018 1204 4110 quod
1223 4015 1290 4086 ait:
1325 4012 1465 4084 Veritas
1480 4040 1544 4084 vos
1558 4014 1745 4098 liberabit,
1776 4017 1799 4086 i.
1816 4043 1846 4094 ε.
1872 4022 1941 4092 ἱειιι
1957 4046 2099 4096 veraces

79 4143 166 4192 men.
215 4117 412 4211 Distinguit
427 4117 521 4191 enim
537 4115 730 4209 discipulos
745 4137 860 4188 suos'a
874 4116 1057 4207 discipulis
1109 4119 1223 4201 eritis,
1259 4116 1397 4208 cognita
1426 4115 1666 4186 misericordia
1688 4141 1753 4209 per
1781 4120 1887 4192 fidem
1914 4125 2099 4200 confidetis
2165 4113 2176 4126 ’

78 4217 198 4316 Moysi.
236 4219 412 4314 Discipuli
422 4216 540 4316 Moysi
554 4232 649 4304 sunt,
675 4217 737 4312 qui
753 4217 966 4291 extrinsecus
977 4231 1058 4287 tao·
1108 4221 1185 4290 tolo
1202 4219 1296 4304 Deo,
1322 4231 1357 4289 ει
1378 4220 1520 4288 ea-fides
1541 4219 1707 4291 liberabit
1728 4222 1773 4292 ab
1794 4226 1894 4294 omni
1915 4224 1993 4297 iure
2015 4253 2098 4321 pcc-

77 4334 145 4392 tum
160 4326 330 4409 audiunt,
355 4336 529 4419 quantum
553 4332 667 4412 potest
688 4321 798 4404 ratio,
831 4319 893 4413 qui
915 4319 1058 4392 auditus
1108 4321 1195 4405 cati,
1221 4321 1303 4413 quie
1319 4320 1391 4391 vita
1406 4334 1545 4392 aeterna
1567 4334 1628 4391 εει.
1679 4318 1772 4393 Caro
1795 4347 1868 4396 noo
1892 4341 2006 4418 potest
2019 4330 2097 4403 Deo

80 4437 125 4494 est
143 4425 242 4497 litera
274 4438 308 4496 et
335 4446 432 4495 mera
458 4420 668 4519 hypocrisis.
724 4418 900 4515 Discipuli
920 4415 1057 4494 Christi
1108 4425 1268 4507 credere,
1294 4425 1352 4492 sed
1381 4423 1577 4496 contemnit
1598 4425 1735 4510 Deum;
1762 4430 1910 4501 creduut
1929 4446 2046 4505 autem
2062 4447 2098 4507 et

78 4541 169 4610 sont,
195 4550 347 4622 quorum
364 4529 469 4599 corda
487 4549 581 4596 novo
597 4523 732 4596 lumine
747 4525 990 4615 illustrantur,
1016 4532 1057 4596 ut
1107 4528 1234 4596 timent
1251 4525 1313 4619 qui
1332 4525 1371 4594 iu
1390 4519 1535 4596 Christo
1554 4540 1655 4612 sunt,
1688 4550 1771 4618 ergo
1795 4528 1902 4602 liberi
1926 4548 2028 4622 sunt;
2054 4547 2098 4608 ut

79 4625 215 4702 timeant
231 4626 358 4705 Deum.
396 4627 508 4698 Dicit:
534 4624 772 4718 Cognoscetis,
798 4626 942 4710 scilicet,
957 4627 1055 4720 quod
1107 4629 1136 4697 si
1151 4649 1281 4697 manus
1291 4627 1429 4698 laboret
1445 4641 1590 4718 stupore
1603 4628 1722 4722 aliquo
1740 4631 1812 4717 ita,
1837 4646 1879 4704 ut
1896 4658 1999 4706 suurn
2016 4637 2097 4706 offi-

15 4743 23 4766 ‘
79 4723 166 4801 Deus
182 4754 284 4801 verax
300 4733 365 4817 sit,
390 4745 571 4820 praestans
587 4731 682 4824 quod
700 4727 872 4822 promisit.
910 4725 1054 4810 Mause-
1107 4732 1200 4802 cium
1217 4730 1421 4799 iacereuou
1433 4729 1555 4820 possit,
1578 4744 1727 4801 servaet
1744 4734 2014 4826 captivafuerit,
2037 4739 2095 4808 sin

80 4829 167 4920 ritis,
192 4836 215 4906 i.
231 4859 265 4904 ε.
285 4831 516 4908 credideritis.
1106 4846 1223 4904 autem
1240 4832 1456 4916 restituatur,
1478 4843 1563 4902 tune
1576 4831 1688 4903 libera
1703 4834 1783 4909 erit.
1812 4835 1910 4909 Haec
1925 4841 1969 4908 de
1983 4840 2094 4911 liber-

379 4973 386 4986 ·
429 5003 436 5022 ,
631 5002 639 5020 ‚
681 4982 685 4991 -
759 5001 766 5016 ,
1106 4948 1176 5005 tate
1203 4929 1325 5005 Esaias
1353 4931 1464 5006 XLL:
1511 4931 1560 5005 Ut
1587 4936 1747 5006 mederer
1778 4940 1939 5011 contritis
1975 4944 2093 5030 corde,

341 4999 494 5078 Virum
520 5027 581 5076 ⁰⁰⁸
606 5001 790 5076 himba·
1104 5034 1344 5128 praedicarem
1369 5034 1516 5128 captivis
1535 5036 1814 5135 indulgentiam,
1839 5041 1966 5128 clausis
1988 5069 2093 5144 aper·

171 5138 350 5227 Primum,
390 5141 428 5210 in
457 5167 528 5236 qno
556 5141 603 5212 sit
625 5137 814 5212 christiana
844 5139 989 5210 libertas
1019 5152 1054 5209 ει
1105 5140 1248 5212 tionem.
1299 5135 1345 5208 Et
1364 5139 1449 5206 alias
1468 5161 1581 5228 saepe.

82 5239 158 5329 quid
177 5245 236 5325 sit,
270 5267 311 5314 cx
332 5241 400 5314 hoc
423 5245 505 5315 loco
524 5247 716 5336 petendum
736 5256 801 5316 ast.
840 5240 1052 5314 Definitau-
1205 5237 1337 5324 Sexto,
1388 5241 1471 5332 quia
1510 5241 1686 5312 iusticiam
1724 5242 1869 5335 spiritus
1911 5246 2092 5338 praedicat

82 5349 143 5410 tem
159 5340 316 5419 Christus
328 5347 532 5418 servitutem
548 5345 616 5415 bis.
643 5343 802 5416 Primum
820 5345 859 5414 iu
872 5358 929 5428 eo,
955 5343 1053 5438 quod
1075 5373 1077 5382 ·
1103 5339 1358 5432 Evangelium,
1383 5341 1464 5415 idco
1481 5367 1585 5414 usnrn
1602 5345 1881 5418 ceremoniarum
1903 5350 1980 5421 vult
2000 5349 2091 5421 libe-

125 5445 293 5519 Μιιειιεει.
323 5453 425 5520 Oeen.
454 5453 535 5518 Ver..
554 5446 650 5519 XIV.
1338 5441 1386 5517 ‘ll
1567 5475 1568 5480 ¹
