4620 5814
242 164 318 239 547

485 334 558 410 De
583 333 765 434 officio
791 337 983 412 christi.

346 473 505 544 salvabit
538 474 708 565 populum
727 498 759 542 .a
788 475 946 565 peccatis.

245 600 345 646 error
359 571 648 659 Pharisaeorum,
674 575 736 667 qui
760 577 984 647 somniabant
1000 575 1166 647 Messiam
1184 577 1230 644 li-

246 681 450 747 beraturum
471 700 542 745 esse
559 673 723 756 ludaeos,
751 701 770 744 a
788 679 963 769 corporali
982 680 1169 763 servitute,
1197 691 1231 748 et

245 781 411 850 daturum
428 779 478 846 eis
493 779 640 868 imperia
657 780 794 847 mundi.

520 951 587 1020 De
614 947 739 1020 dicto
766 954 952 1022 Esaiae.

346 1079 438 1150 Ecce
460 1081 560 1170 virgo
585 1063 638 1151 est
658 1082 820 1168 gravida,
847 1095 881 1152 et
902 1083 1017 1178 pariet
1038 1082 1171 1160 filiurn,
1197 1097 1230 1153 et

246 1181 388 1250 vocabis
404 1206 535 1250 nomen
554 1182 628 1250 eius
645 1178 867 1252 Emmanuel.

347 1280 416 1352 Hic
433 1285 570 1352 dicatur
585 1286 628 1350 de
644 1281 900 1374 appellatione,
925 1307 1013 1378 quae
1028 1285 1230 1376 complecti-

247 1396 304 1453 tur
326 1385 521 1454 doctrinam
537 1385 581 1452 de
598 1409 745 1474 persona
761 1379 914 1467 Christi,
942 1388 1037 1478 quod
1054 1389 1144 1456 duae
1161 1387 1232 1456 sint

247 1484 285 1552 in
310 1509 349 1553 ea
371 1493 538 1570 naturae,
566 1487 663 1557 etde
690 1485 827 1569 officio,
855 1483 961 1574 Quod
978 1485 1074 1557 Deus
1097 1488 1142 1558 sit
1164 1512 1231 1556 no-

246 1583 403 1672 biscum,
428 1588 584 1677 placatus
599 1587 707 1657 salvet
723 1609 788 1656 nos
803 1600 867 1660 etc.

603 1758 669 1828 De
696 1753 876 1850 loseph.

350 1889 470 1980 Quare
500 1893 631 1962 elicitur
661 1892 773 1964 iustus
799 1893 926 1962 nolens
951 1893 1123 1962 inlamarc
1147 1914 1231 1958 con·

246 1993 389 2084 iugem?

350 2093 428 2164 Hoc
459 2095 654 2185 exemplum
685 2095 806 2177 docet,
837 2115 902 2163 nos
934 2092 1061 2162 debere
1091 2114 1233 2182 parcere

249 2197 385 2266 alienae
413 2196 544 2280 famae,
576 2220 657 2264 cum
686 2220 761 2263 non
786 2190 956 2265 habemus
980 2207 1089 2263 certas
1113 2216 1233 2263 causas

248 2312 390 2370 nostrae
407 2290 702 2387 reprehensionis.

633 2541 769 2650 Caput
798 2543 856 2626 ll.
955 2587 959 2598 ι

467 2713 708 2783 'Historia
741 2707 795 2779 de
829 2710 994 2802 Magis.

351 2861 510 2932 Primum
527 2863 734 2952 dicendum,
761 2861 855 2952 qnod
872 2857 966 2929 Deus
981 2859 1165 2928 tradiderit
1181 2871 1232 2928 te-

252 2965 417 3038 stimonia
434 2965 479 3032 de
492 2976 574 3033 nato
583 2960 678 3032 Filio
688 3016 697 3046 ,
709 2975 761 3031 ·ut
769 2957 924 3030 Ecclesia
938 2960 983 3030 sit
999 2974 1105 3029 certa.
1158 2957 1233 3029 Etsi

251 3069 347 3139 enim
362 3089 403 3134 ea
419 3052 508 3156 quae
523 3075 694 3152 geruntur
707 3063 746 3130 in
762 3058 934 3144 Ecclesia,
961 3085 1034 3130 non
1051 3062 1098 3131 ita
1112 3062 1234 3132 incur·

250 3182 336 3240 runt
348 3167 388 3236 in
404 3165 545 3251 oculos,
569 3176 608 3233 ut
622 3159 818 3235 Alexandri
832 3176 893 3233 aut
907 3161 990 3232 lulii
1005 3163 1154 3255 praelia,
1182 3175 1233 3232 ta·

229 3355 232 3361 ¹
251 3294 333 3340 men
356 3281 392 3338 et
411 3262 483 3352 his,
508 3290 598 3359 quae
618 3267 658 3334 in
673 3261 828 3336 Ecclesia
844 3279 1035 3355 geruntur,
1060 3263 1155 3335 Deus
1169 3265 1233 3334 tri-

143 3449 147 3456 ,
249 3371 327 3441 buit
342 3369 597 3442 testimonium.

352 3471 399 3543 Et
418 3465 504 3541 haec
524 3471 724 3541 testimonia
742 3471 947 3560 colligamus
963 3471 1006 3538 ad
1023 3491 1088 3537 nos
1104 3469 1234 3536 confir-

128 3625 129 3628 .
249 3572 410 3644 mandes.
461 3571 595 3642 Filium
610 3572 679 3641 Dei
694 3570 859 3640 Messinm
875 3582 998 3639 natum
1014 3593 1087 3638 esse
1103 3583 1233 3639 testan-

251 3669 469 3763 turAngeli,
492 3670 673 3751 Pastores,
699 3669 864 3756 Simeon,
890 3668 1006 3755 Anna,
1033 3666 1233 3756 Zacharias,

249 3770 456 3860 Elizabeth,
480 3771 592 3862 Magi.

570 3949 725 4018 Secunda
754 3949 917 4016 doctrinm

351 4079 469 4152 Etiam
486 4090 605 4168 gentes
622 4075 798 4167 pertinent
811 4077 854 4144 ad
867 4070 1072 4158 Ecclesiam,
1098 4088 1131 4145 et
1149 4072 1234 4144 haec

187 4219 192 4230 ,
252 4195 304 4254 est
320 4181 493 4253 confessio
508 4178 664 4268 gentium
678 4177 791 4268 prima
807 4190 886 4268 post
901 4188 1023 4245 natum
1039 4170 1233 4249 Christum.

354 4280 508 4371 Quando
531 4292 648 4350 autem
672 4279 804 4348 dicitur
826 4280 869 4347 de
888 4275 1095 4346 collectione
1109 4271 1233 4347 Eccle-

250 4386 321 4454 siae
351 4405 393 4452 ex
423 4382 606 4470 gentibus,
638 4379 743 4450 simul
766 4378 916 4469 dicitur,
952 4379 1046 4471 quod
1072 4379 1233 4448 remissio

250 4496 472 4579 peccatorum
494 4481 601 4572 gratis
617 4481 738 4570 detur,
764 4503 839 4550 non
855 4492 999 4573 propter
1016 4480 1146 4567 legem,
1171 4481 1233 4549 sed

250 4599 395 4681 propter
408 4583 596 4668 Messiam,
621 4581 716 4652 iuxta
739 4581 853 4651 illude
874 4579 917 4650 ln
941 4581 1075 4651 semine
1095 4594 1156 4652 tuo
1170 4583 1232 4650 be-

250 4690 460 4764 nedicentur
472 4707 594 4756 omnes
610 4697 740 4774 gentes.
1068 4705 1071 4712 ¹

474 4867 509 4934 3.
563 4866 628 4947 Qut
646 4861 787 4951 suerunt
807 4859 860 4929 itte·
883 4857 1010 4950 Magi?

350 4994 523 5064 Homines
539 4988 689 5075 Persici,
714 4985 810 5060 hand
832 4989 941 5059 dubie
965 5014 1007 5058 ex
1023 4982 1142 5057 schola
1158 4984 1232 5058 Da-

835 165 959 237 PHlL.
988 163 1103 241 Mtte.
1131 162 1341 240 SCRIPTA
1369 163 1669 241 EXEGE'l'lCA.

1000 473 1068 544 Hic
1091 490 1231 546 taxatur
1254 452 1256 514 !

2176 173 2239 250 att

1253 345 1257 440 l
1282 338 1368 406 alibi
1389 339 1573 418 docerent,
1600 352 1634 408 et
1654 354 1929 411 consentaneum
1952 356 2003 412 est
2017 342 2054 412 in
2072 338 2242 417 Germania

1282 443 1462 531 quondam
1485 441 1615 510 multos
1637 442 1744 510 luisse
1767 457 1861 514 recte
1875 458 2095 532 agnoscentes
2109 459 2141 515 ct
2154 447 2242 518 invo-

1282 553 1400 611 cantes
1415 540 1529 612 Deum
1546 545 1584 610 in
1598 543 1778 630 agnitione
1795 545 2036 634 promissionis
2049 547 2091 614 de
2106 545 2232 618 Massia.

1384 641 1419 709 4.
1471 641 1688 712 Miraculnm
1724 647 1769 712 de
1807 647 1907 716 stella
1945 647 2175 718 testimonium
2204 667 2245 720 est

1282 743 1497 832 praescntiae
1521 739 1588 812 Dei
1610 747 1703 835 apud
1730 742 1795 815 hos
1818 745 1962 836 Magos,
1988 747 2069 840 quia
2091 742 2169 819 haec
2188 752 2246 822 luit

1283 867 1375 914 nora
1387 843 1485 912 stella
1503 847 1648 934 propior
1662 858 1793 932 terrae,
1818 872 1922 940 quam
1938 850 2037 933 aliae,
2064 851 2142 940 quia
2157 876 2245 920 mon-

1282 945 1424 1014 stratrix
1437 944 1504 1014 tuit
1518 946 1630 1037 ipsius
1646 948 1894 1034 domunculae,
1920 950 2041 1042 inqua
2058 964 2129 1019 erat
2137 950 2246 1020 Maria.

1283 1043 1330 1116 Et
1352 1069 1492 1116 necesse
1515 1059 1566 1117 est
1583 1048 1691 1118 fnisse
1708 1051 1803 1118 viros
1816 1052 1959 1138 doctos,
1985 1051 2048 1144 qui
2063 1052 2246 1120 discrimina

1283 1147 1462 1218 stellarum
1479 1149 1598 1240 aliquo
1616 1154 1722 1220 modo
1740 1152 1928 1225 sciverunt.

1384 1243 1421 1320 5.
1473 1246 1662 1336 Doctrina,
1695 1251 1901 1342 Expavescit
1925 1251 2083 1322 Herodes
2106 1266 2137 1322 et
2158 1250 2246 1318 Prin-

1283 1350 1391 1438 cipes:
1420 1347 1471 1420 lta
1495 1353 1753 1441 praedicatione
1768 1351 1955 1442 Evangelii
1970 1367 2105 1437 exorta,
2129 1375 2248 1442 semper

1284 1449 1466 1540 Principes
1480 1466 1645 1524 metuunt
1660 1478 1742 1522 suae
1759 1456 2022 1547 tranquillitati.

1385 1552 1421 1624 6.
1473 1548 1616 1624 Dictum
1631 1550 1808 1624 Micheas:
1835 1555 1884 1626 Et
1897 1570 1935 1626 tu
1946 1551 2170 1634 Bethlehem,
2195 1555 2247 1620 do·

1285 1664 1338 1720 cet
1360 1657 1586 1738 generatione
1610 1657 1730 1725 divina
1753 1672 1789 1726 et
1805 1657 1980 1742 humana,
2006 1657 2152 1726 allirmat
2168 1653 2250 1722 Mes-

1284 1753 1371 1820 siam
1385 1753 1491 1822 luisse
1507 1769 1588 1825 ante
1604 1757 1747 1827 initium
1767 1759 1906 1829 mundi.
1958 1755 2007 1828 Et
2023 1771 2137 1827 tamen
2152 1755 2249 1824 nasci-

1284 1865 1405 1922 turum
1435 1878 1506 1925 esse
1531 1857 1569 1924 in
1591 1853 1810 1928 Bethlehem.
1872 1855 1968 1950 Ergo
1991 1871 2142 1928 assumet
2163 1869 2250 1926 natu·

1285 1978 1360 2024 ram
1377 1949 1580 2024 humanam.

1387 2054 1484 2126 Dicit
1504 2073 1537 2128 et
1560 2060 1603 2128 de
1626 2059 1759 2128 officio:
1787 2055 1868 2127 Dux
1882 2059 1944 2152 qui
1960 2072 2080 2157 pascet
2099 2057 2249 2147 populum

1284 2177 1403 2226 meum
1429 2157 1556 2245 lsrael,
1599 2160 1684 2231 Dux
1713 2160 1776 2251 qni
1799 2160 1966 2230 liberabit
1986 2183 2053 2228 uos
2079 2183 2098 2228 a
2122 2155 2251 2226 summis

1284 2253 1404 2342 malis,
1430 2276 1592 2350 peccato,
1617 2273 1749 2345 morte,
1775 2284 1884 2349 regno
1901 2262 2050 2331 diaboli.

1388 2361 1424 2428 7.
1475 2359 1559 2432 Doli
1576 2361 1741 2435 Herodis.
1792 2358 2030 2452 Evangelium
2050 2363 2083 2430 vi
2100 2376 2131 2429 et
2147 2358 2252 2428 fraude
2300 2391 2301 2394 ¹

1285 2475 1520 2553 oppugnatur.

1388 2565 1424 2632 8.
1476 2560 1573 2649 Magi
1598 2562 1746 2632 veniunt
1769 2564 1810 2631 ad
1838 2587 2007 2654 puerum,
2034 2575 2069 2631 et
2086 2562 2132 2630 ibi
2150 2572 2253 2628 osten·

1286 2666 1376 2731 dunt
1406 2685 1503 2732 suam
1536 2662 1811 2743 confessionem,
1853 2658 2168 2733 adfirmant'hunc
2194 2680 2254 2725 esse
2300 2735 2301 2742 ἵ

1286 2763 1470 2846 Messianr,
1495 2763 1639 2833 fuerunt
1661 2778 1776 2834 autem
1794 2759 1889 2833 haud
1906 2765 2016 2834 dubie
2031 2765 2145 2835 dulcia
2160 2759 2253 2830 collo-

1285 2866 1368 2959 quia
1387 2866 1430 2933 de
1447 2864 1740 2955 promissionibus
1756 2862 1981 2957 propheticis.

1387 2963 1622 3037 Donaverun't
1643 2990 1769 3037 aurum
1792 2980 1826 3036 et
1851 2969 1940 3051 alia,
1969 2968 2021 3038 sic
2038 2966 2164 3036 divites
2179 2983 2255 3031 sem-

1285 3091 1349 3158 per
1373 3067 1509 3159 aliquid
1531 3070 1691 3137 conferre
1706 3070 1837 3139 debent
1853 3071 1897 3138 ad
1913 3068 2152 3140 ministerium
2168 3080 2255 3134 tuen-

1286 3170 1384 3240 dum.
1842 3169 1844 3174 ’

1388 3269 1424 3342 9.
1475 3265 1540 3340 Est
1569 3285 1603 3340 et
1632 3264 1717 3339 haec
1744 3271 1909 3359 allegoria
1939 3272 2120 3340 donorum
2146 3263 2257 3344 suavis,

1286 3368 1426 3441 Aurum
1447 3371 1552 3440 fides:
1579 3368 1750 3441 Doctrina
1767 3367 1891 3455 Thus,
1918 3369 2128 3454 luvocatio,
2154 3363 2256 3439 Sacri-

1285 3473 1420 3542 ficium:
1448 3467 1616 3564 Myrrha,
1643 3469 1747 3540 Crux.
2226 3501 2231 3514 ·

1344 3633 1348 3640 .
1391 3573 1449 3644 10.
1493 3570 1597 3668 *Fuga
1622 3567 1760 3641 Christi
1782 3586 1816 3642 et
1838 3571 1993 3656 Mariae,
2027 3587 2062 3645 et
2086 3567 2239 3643 solicitud

1284 3670 1352 3744 Dei
1377 3697 1442 3765 pro
1458 3667 1629 3742 Ecclesia:
1657 3673 1755 3743 iubet
1777 3675 1916 3764 fugere,
1941 3689 1975 3745 et
1997 3677 2061 3745 dat
2082 3671 2258 3764 hospitium

1286 3776 1381 3848 alibi.

1389 3878 1447 3950 11,
1498 3871 1718 3960 Persecuhn,
1745 3877 1942 3949 interfectio
1967 3899 2163 3968 puerorum
2183 3873 2259 3940 laeta

1287 4001 1349 4067 per
1367 3975 1559 4047 Herodem.

1440 4155 1506 4221 Hic
1524 4155 1673 4240 primum
1695 4156 1828 4222 dicotur
1849 4159 1889 4223 de
1909 4155 2120 4242 infantibus.

1388 4277 1486 4347 Haec
1509 4272 1653 4346 historia
1676 4279 1918 4349 testimonium
1941 4295 2013 4367 est,
2041 4283 2137 4375 quod
2157 4279 2259 4346 inlan-

1286 4393 1336 4450 tes
1367 4381 1404 4448 in
1427 4375 1584 4449 Ecclesia
1613 4378 1773 4468 placeant
1794 4378 1888 4465 Deo,
1919 4377 2078 4452 habeant
2102 4381 2262 4472 Spiritum

1285 4496 1463 4564 sanctum,
1490 4495 1523 4549 et
1544 4479 1616 4549 sint
1634 4474 1801 4550 haeredes
1816 4483 1909 4552 vitae
1925 4498 2110 4563 aeternae,
2137 4481 2215 4574 quia
2228 4471 2263 4544 hi

1284 4585 1437 4653 infantes
1467 4583 1543 4649 sine
1565 4581 1639 4660 ulla
1663 4581 1885 4652 dubitatione
1906 4585 2056 4655 suerunt
2076 4583 2203 4660 sancti,
2234 4589 2263 4645 et

1285 4686 1478 4755 laudantur
1499 4697 1671 4773 tanquam
1691 4683 1820 4767 sancti,
1842 4707 1905 4772 per
1921 4687 2081 4770 dictum,
2107 4684 2198 4778 quod
2218 4679 2263 4749 ci-

1285 4799 1336 4856 tat
1357 4783 1551 4875 Apostolus
1582 4785 1628 4851 de
1655 4807 1737 4852 vere
1758 4786 1906 4866 sanctis,
1940 4787 2025 4879 quia
2047 4786 2114 4858 filii
2137 4778 2261 4856 Rachel

1285 4901 1368 4957 sunt
1381 4887 1448 4956 filii
1464 4881 1643 4953 Ecclesiae
1659 4897 1692 4954 et
1708 4880 1877 4956 haeredes
1894 4889 1987 4957 vitae
2003 4903 2177 4960 aeternae.

1384 4984 1432 5058 Et
1453 4985 1518 5056 ubi
1538 4999 1589 5054 est
1612 4980 1813 5056 haereditas
1832 4988 1924 5058 vitae
1945 5004 2128 5075 aeternae,
2152 4987 2199 5054 ibi
2217 4995 2262 5052 est

251 5095 356 5165 nielis
371 5096 511 5190 reliqui.
560 5092 649 5162 Nam
664 5091 793 5162 Daniel
806 5088 974 5161 inPersia
990 5089 1220 5179 praesesfuit.
1284 5088 1437 5182 Spiritus
1462 5099 1612 5158 sanctus.
1661 5083 1758 5176 Ergo
1781 5101 1821 5156 ut
1842 5089 1880 5156 in
1903 5086 1956 5160 his
1978 5091 2193 5168 infantibus,
2219 5088 2260 5153 ita

351 5183 410 5268 Sic
434 5218 570 5287 semper
584 5192 680 5264 Dens
702 5194 856 5285 aliquam
872 5188 1065 5261 Ecclesiam
1087 5214 1128 5258 ex
1146 5213 1231 5278 gen·
1283 5192 1323 5260 in
1352 5190 1482 5260 nostris
1512 5185 1668 5276 Spiritus
1697 5203 1838 5258 sanctus
1868 5199 1919 5262 cst
1949 5193 2071 5262 efficax
2102 5205 2165 5261 etc.
2220 5181 2261 5254 Et

251 5299 348 5372 tibus
365 5297 520 5386 collegit:
546 5297 697 5392 ideoque
710 5294 861 5384 dispersi
875 5307 958 5380 sunt
977 5287 1167 5372 tsrsetitae,
1193 5306 1232 5362 ut
1283 5291 1477 5360 damnandi
1494 5305 1575 5358 sunt
1591 5287 1845 5382 Anabaptlstae
1860 5294 2080 5364 contrarium
2096 5295 2260 5365 docentes.
