4616 5818
253 165 327 240 est

256 341 402 420 docere,
435 346 470 405 et
492 331 639 404 unicum
663 331 797 401 cultum
820 341 857 397 et
879 326 1084 419 proprium,
1115 325 1154 395 in
1177 327 1246 396 tide

258 453 293 514 et
306 442 402 512 bona
417 434 632 508 conscicntia
651 432 818 502 invocare
833 426 963 500 Deum.

361 537 437 610 Iam
454 551 495 608 ut
507 531 594 606 haec
609 533 750 628 publice
767 534 932 601 dedomo
948 525 1017 600 Dei
1034 541 1069 599 et
1085 529 1245 599 ministe-

258 644 314 716 rio
337 641 525 721 dicuntur,
550 638 597 708 ita
618 634 861 728 unusquisque
882 634 927 702 ad
947 631 1115 722 seipsum
1130 644 1246 702 trans-

259 747 369 829 ierat,
394 739 524 830 singuli
548 738 697 808 sciamus
719 757 786 805 nos
801 756 876 804 esse
893 736 1039 803 domum
1056 729 1135 803 Dei.
1185 730 1246 803 Sic

245 859 376 919 autem
399 842 550 925 crimus,
575 863 655 909 cum
679 838 719 906 in
735 837 841 907 uobis
857 834 999 906 sonabit
1014 857 1094 902 vera
1112 831 1246 903 doctri-

259 973 324 1033 na,
349 959 383 1018 et
405 940 584 1014 invocatio
605 939 734 1008 infide
757 952 791 1008 et
813 939 905 1008 bona
921 934 1147 1008 conscientia.
1198 931 1246 1004 Et

258 1047 421 1122 hortetur
439 1059 509 1114 'nos
529 1038 599 1113 hoc
621 1041 755 1112 dictum
773 1041 816 1108 ad
833 1039 1071 1108 invocandum
1088 1049 1120 1105 et
1139 1059 1245 1104 oran-

259 1154 365 1242 dum,
398 1149 481 1243 quia
509 1157 656 1216 testatur
686 1136 782 1210 hunc
804 1163 877 1209 esse
900 1138 1090 1230 proprium
1111 1141 1244 1207 ceritum

198 1295 201 1312 ·
259 1251 382 1345 populi
406 1249 470 1322 Dei
501 1262 537 1318 et
564 1248 690 1315 domus
714 1243 806 1328 Dei,
838 1265 944 1334 quem
970 1237 1065 1309 Deus
1094 1241 1246 1308 maxime

260 1355 404 1446 flagitet.

400 1586 622 1672 Dominica
642 1563 719 1668 Xl.
748 1589 845 1692 post
873 1577 1110 1662 Trinitatis.

420 1817 425 1822 ¹
530 1731 764 1823 Evangelium
788 1729 905 1801 Lucae
927 1728 984 1800 18.

312 1871 429 1948 Dixit
451 1878 572 1941 autem
595 1873 626 1937 et
649 1858 704 1933 ad
722 1856 921 1961 quosdam,
948 1857 1013 1956 qui
1037 1856 1075 1924 ia
1094 1878 1131 1925 se
1148 1852 1246 1948 ipsos

363 1967 591 2065 confidebant
612 1959 714 2065 quod
735 1971 849 2034 essent
874 1959 980 2034 iusti.
1013 1969 1044 2028 et
1067 1978 1248 2051 asperna-

363 2077 502 2148 bantur
529 2078 703 2145 caeteros,
738 2059 963 2161 parabolam
991 2059 1123 2130 istam:
1155 2054 1248 2127 Duo

362 2175 528 2250 bomines
556 2163 796 2242 ascenderunt
827 2166 866 2235 in
896 2159 1069 2260 templum
1096 2169 1135 2229 ut
1159 2183 1245 2228 ora·

365 2288 460 2361 rent,
496 2298 592 2346 unus
614 2265 865 2346 Pharisaeus,
895 2275 926 2333 et
947 2262 1044 2335 alter
1069 2255 1248 2332 Publica-

364 2407 446 2455 nus.
495 2370 727 2446 Pharisaeus
747 2377 853 2438 stans
878 2359 968 2434 baec
988 2359 1095 2461 apud
1107 2386 1146 2433 se
1162 2387 1247 2432 ora-

363 2484 447 2555 bat:
486 2475 608 2560 Deus,
643 2470 791 2566 gratias
823 2491 897 2562 ago
930 2464 1017 2551 tibi,
1053 2463 1142 2563 quia
1173 2487 1247 2532 non

363 2609 446 2658 sum
474 2581 566 2653 sicut
596 2573 727 2646 caeteri
753 2565 938 2654 bouvines,
972 2576 1153 2664 raptores,
1189 2563 1247 2632 in-

366 2685 476 2774 iusti,
508 2676 687 2763 adulteri,
719 2670 813 2747 uelut
842 2669 952 2743 etiam
980 2664 1042 2740 bic
1068 2660 1247 2737 Publica-

364 2814 453 2861 nus:
496 2783 618 2855 ieiuno
646 2773 707 2848 bis
733 2775 772 2846 in
796 2771 982 2854 Sabbata,
1016 2766 1177 2840 decimas
1200 2764 1247 2838 do

364 2889 528 2964 omnium
552 2904 646 2982 quae
666 2871 846 2978 possideo.
898 2870 951 2943 Et
967 2868 1198 2944 Publicaaus
1222 2896 1246 2940 a

364 2991 619 3084 iungemus,
647 2977 793 3050 nolebat
820 2999 930 3074 neque
953 2973 1076 3046 oculos
1096 2969 1152 3043 ud
1172 2995 1247 3042 coe-

366 3092 444 3166 lum
470 3087 606 3167 leuare,
637 3076 704 3153 sed
729 3077 951 3179 percutiebat
979 3087 1101 3173 pectus
1125 3099 1247 3159 suum,

365 3191 507 3265 dicens:
533 3186 639 3258 Deus
660 3181 846 3280 propicius
862 3189 935 3251 esto
950 3173 1046 3248 mibi
1084 3178 1247 3248 eccatori.

364 3294 464 3366 Dico
495 3289 614 3371 vobis,
648 3281 830 3356 descendit
862 3278 923 3352 bic
952 3201 1173 3373 iustisibatus
1207 3277 1246 3347 in

364 3395 511 3470 domum
532 3411 639 3464 suam
663 3413 753 3486 prae
776 3383 855 3457 illo.
911 3379 1013 3479 Quia
1039 3378 1159 3450 omnis
1183 3377 1250 3477 qui

363 3499 522 3596 seipsum
542 3491 706 3571 exaltat,
732 3485 1014 3558 humiliabitur:
1041 3483 1108 3582 qui
1124 3491 1246 3552 autem

362 3600 523 3698 seipsum
539 3591 735 3672 humiliat,
763 3587 1007 3660 exaltabitur.

313 3735 406 3810 Dua
422 3743 505 3804 sunt
518 3726 686 3817 exempla.

360 3893 365 3902 =
416 3853 460 3924 ln
487 3850 597 3920 altero
627 3848 770 3914 damnat
793 3834 956 3910 Christus
977 3836 1140 3904 liduciam
1166 3862 1248 3927 pm.

470 3952 567 4046 priae
584 3946 752 4018 insciciae.

413 4057 456 4128 ln
480 4056 591 4125 altero
615 4046 783 4142 proponit
805 4039 994 4129 imaginem
1021 4063 1123 4106 irerae
1145 4040 1247 4107 insti-

468 4179 553 4226 crae.

362 4291 468 4364 Prior
482 4289 597 4374 imago
608 4279 776 4373 proponit
786 4273 969 4344 honrinem
981 4295 1153 4354 securum,
1173 4273 1249 4341 sine

856 155 982 232 PHlb.
1008 151 1126 229 MEL.
1153 152 1361 229 SCRIPTA
1384 153 1685 229 EllllGll‘l'lCA.

2158 221 2163 228 -
2198 163 2260 244 tit

1299 325 1455 397 sentiunt
1478 349 1564 424 opes
1587 349 1660 398 esse
1684 328 1819 398 donum
1836 321 1921 414 Dei,
1947 329 2006 398 sed
2025 342 2154 402 antsua
2170 333 2259 404 indu-

1298 429 1384 498 stria
1405 443 1540 518 partas,
1565 443 1626 499 aut
1649 451 1729 498 casu
1753 428 1916 500 obiectas.
1970 428 2028 501 Sic
2050 431 2110 500 ille
2126 436 2259 506 sentitse

1299 552 1359 600 sua
1383 527 1567 619 diligentia
1577 529 1696 619 'legem
1712 532 1845 612 facere,
1873 547 1906 603 et
1922 554 1958 601 se
1974 533 2121 604 oblectat
2138 529 2198 604 hoc
2212 561 2260 606 or·

1298 641 1485 705 nameuto.
1520 655 1590 723 quo
1611 632 1789 702 antecellit
1813 633 1975 718 caeteris,
2000 648 2034 704 et
2056 635 2194 707 conlidit
2213 661 2261 707 co-

1298 753 1373 801 ram
1391 732 1485 803 Deo.
1537 731 1578 802 si
1599 755 1680 802 vere
1698 745 1815 823 ageret
1831 735 1977 822 gratias,
2003 736 2187 806 confideret
2200 739 2262 808 sola

1297 831 1560 916 misericordia,
1584 846 1617 904 et
1638 857 1713 902 non
1733 835 1886 919 diceret,
1910 835 1990 905 Non
2008 858 2083 906 sum
2101 837 2184 908 sicut
2199 863 2263 909 cae·

1297 935 1383 1020 teri,
1415 935 1474 1004 sed
1500 949 1703 1023 agnosceret
1725 959 1761 1004 εε
1785 961 1927 1031 quoque
1951 952 2120 1032 quantum
2144 940 2263 1030 inipso

1298 1049 1366 1116 est,
1393 1037 1548 1128 potuisse
1567 1037 1702 1128 impelli
1719 1039 1761 1104 ad
1779 1038 2005 1107 latrocinium
2025 1053 2058 1107 ει
2072 1055 2197 1109 caetera
2211 1041 2263 1110 lla-

1298 1137 1406 1230 gitia,
1434 1139 1651 1228 praedicaret
1674 1139 1881 1207 beneficium
1897 1137 1982 1225 Dei,
2009 1142 2102 1233 quod
2127 1143 2264 1211 eustodi-

1297 1255 1355 1310 tus
1379 1253 1477 1309 esset.
1531 1235 1627 1309 Hinc
1650 1240 1734 1309 satis
1748 1239 1898 1326 intelligi
1916 1254 2051 1331 potest,
2077 1237 2262 1312 haecverba

1298 1335 1480 1410 Pharisaei
1497 1363 1569 1411 nou
1587 1363 1660 1410 esse
1675 1364 1794 1409 veram
1809 1343 2001 1430 gratiarum
2018 1342 2197 1416 actionem.

1402 1441 1535 1514 Tertio.
1589 1441 1690 1512 Sicut
1712 1465 1813 1534 saepe
1836 1444 1921 1512 alias
1940 1443 2075 1513 dietum
2094 1459 2160 1527 est,
2184 1441 2264 1514 Deus

1298 1544 1432 1633 flagitat
1449 1542 1693 1633 disciplinam,
1719 1545 1779 1612 sed
1793 1556 1911 1614 tamen
1928 1540 2014 1613 haec
2030 1569 2103 1613 non
2118 1559 2165 1615 est
2180 1547 2264 1614 iusti·

1300 1646 1351 1714 cia
1372 1669 1490 1714 coram
1510 1641 1597 1716 Deo.
1648 1641 1732 1712 ldeo
1750 1645 1938 1714 damnatur
1955 1647 2094 1714 fiducia.

1402 1745 1552 1833 Quarto.
1605 1742 1674 1813 Hic
1697 1746 1899 1828 considera,
1933 1771 2039 1838 quam
2066 1747 2144 1816 tetri
2167 1745 2265 1815 cultus

1299 1846 1370 1916 sint
1395 1841 1682 1940 hypocritarum,
1708 1848 1879 1916 accedunt
1895 1850 1939 1916 ad
1955 1845 2072 1917 Deum
2087 1849 2161 1916 sine
2174 1848 2265 1916 timo·

1298 1973 1349 2034 re,
1375 1949 1451 2016 sine
1468 1947 1697 2038 poenitentia,
1723 1964 1756 2018 ει
1773 1962 1960 2048 opponunt
1976 1948 2182 2019 iudicioDei
2197 1971 2265 2038 pro·

1300 2050 1412 2143 priam
1448 2049 1635 2118 iusticiam.
1703 2047 1801 2138 Quid
1840 2062 1892 2118 εει
1930 2064 2045 2119 autem
2086 2049 2265 2135 absurdius,

1299 2177 1403 2244 quam
1422 2151 1498 2219 sine
1516 2152 1644 2221 timore
1659 2153 1700 2220 ad
1718 2163 1851 2220 tantam
1869 2150 2084 2220 maiestatem
2101 2149 2266 2220 accedere?

1300 2252 1409 2335 ltem,
1434 2249 1564 2320 Coram
1589 2265 1686 2321 tanta
1709 2254 1890 2320 maiestate
1912 2253 2056 2339 gloriari
2075 2257 2119 2321 de
2133 2251 2266 2330 iusticia,

1299 2379 1377 2423 carm
1394 2354 1565 2443 scriptura
1581 2354 1750 2424 clamitet:
1772 2351 1945 2421 lnuoccns
1961 2377 2080 2422 coram
2095 2371 2127 2423 ιε
2143 2376 2210 2422 non
2227 2365 2268 2419 est

1299 2456 1481 2522 innocens.
1538 2450 1677 2523 Deinde
1700 2479 1779 2524 cum
1805 2453 1901 2522 Deus
1924 2455 1973 2522 sic
1994 2455 2081 2526 velit
2103 2455 2187 2533 coli,
2218 2475 2267 2542 pe-

1299 2556 1416 2624 tendis
1441 2553 1562 2638 bonis,
1586 2558 1736 2646 petenda
1762 2555 1969 2626 remissione
1985 2569 2221 2646 peccatorum,
2240 2566 2267 2620 et

1298 2657 1574 2746 gubernatione,
1605 2653 1812 2750 hypocritae
1834 2680 1905 2723 non
1930 2657 2081 2726 veniunt
2104 2671 2142 2726 ut
2164 2667 2267 2748 petant

1299 2759 1539 2828 remissionem
1555 2772 1615 2826 aut
1629 2758 1933 2847 gubernationem.
1986 2756 2087 2844 Quid
2108 2756 2172 2828 hoc
2185 2755 2268 2824 aliud

1299 2872 1368 2942 est,
1408 2881 1514 2952 quam
1545 2855 1660 2928 Derim
1692 2859 1904 2928 contumelia
1934 2856 2099 2929 allicere?
2146 2855 2190 2928 Et
2218 2855 2266 2947 qui

1298 2963 1464 3050 ignorant
1477 2961 1674 3031 doctrinam
1691 2963 1734 3029 de
1748 2961 1885 3030 iusticia
1900 2959 1994 3042 fidei,
2020 2962 2189 3030 accedunt
2202 2979 2267 3026 cum

1299 3062 1532 3133 dubitatione.
1585 3061 1691 3130 'l'ales
1714 3062 1829 3130 cultus
1853 3075 1934 3130 sunt
1955 3085 2037 3129 vere
2059 3057 2191 3132 ethnici
2205 3058 2267 3126 cul·

1298 3178 1364 3234 tus.
1416 3161 1513 3232 Haec
1536 3162 1652 3252 imago
1676 3165 1791 3233 cultus
1815 3158 2082 3256 hypocritarum
2099 3163 2268 3251 diligenter

1299 3264 1550 3334 consideretur.

1402 3365 1552 3452 Quinto.
1593 3362 1635 3433 ln
1653 3363 1763 3432 altera
1779 3364 1931 3453 imagine
1948 3368 2164 3457 proponitur
2178 3358 2268 3431 homo

1299 3489 1404 3556 agens
1428 3465 1699 3556 poenitentiam,
1723 3465 1992 3562 perterrefactus
2008 3468 2188 3558 agnitione
2204 3483 2269 3551 pcc·

1300 3583 1457 3638 catorum
1485 3590 1648 3645 snorum,
1682 3581 1715 3635 et
1747 3569 1819 3636 irae
1843 3567 1921 3635 Dei.
1978 3565 2070 3637 Nam
2093 3569 2187 3661 quod
2208 3583 2269 3631 non

1300 3671 1407 3740 audet
1434 3669 1595 3738 attollere
1626 3667 1747 3738 oculos
1776 3669 1813 3735 in
1843 3670 1998 3752 coelum,
2034 3686 2088 3741 est
2111 3663 2270 3758 significa·

1299 3773 1350 3843 tio
1387 3769 1606 3860 agnoscentis
1643 3771 1732 3838 iram
1764 3769 1848 3850 Dei,
1891 3785 1926 3840 et
1963 3765 2082 3840 adhuc
2121 3764 2270 3858 fugientis

1299 3872 1433 3956 Deum,
1459 3885 1492 3941 ει
1510 3873 1676 3941 luctantis
1694 3895 1773 3941 cum
1791 3871 1998 3954 diffidentia,
2023 3873 2154 3940 deinde
2171 3885 2270 3940 tamen

1300 3974 1411 4043 vincit
1427 3974 1463 4041 in
1481 3997 1521 4042 eo
1536 3972 1640 4058 fides,
1665 3997 1735 4069 qua
1751 3973 1845 4042 redit
1858 3974 1903 4042 ad
1913 3971 2054 4056 Deum,
2081 3971 2272 4058 conlugiens

1301 4077 1343 4143 ad
1375 4074 1674 4157 misericordiam,
1714 4075 1884 4144 invocans
1917 4089 1949 4143 et
1980 4089 2105 4171 petens
2135 4071 2270 4140 veniam.

1302 4173 1395 4265 Ergo
1425 4171 1482 4243 hic
1502 4198 1584 4245 vere
1606 4175 1644 4244 lit
1669 4175 1800 4258 iustus,
1830 4191 1864 4247 et
1886 4189 2048 4266 acceptus
2074 4177 2173 4255 Deo,
2203 4168 2272 4264 quit

1300 4277 1369 4345 fide
1386 4277 1532 4366 erigitur
1551 4277 1586 4344 in
1606 4279 1796 4368 pavoribus
1811 4291 1845 4345 et
1859 4277 2089 4365 poenitentia.
2144 4275 2217 4345 Hoc
2232 4283 2273 4338 est

265 4393 496 4496 poenitentia,
521 4377 826 4456 sinetimoreDei,
854 4374 1023 4460 sinelide,
1053 4374 1246 4443 etsinein·
1301 4379 1498 4468 exemplum
1523 4401 1624 4447 verae
1643 4378 1910 4448 iustificationis.
1965 4377 2273 4448 Necdesuutboua

265 4499 460 4573 vocatione.
510 4489 647 4559 luterea
664 4497 782 4555 tamen
798 4479 827 4546 is
841 4472 948 4547 habet
962 4499 1067 4565 opera
1083 4476 1187 4564 legis,
1215 4491 1250 4546 et
1300 4503 1426 4568 opera,
1468 4480 1601 4548 scilicet
1638 4480 1711 4569 ipsa
1751 4479 1986 4570 poenitentia,
2028 4495 2062 4550 et
2095 4474 2271 4548 invocatio.

264 4604 351 4676 haec
373 4609 471 4692 putat
492 4613 565 4662 esse
579 4584 771 4664 iusticiam,
795 4594 938 4670 propter
955 4572 1040 4643 haec
1058 4579 1249 4647 arbitratur
1299 4578 1445 4651 Summa
1464 4595 1579 4650 autem
1599 4577 1726 4649 hornm
1743 4580 1982 4669 exemplorum
2000 4576 2088 4650 haec
2103 4597 2163 4662 cst,
2189 4575 2272 4668 quod

264 4708 332 4778 sibi
353 4702 469 4771 Deum
501 4691 697 4762 debitorem
729 4705 812 4752 esse.
877 4677 959 4748 ldeo
991 4701 1064 4746 non
1095 4678 1249 4763 invocat,
1300 4681 1529 4752 iustificemur
1550 4682 1620 4751 fide
1642 4705 1705 4773 per
1728 4681 2025 4764 misericordiam,
2053 4707 2127 4750 non
2146 4689 2275 4772 propter

263 4805 332 4880 hoc
348 4818 417 4885 est,
440 4792 618 4885 nonpetit
633 4815 651 4858 a
667 4787 741 4858 Deo
761 4783 915 4860 veniam,
941 4793 1001 4850 aut
1016 4780 1083 4848 alia
1101 4781 1206 4853 bona.
1300 4783 1422 4872 legem.

365 4901 542 4978 Secundo.
595 4893 665 4963 Sed
683 4913 745 4958 cur
762 4886 832 4974 agit
849 4883 995 4973 gratias,
1022 4907 1101 4952 tum
1120 4881 1248 4971 gratit—
1403 4884 1520 4956 Sexto.
1571 4882 1728 4952 Additur
1757 4885 1916 4953 terribile
1945 4877 2200 4981 epiphonema,
2238 4877 2275 4943 de

263 5035 343 5081 rum
373 5005 463 5077 aetio
489 5000 535 5071 sit
563 5015 666 5062 verus
692 4985 832 5060 cultus?
885 4981 1116 5075 Respondeas
1152 4979 1247 5053 Haec
1299 4987 1462 5075 superbia
1480 4982 1518 5052 in
1536 5006 1675 5072 genere.
1729 4981 1861 5054 Omnis
1875 4985 1936 5077 qui
1952 5007 1987 5052 se
2003 4985 2143 5067 exaltat,
2171 4978 2276 5050 hund-

264 5109 455 5200 gratiarum
477 5101 568 5174 actio
589 5110 640 5165 est
654 5091 835 5170 simulata,
860 5085 974 5177 qualis
990 5098 1040 5153 est
1057 5085 1246 5174 impiorum
1298 5087 1456 5156 liabitnr.
1507 5082 1567 5155 Sic
1590 5086 1676 5154 alibi
1700 5083 1826 5156 Petrus
1848 5087 1982 5179 inquit:
2008 5085 2105 5156 Dens
2128 5077 2275 5174 superbis

265 5209 437 5290 divitum,
463 5206 544 5298 qui,
570 5221 650 5270 cum
674 5193 825 5262 asflcrunt
846 5209 949 5278 opes,
975 5185 1077 5255 etiam
1104 5187 1246 5253 imitan-
1299 5188 1447 5268 resistit,
1474 5182 1670 5257 humilibus
1693 5202 1810 5258 autem
1831 5191 1889 5258 dat
1905 5189 2062 5276 gratiam.
2119 5183 2163 5256 Et
2182 5178 2274 5254 Chri-

265 5329 324 5386 tur
341 5309 447 5378 verba
464 5291 836 5396 gratiarumactionis,
862 5302 1028 5358 ettamen
1044 5287 1156 5379 reipsa
1172 5309 1245 5358 non
1298 5303 1388 5359 stus:
1423 5287 1610 5380 Quidquid
1651 5305 1702 5362 est
1738 5289 1890 5360 sublime
1920 5313 2035 5359 coram
2069 5283 2275 5360 hominibus,
