4616 5818
840 209 968 288 rum
994 201 1676 314 uunscuurauxaouucn
2203 208 2269 284 sos

351 389 492 481 paratu
525 387 612 450 sunt
637 374 775 452 omnia.
832 369 887 445 Et
916 381 1104 471 coeperunt
1133 369 1252 445 simut
1298 369 1533 464 Evangelium
1563 395 1783 464 cognoscere.
1847 373 1956 461 Item,
1985 373 2167 467 negligunt
2195 403 2271 472 pro-

358 506 481 556 omuss
497 502 733 554 excusasset.
759 470 908 550 Primus
923 471 1023 548 dixit
1039 476 1089 546 ei:
1104 471 1247 571 Agrum
1299 489 1378 568 pter
1394 499 1513 567 pacem
1529 476 1669 547 civilem
1685 487 1753 547 ete·
1791 472 1897 547 Alius
1909 477 2037 568 allegat
2049 482 2200 575 nuptias,
2222 476 2273 550 bic

360 585 451 672 emi,
477 593 509 654 et
524 605 660 653 necesse
679 572 777 650 mihi
795 588 846 650 est
865 578 983 660 exire,
1008 585 1039 649 et
1059 573 1177 648 videre
1200 574 1249 648 it.
1300 578 1455 671 praefert
1469 577 1656 667 coniugem
1671 589 1707 648 et
1721 577 1852 648 liberos
1867 579 2100 666 confessioni,
2120 605 2191 652 non
2206 582 2273 653 vdt

362 685 460 768 lum,
493 679 606 779 Rogo
629 693 693 768 ta,
711 675 807 750 taba
830 703 885 750 ma
907 687 1133 754 excusatum.
1191 675 1247 750 Et
1300 679 1340 749 in
1354 678 1545 752 discrimen
1561 679 1683 749 venire
1697 701 1779 750 suos
1793 693 1940 773 propter
1954 676 2199 774 Evangelium.

362 787 460 860 ulter
481 783 601 857 dixit:
653 781 755 877 Iuga
780 780 890 852 boum
913 780 1182 880 emiquinpue,
1216 788 1248 851 et
1402 790 2272 894 112ingummahncspefflngfflmplffiuue.

360 914 401 962 ιο
423 883 480 959 ad
498 881 733 986 probandum
757 878 1051 1002 “Hagfflgolts
1078 879 1175 953 habt
1194 906 1261 952 ’Μ’
1301 893 1526 990 prehendant
1541 898 1804 992 perversionem
1820 894 1997 971 humanae
2011 915 2168 986 naturae,
2193 925 2272 997 quae

361 998 590 1107 excusatum,
631 984 685 1057 Et
701 984 804 1057 alius
819 981 934 1058 ‘lurik
961 982 1126 1058 Uwrtm
1143 979 1251 1070 duxi,
1301 999 1449 1091 negligit
1463 1000 1597 1086 Deum,
1623 1014 1657 1072 et
1673 1001 1800 1070 maiori
1815 1001 2042 1073 solicitudine
2059 1018 2156 1076 curat
2176 1027 2272 1094 nego·

361 1101 394 1164 at
412 1087 493 1163 ideo
509 1113 626 1160 ventre
640 1112 714 1160 uon
724 1113 885 1206 possum·
925 1085 980 1158 El
995 1109 1156 1157 reversus
1172 1110 1249 1157 Str·
1301 1102 1354 1173 cia
1368 1102 1555 1188 inferiora,
1581 1125 1671 1196 qnae
1685 1100 1822 1173 etiarnsi
1833 1117 1917 1174 sunt
1931 1106 2143 1190 necessaria,
2167 1121 2272 1178 tamen

361 1191 630 1274 vaenundati!
645 1187 737 1262 '⁸⁰⁶0
754 1184 903 1260 d0mm⁰
920 1213 1000 1262 ⁸¹¹⁰·
1300 1227 1376 1274 uon
1395 1219 1496 1276 crant
1515 1205 1741 1274 anteferenda
1759 1202 1856 1287 Deo,
1882 1204 1977 1276 iuxta
1994 1205 2103 1276 illud:
2127 1206 2273 1277 Primum

309 1309 416 1386 Tunc
441 1311 560 1384 iratus
578 1369 579 1374 ,
586 1306 887 1408 paterfamilias,
914 1303 1015 1378 dixit
1038 1330 1140 1378 servo
1162 1331 1248 1378 suo:
1301 1306 1460 1402 quaerite
1474 1327 1622 1395 regnum
1636 1301 1722 1386 Ilei,
1749 1317 1784 1374 et
1796 1316 1929 1375 caetera
1945 1306 2158 1380 adiicientur
2171 1307 2271 1380 vobis.

359 1411 446 1485 Exi
459 1412 529 1483 cito
544 1411 584 1482 iu
597 1409 745 1510 pluteus
761 1418 793 1480 et
809 1410 904 1480 vicos
920 1407 1089 1496 civitatis,
1105 1418 1137 1478 et
1152 1434 1250 1507 pau·
1402 1422 1589 1495 secundus
1613 1422 1712 1492 locos
1733 1422 1947 1514 proponitur
1969 1423 2086 1514 imago
2101 1421 2273 1510 Ecclesiae,

359 1539 460 1616 peres
476 1519 521 1584 u'c
531 1509 680 1604 debiles,
698 1521 729 1582 ti
740 1507 894 1583 claudos
908 1521 940 1582 tl
951 1533 1067 1581 0⁰⁶⁶⁰S
1078 1505 1248 1582 ‘'ltfmdttc
1302 1549 1382 1595 cnm
1398 1523 1646 1614 praestantiori
1662 1535 1760 1612 parte
1777 1525 1904 1594 reiecta
1919 1537 2094 1596 vocantur
2116 1525 2226 1596 claudi
2245 1537 2273 1595 et

364 1612 446 1688 buc·
480 1613 535 1684 Ei
557 1615 613 1686 uti
627 1638 771 1684 servus*
797 1611 961 1684 12⁰me
970 1612 1119 1712 sadum
1139 1621 1191 1683 0³2
1208 1620 1248 1682 Ἀ
1301 1625 1408 1697 coeci.
1462 1623 1591 1695 Monet
1605 1623 1842 1713 igiturDeum
1857 1647 2068 1697 conservare
2082 1621 2272 1709 Ecclesiam,

363 1716 571 1816 l'mtttmit',
587 1726 630 1796 Α
646 1709 770 1786 adbuc
792 1711 894 1785 ‘⁰⁶¹¹ss
915 1723 977 1788 Μ·
1030 1711 1084 1783 Ei
1106 1713 1163 1783 ⁰1⁹1
1181 1708 1261 1784 ἰὼ·-
1301 1727 1510 1816 colligendis
1525 1725 1707 1819 aliquibus
1723 1725 1873 1817 passim,
1897 1727 2052 1820 quinon
2075 1727 2272 1799 antecellunt

361 1820 617 1892 miuusscrvo:
639 1815 727 1886 Exi
747 1815 786 1887 ¹⁹¹²
802 1815 882 1886 05⁰⁸
904 1825 936 1886 ‘l
956 1837 1072 1911 stim,
1096 1823 1128 1884 tl
1153 1840 1248 1886 0⁰m·
1300 1829 1430 1926 opibus
1455 1841 1490 1898 et
1512 1827 1726 1911 autoritate,
1758 1827 1850 1897 sicut
1881 1825 2000 1922 iuquit
2022 1827 2157 1898 Esaias:
2204 1825 2272 1897 Nisi

330 1955 334 1960 ·
359 1918 455 2021 pelle
471 1920 621 2004 infrare,
640 1927 678 1989 “l
695 1914 893 2014 ‘'mplwfvt
909 1912 1038 1989 d⁰mtts
1051 1939 1143 1992 mea·
1170 1913 1246 1988 Di·
1299 1930 1399 2000 Deus
1414 1929 1612 2022 reliquisset
1629 1927 1734 1998 nobis
1754 1949 1894 2016 semen,
1919 1951 2075 2002 essemus
2091 1928 2173 2000 facti
2194 1927 2272 2000 sicut

324 2083 327 2098 .
362 2048 403 2095 co
418 2022 513 2093 euim
530 2019 650 2107 vobis,
674 2015 777 2121 quod
788 2043 892 2090 nemo
909 2019 1069 2090 virorum
1083 2016 1248 2106 illorum,
1299 2029 1454 2102 sodoma
1472 2027 1710 2102 etssomom,

361 2125 428 2225 qui
445 2123 565 2195 vocati
577 2131 683 2212 sunt,
705 2121 874 2218 gustabit
890 2144 1036 2193 coenam
1051 2145 1181 2194 meum.

249 223 325 297 808

1522 2227 1635 2282 tertius
1652 2230 1741 2284 locus.
1793 2232 1843 2286 lte
1867 2229 2077 2288 concttons.

361 2291 607 2390 Reprehensio
624 2308 675 2366 est
695 2308 889 2366 contemtus
905 2291 1110 2384 Evangelii,
1135 2294 1174 2362 in
1191 2287 1247 2362 his
1402 2347 1488 2419 Tria
1510 2365 1594 2423 sum
1616 2351 1850 2426 observanda·
1902 2351 2067 2422 Primum
2088 2347 2271 2421 dulcissima

262 2398 325 2494 qui
341 2400 528 2491 praecipue
551 2405 634 2467 sunt
655 2395 791 2480 vocati,
814 2390 881 2467 hoc
905 2408 975 2475 est,
1001 2394 1064 2487 qui
1080 2395 1247 2464 videntur

263 2523 336 2572 esse
351 2500 537 2592 praecipua
553 2523 632 2591 pars
650 2493 838 2570 Ecclesiae.
884 2494 929 2568 Et
946 2496 1079 2565 adiecta
1095 2507 1147 2564 est
1161 2489 1248 2564 hor-

263 2601 379 2672 ribilis
404 2591 575 2673 sententia
595 2601 639 2670 de
660 2601 805 2670 illorum
830 2596 1142 2669 condemnatione:
1175 2593 1248 2666 Ne·

263 2728 322 2773 mo
339 2703 482 2774 illorum
506 2701 659 2794 gustabit
679 2715 837 2772 coenam.
891 2698 1107 2791 Quanquam
1130 2712 1246 2768 autem

264 2807 309 2876 de
323 2805 513 2887 reiectione
530 2803 655 2896 populi
674 2801 807 2873 ludaici
830 2802 1060 2871 concionatus
1076 2795 1248 2881 estChri-

260 2921 355 2990 stus,
380 2920 496 2994 mmen
513 2928 589 2974 non
604 2906 648 2974 de
665 2904 737 2974 illis
751 2903 836 2973 solis
860 2903 1039 2994 loquitur,
1063 2902 1123 2972 sed
1141 2923 1248 2991 gene-

263 3008 384 3079 raliter
398 3007 550 3100 pertinet
567 3006 691 3075 concio
712 3006 756 3075 ad
771 3004 891 3074 omnia
908 3017 1084 3095 tempora,
1109 3017 1247 3072 accusat

152 3142 157 3148 ·
264 3120 482 3190 contemtum
499 3103 707 3198 Evangelii,
734 3107 773 3174 in
788 3106 1008 3192 doctoribus,
1034 3105 1247 3195 regentibus,

264 3225 299 3282 et
314 3209 570 3302 praestantiore
585 3223 684 3303 parte
708 3210 844 3302 populi.

258 3373 270 3384 ·
364 3325 429 3400 Est
453 3341 571 3400 autern
593 3331 815 3420 agnoscendo
835 3340 869 3400 et
893 3327 1111 3415 deploranda
1136 3325 1249 3396 coeci-

263 3445 316 3502 tas
339 3425 515 3516 humana,
541 3433 636 3525 quod
660 3427 774 3502 levius
799 3443 925 3500 curant
944 3425 1105 3498 homines
1120 3426 1250 3513 Deum,

264 3549 298 3605 et
319 3554 375 3602 res
391 3545 568 3628 aeternas,
595 3555 700 3624 quam
715 3533 790 3602 ulla
808 3531 942 3624 reliqua
959 3530 1116 3620 corporis
1138 3551 1250 3618 nego-

263 3636 329 3708 cia.
381 3632 482 3703 Sicut
503 3634 701 3726 plerunque
724 3632 762 3700 in
785 3632 883 3724 pagis
905 3630 1025 3701 rustici
1043 3631 1153 3720 magis
1170 3631 1250 3702 offi-

263 3734 350 3832 ciosi
373 3747 457 3804 sunt
478 3755 559 3823 erga
583 3733 797 3816 bubulcum,
829 3756 935 3824 quam
962 3733 1160 3800 animarum
1186 3758 1249 3824 pa-

262 3851 413 3920 storem,
439 3848 473 3904 et
489 3834 715 3923 interrogati,
740 3835 954 3924 respondent
969 3855 1005 3900 se
1029 3832 1139 3921 magis
1161 3858 1249 3924 opus

262 3934 393 4011 habere
417 3937 584 4009 bubulco.
645 3933 723 4008 Hoc
748 3935 946 4027 exemplum
977 3932 1091 4022 pingit
1117 3931 1250 4004 similes

263 4042 408 4115 affectus
423 4041 461 4110 in
478 4039 636 4111 summis.
689 4038 831 4128 Quanta
846 4051 897 4108 est
915 4036 1093 4107 contentio
1114 4037 1159 4105 de
1171 4035 1249 4127 glo-

262 4133 334 4234 ria,
361 4145 405 4213 de
428 4142 574 4235 opibus,
609 4135 689 4212 cum
713 4139 856 4212 interim
877 4137 1103 4228 frigidissime
1126 4153 1250 4210 curent

170 4283 173 4290 ·
263 4237 448 4326 homines,
472 4268 512 4314 ea
539 4267 628 4337 quae
652 4244 695 4314 ad
718 4242 867 4332 gloriam
883 4240 965 4319 Dei,
993 4255 1054 4310 aut
1069 4241 1248 4333 propriam

261 4344 462 4415 animarum
494 4345 641 4416 salutem
672 4347 863 4438 pertinent.
923 4339 1039 4430 Magis
1071 4358 1251 4434 anguntur

261 4442 426 4515 homines
446 4446 580 4518 iactura
601 4446 790 4539 pecuniae,
815 4467 921 4540 quam
947 4445 1160 4514 conscientia
1184 4444 1250 4515 ali-

261 4546 361 4618 cuius
380 4547 525 4637 pcccati.

362 4644 466 4718 Hanc
489 4661 746 4739 praeposteram
774 4647 1037 4718 solicitudinem
1067 4661 1100 4719 et
1121 4649 1247 4736 depra-

262 4748 440 4820 vationem
454 4744 658 4838 hominum,
685 4751 885 4844 significant
900 4751 1056 4840 exempla
1078 4745 1136 4819 bic
1158 4749 1247 4819 reci-

231 4905 235 4912 .
263 4864 346 4925 tata.
380 4845 486 4920 Alius
509 4850 634 4939 allegat
659 4877 694 4922 se
717 4853 843 4922 emisse
865 4873 985 4940 agros,
1019 4845 1077 4920 hic
1103 4864 1247 4943 propter

263 4977 339 5023 rem
351 4952 561 5023 familiarem
576 4955 720 5047 negligit
736 4955 884 5024 salutem
903 4977 1013 5022 suam.
1063 4949 1167 5021 Alius
1193 4953 1245 5020 al-

263 5055 355 5142 legat
371 5079 407 5125 sc
425 5054 549 5125 emisse
565 5056 688 5142 boves,
715 5051 773 5126 bic
797 5054 909 5146 pluris
925 5053 1009 5124 facit
1024 5053 1162 5137 civilem
1181 5071 1263 5144 po-·

209 5181 216 5188 ·
262 5155 406 5226 tentiam
441 5170 474 5227 et
508 5154 625 5224 civilia
657 5157 821 5247 negocia,
860 5179 966 5249 quam
999 5149 1245 5242 Evangelium.

260 5255 362 5329 Sicut
386 5257 454 5326 iam
480 5255 617 5348 politici
639 5259 707 5328 viri
729 5259 873 5343 dicunt,
901 5279 937 5326 se
953 5278 1027 5325 esse
1041 5257 1244 5345 occupatio·

95 5415 102 5428 .
193 5353 198 5368 ⁸
261 5381 315 5428 res
338 5358 481 5428 caeteris
510 5357 668 5449 negociis
699 5359 923 5445 necessariis,
958 5381 1062 5450 quam
1084 5372 1124 5429 ut
1144 5374 1242 5430 vacet

254 5695 378 5766 A

1300 2462 1351 2519 est
1374 2451 1589 2539 consolatio,
1615 2454 1712 2546 quod
1733 2452 1834 2523 Deus
1861 2452 1967 2524 etiam
1988 2454 2071 2552 cogi
2090 2475 2154 2522 nos
2174 2451 2270 2531 iubet,

1300 2550 1473 2638 significat
1498 2553 1593 2621 enim
1616 2575 1698 2622 vere
1721 2576 1758 2625 se
1774 2565 1934 2645 expetere
1948 2555 2097 2625 salutem
2118 2566 2269 2630 nostram,

1301 2664 1336 2722 et
1361 2673 1443 2724 vere
1467 2652 1559 2722 velle
1581 2654 1734 2739 salvare,
1759 2668 1800 2725 ut
1815 2678 1897 2723 cum
1911 2661 2014 2748 pater
2028 2655 2120 2726 serio
2135 2653 2269 2724 afficitur

1301 2774 1385 2822 cura
1408 2755 1553 2844 regendi
1577 2752 1681 2840 Filii,
1706 2777 1781 2825 non
1803 2768 1940 2827 tantum
1963 2756 2102 2847 frigidis
2123 2751 2269 2826 admoni-

1301 2853 1471 2935 tionibus,
1485 2857 1545 2926 sed
1562 2856 1668 2926 etiam
1683 2857 1867 2928 severitate
1880 2859 2034 2952 quadam
2051 2857 2187 2952 imperii
2202 2875 2268 2942 erga

1300 2979 1382 3026 eum
1397 2957 1528 3060 utitur,
1553 2959 1646 3049 cogit
1664 2981 1743 3028 eum
1759 2961 1874 3030 facere
1889 2960 2059 3034 officium.

1401 3073 1586 3155 Secundo,
1636 3074 1819 3165 Significat
1852 3072 2017 3148 Christus
2052 3072 2268 3147 ministerium

1301 3198 1383 3246 vere
1396 3199 1469 3246 esse
1485 3177 1622 3262 efficax,
1646 3177 1729 3270 quia
1749 3178 1883 3247 coactio
1899 3177 2042 3270 proprie
2060 3173 2210 3248 hocloco
2229 3172 2268 3239 si·

1301 3277 1443 3368 gnificat
1464 3301 1558 3363 eam,
1583 3301 1674 3372 quae
1694 3278 1734 3348 fit
1755 3301 1819 3370 per
1834 3279 2070 3350 ministerium
2088 3272 2268 3365 Evangelii,

1302 3382 1397 3472 quod
1415 3381 1581 3471 proponit
1595 3381 1803 3450 mandatum
1817 3376 1885 3449 Dei
1911 3394 1945 3451 et
1965 3395 2122 3451 aeternas
2144 3397 2268 3470 poenas,

1301 3497 1335 3553 et
1350 3493 1401 3548 est
1418 3481 1537 3550 efficax
1554 3482 1745 3552 adiuvante
1759 3478 1847 3553 Deo.
1900 3478 2022 3569 Quare
2045 3497 2078 3552 et
2101 3477 2182 3550 baec
2201 3497 2267 3545 sen·

1301 3581 1411 3652 tentia
1433 3595 1537 3653 ornat
1565 3585 1788 3656 autoritatem
1811 3582 2021 3671 ministerii,
2056 3597 2090 3654 et
2115 3577 2267 3672 significat

1301 3682 1415 3755 Deum
1429 3707 1503 3753 esse
1516 3685 1688 3755 efficacem
1702 3707 1766 3775 per
1779 3685 2027 3755 ministerium.

1405 3784 1547 3871 Tertio,
1573 3785 1788 3880 Quanquam
1802 3783 1967 3858 Christus
1982 3783 2042 3858 bic
2058 3780 2149 3855 nibil
2164 3774 2266 3871 loqui·

1300 3901 1361 3959 tur
1380 3889 1424 3956 de
1448 3887 1629 3958 coactione
1654 3888 1851 3988 corporali,
1880 3912 1941 3958 seu
1964 3889 2008 3958 de
2028 3886 2144 3958 officio
2168 3875 2266 3966 magi·

1301 4002 1495 4071 stratuum,
1528 3992 1588 4059 sed
1618 4003 1754 4060 tanturn
1790 3991 1835 4060 de
1861 3991 2060 4062 ministerio
2089 3976 2267 4072 Evangelii,

1301 4094 1397 4184 quod
1429 4089 1521 4179 cogit
1549 4091 1730 4183 proposito
1766 4093 1934 4162 mandato
1971 4090 2059 4177 Dei,
2096 4079 2266 4179 propositis

1300 4191 1453 4264 aeternis
1475 4192 1619 4282 poenis,
1649 4193 1756 4278 item,
1781 4193 1972 4264 adiuvante
1993 4193 2086 4265 Deo:
2113 4204 2221 4262 tamen
2240 4189 2267 4246 el

1300 4295 1526 4383 magistratus
1539 4314 1638 4364 suam
1655 4289 1761 4366 habet
1778 4293 2015 4382 coactionem,
2031 4293 2169 4372 scilicet,
2184 4279 2266 4379 quod

1302 4398 1344 4464 ad
1362 4395 1583 4487 disciplinam
1606 4410 1786 4467 externam
1799 4397 1941 4481 attinet,
1965 4397 2057 4467 sicut
2074 4393 2158 4465 alias
2179 4401 2267 4474 saepe

1302 4497 1474 4582 diximus,
1507 4495 1755 4588 Magistratum
1793 4521 1865 4566 esse
1895 4500 2074 4568 custodem
2103 4493 2203 4582 legis,
2232 4493 2266 4551 ul

1301 4599 1403 4670 tollat
1423 4612 1602 4671 externam
1624 4600 1886 4684 idololatriam,
1910 4600 2035 4691 puniat
2058 4610 2193 4690 externa
2214 4587 2266 4657 de·

1297 4701 1394 4773 licta.

1344 5035 1349 5046 .
1443 4957 1663 5042 Dominica
1692 4957 1768 5042 11t
1796 4964 1894 5067 post
1916 4952 2146 5042 Trinitatis.
2271 5022 2274 5031 .

1555 5099 1789 5194 Evangelium
1816 5103 1933 5175 Lucae
1962 5099 2023 5177 15.

1346 5250 1474 5324 Erunt
1496 5263 1619 5324 autem
1651 5256 1990 5357 appropinquantes
2012 5253 2046 5325 ei
2070 5265 2187 5321 omnes
2204 5257 2264 5334 pu·

1397 5351 1540 5427 blicani
1552 5365 1584 5428 et
1597 5365 1818 5455 peccatores,
1839 5369 1879 5432 ut
1893 5355 2065 5430 audirent
2081 5349 2193 5422 illum.
2216 5327 2262 5405 El
2282 5369 2283 5378 ¹
