4620 5814
1 293 2 302 Ν
64 197 136 280 449
612 189 692 272 xn
742 183 1139 268 aanorarronas·
1166 174 1548 274 restaurans.
2017 221 2095 300 450

1 381 2 450 l
59 373 165 458 fides,
202 370 283 466 qnia
304 369 441 442 Paulus
462 365 681 459 baptizatur,
712 377 747 436 et
771 363 969 436 absolvitur
991 387 1055 456 prr

1 489 2 498 ’
60 473 253 550 Ananiam,
319 471 528 566 Sequuntur
562 484 597 542 et
628 471 767 540 tructus
803 467 1052 560 poenitentiae,

61 575 236 648 consessio
252 587 288 645 et
301 575 523 646 alllictiones.

162 673 231 747 lll.
282 673 326 744 l'n
356 669 424 744 hac
454 670 669 764 poenitentia
696 669 839 754 didicit,
875 668 1051 742 iusticiam

60 780 144 869 legis
167 801 243 848 non
266 798 339 846 esse
360 776 535 856 iusticiam
555 794 673 844 coram
691 773 790 852 Deo,
814 773 959 862 agnovit
972 795 1052 842 suas

59 883 243 964 tenebras,
268 901 306 946 se
328 879 427 968 prius
449 900 523 946 non
547 889 639 946 recte
660 874 809 944 sensisse
831 874 983 962 detege,
1007 875 1051 944 de

59 981 213 1060 Massia,
237 982 281 1049 dc
298 975 560 1071 Prophetarum
577 975 875 1068 promissionibus
891 990 956 1049 etc.

160 1079 211 1154 Et
227 1077 297 1152 hoc
314 1082 492 1172 pertinent
508 1081 614 1150 verba
630 1081 673 1148 ad
690 1075 798 1149 Rom.
815 1077 865 1147 'iu
890 1071 967 1167 Ego
983 1077 1050 1148 ali·

59 1185 205 1282 quando
237 1184 314 1254 sine
337 1184 414 1272 lege
439 1181 531 1274 visi,
560 1179 878 1264 scilicctsecnrus,
911 1191 1051 1250 tumens

59 1286 290 1382 persuasione
315 1283 492 1364 iusticiae,
525 1281 651 1352 Postea
675 1303 733 1350 me
754 1280 810 1350 lex
830 1280 977 1360 occidit,
1012 1283 1050 1352 id

59 1403 124 1474 est,
153 1388 402 1480 perterrefacto
418 1383 627 1456 monstravit
641 1383 803 1452 tenebras
820 1404 926 1467 meas,
951 1407 1050 1454 erro·

58 1513 130 1576 res,
159 1488 373 1580 multiplicia
389 1499 539 1579 peccata,
566 1499 600 1556 et
614 1483 876 1554 immunditiem
891 1499 1052 1570 naturae,

58 1591 284 1682 superbiam,
314 1601 532 1660 contemtum
552 1581 639 1670 Dei,
672 1585 927 1672 diffidentiam,
958 1587 1051 1658 fidn-

61 1695 151 1764 ciam
175 1703 380 1760 nostrornm
400 1689 633 1759 consiliorum
649 1701 714 1758 etc.
764 1686 807 1758 ln
830 1682 886 1756 his
908 1689 1051 1780 pavori-

61 1795 125 1866 bus
156 1791 304 1882 agnovit
332 1791 417 1884 quid
449 1791 504 1860 lex
533 1790 637 1872 velit,
671 1786 756 1882 quid
787 1787 833 1859 sit
857 1803 1051 1880 peccatum,

62 1897 147 1990 qnid
166 1915 279 1977 mors,
304 1905 340 1962 ct
355 1891 529 1962 intellexit
542 1889 708 1960 Messium
726 1911 792 1958 nos
810 1891 855 1959 ab
872 1891 944 1960 illis
959 1892 1051 1961 veris

66 2011 100 2068 et
118 1995 268 2066 aeternis
291 1994 395 2062 malis
416 1993 580 2064 liberare.
632 1987 710 2062 Hoc
730 1989 930 2080 significant
945 2015 1051 2085 squu-

65 2121 141 2169 mae
164 2095 364 2166 decidentes
385 2095 431 2164 ab
453 2093 576 2166 oculis.
626 2084 672 2161 Et
699 2091 785 2163 tales
806 2115 954 2184 pavores
968 2107 1052 2162 suut

63 2223 142 2270 vera
167 2197 356 2282 contritio,
383 2198 427 2265 de
448 2218 516 2288 qua
540 2195 579 2262 in
596 2190 758 2262 doctriua
775 2193 819 2262 de
834 2193 1050 2285 poenitentia

63 2301 252 2374 dicendum
275 2310 339 2372 est.
390 2295 492 2368 Sicut
512 2297 551 2364 in
566 2293 707 2364 Psalmo
721 2315 825 2384 saepe
839 2293 1051 2366 describitur

63 2401 247 2474 contritio:
272 2395 308 2470 A
329 2397 417 2468 secie
433 2410 655 2491 peccatorum
673 2419 746 2466 non
763 2407 814 2466 est
831 2419 898 2488 pax
913 2397 1050 2467 ossibus

63 2505 145 2575 meis
162 2515 228 2576 etc.

162 2599 320 2672 Oramus
337 2599 445 2690 igitur
458 2596 594 2682 Deum,
618 2609 658 2668 ut
672 2620 739 2667 nos
751 2621 895 2692 quoqne
909 2619 991 2666 vere
1006 2599 1051 2666 ad

63 2731 95 2778 se
130 2715 336 2786 convertat,
376 2701 466 2770 sicut
492 2697 654 2768 ieremias
683 2699 817 2792 inquit:
860 2699 1051 2791 Postquam

63 2804 249 2881 ostendisti
273 2799 383 2888 mibi,
406 2801 562 2894 percussi
584 2800 701 2869 lemur
725 2823 855 2873 meum.
905 2797 1052 2869 Narnia

61 2909 192 2980 sectaris
217 2917 251 2977 et
271 2903 398 2972 ociosis
417 2915 553 2972 nonest
569 2901 803 2991 poenitentia,
830 2901 925 2972 iuxta
941 2901 1051 2970 illud:

51 3011 130 3085 'Ubi
155 3003 332 3078 habitabit
352 3001 556 3074 Dominus?
578 3003 650 3071 uisi
673 3003 711 3071 in
735 3002 864 3096 spiritu
885 3004 1052 3089 contrito,

61 3127 92 3184 et
107 3121 285 3185 tremente
303 3127 483 3175 sermones
500 3126 598 3172 meos
615 3117 682 3178 etc.
952 3171 955 3182 ,

162 3207 249 3281 llll.
299 3205 434 3278 Cursus
450 3203 556 3276 Pauli
576 3217 611 3274 et
627 3205 778 3276 aliorum
797 3200 1051 3296 Apostolorum

62 3327 229 3394 testatur,
264 3303 459 3378 Ecclesiam
486 3305 659 3378 divinitus
684 3307 828 3376 delendi
854 3319 888 3377 et
911 3328 1054 3376 conser-

61 3417 148 3490 vari.
208 3411 401 3502 Tantisper
429 3407 608 3500 praedicat
638 3405 789 3486 Paulus,
823 3421 857 3479 et
886 3408 1053 3496 impediri

62 3519 134 3589 eius
159 3535 285 3585 cursus
305 3535 381 3582 non
403 3523 535 3602 potest,
561 3509 674 3580 donec
694 3507 811 3580 voluit
830 3533 911 3579 eum
927 3508 1053 3579 Domi-

62 3643 127 3690 nus
143 3620 185 3688 in
201 3615 269 3686 isto
286 3612 400 3684 stadio
417 3610 568 3696 versari,
593 3609 758 3682 videlicet
774 3632 889 3681 annos
902 3609 976 3680 sere
990 3611 1053 3684 86.

62 3719 112 3794 lta
125 3712 329 3810 Prophetae
351 3713 447 3783 inter
461 3712 613 3781 maxima
631 3711 811 3802 pericula,
835 3723 954 3782 tamen
971 3733 1053 3782 suos

62 3845 184 3894 cursus
200 3817 428 3911 perficiebant
437 3864 449 3899 ,
476 3809 647 3884 utEsaias
660 3814 860 3882 annosiore
874 3811 943 3897 80,
975 3809 1052 3884 Eli-

64 3945 164 3996 saeus
194 3919 336 3993 circiter
355 3913 425 4000 70,
459 3911 628 3986 Ieremias
646 3914 715 4004 to,
750 3909 929 3988 lohannes
951 3910 1052 4008 Apo·

63 4027 173 4100 stolus
189 4020 331 4094 circiter
346 4031 487 4092 centum
501 4039 626 4095 annot.

249 4249 333 4336 Die
356 4243 658 4360 purificationis
687 4244 868 4334 Mariae.

338 4393 575 4488 Evangeliom
599 4395 718 4470 Lucae
734 4399 772 4475 2·

1964 317 1973 342 r

1156 356 1212 432 Et
1233 385 1323 446 ecce,
1349 357 1459 436 borno
1479 374 1558 438 erat
1579 366 1621 442 in
1639 363 1861 465 Ierusalem,
1888 387 1950 456 cui
1964 415 2094 468 nomen

1208 460 1372 541 Simeon.
1422 465 1479 538 Et
1499 465 1610 540 bomo
1628 471 1697 544 iste
1716 476 1836 551 iustus
1853 488 2001 584 alpius,
2026 520 2093 569 ex.

1201 575 1353 664 pectens
1382 569 1666 643 consolationem
1694 573 1840 668 Isroi'i,
1873 596 1906 657 et
1928 587 2092 690 Spiritus

1206 679 1362 742 sanctus
1382 681 1460 744 erat
1482 671 1522 743 in
1546 699 1596 746 eo.
1646 675 1702 749 Et
1725 705 1935 780 responsum
1953 719 2094 795 recepe.

1208 780 1269 842 rat
1290 798 1315 842 a
1331 770 1477 870 Spiritu
1497 786 1642 860 sancto,
1669 803 1708 850 se
1723 807 1797 854 non
1814 787 1976 864 arsurum
1993 823 2093 871 mor-

1207 881 1296 960 tem,
1327 875 1403 946 nisi
1421 875 1527 972 prius
1550 875 1683 950 videret
1705 877 1899 962 Chre'srum
1916 892 2090 984 Domini,
2161 967 2169 976 .

1206 971 1261 1048 Et
1280 978 1410 1053 renits
1436 977 1525 1049 irilu
1541 979 1582 1052 in
1601 982 1786 1082 templum.
1899 1015 1902 1024 ’

1154 1069 1211 1146 Et
1241 1102 1321 1150 cnm
1352 1078 1391 1149 in
1421 1089 1560 1170 urerent
1587 1105 1739 1178 puerum
1761 1085 1887 1164 Iesum
1912 1114 2082 1195 parentes

1206 1189 1247 1251 ut
1271 1179 1438 1278 facerent
1464 1178 1662 1256 secundum
1685 1197 1975 1272 consuetudinem
1998 1165 2092 1302 tegrs'

1202 1304 1274 1379 pro
1296 1305 1353 1366 eo,
1380 1293 1413 1354 et
1436 1283 1512 1383 ipse
1533 1287 1670 1387 accepit
1688 1314 1768 1364 eum
1792 1295 1833 1370 in
1855 1297 1970 1376 ulnas
1986 1331 2079 1382 suas

1205 1391 1236 1453 et
1252 1380 1439 1456 benedixit
1455 1384 1598 1476 Deum,
1624 1401 1658 1461 et
1672 1387 1789 1466 dixit:
2080 1367 2093 1402 ⁸

1152 1477 1266 1558 Nunc
1281 1481 1441 1558 dimittis
1453 1512 1595 1561 seruum
1610 1501 1732 1584 tuum,
1758 1494 1940 1594 Domine,
1964 1535 2092 1586 secun.

1198 1581 1295 1662 ‘dum
1317 1588 1462 1662 uerbum
1481 1599 1583 1664 tuum
1599 1592 1639 1664 in
1654 1619 1754 1692 pace.
1785 1598 1908 1702 Quia
1925 1608 2092 1692 viderunt
2189 1685 2191 1692 .

1206 1689 1306 1761 oculi
1319 1691 1392 1769 mei
1403 1697 1573 1766 satutare
1586 1704 1707 1783 tuum,
1733 1703 1836 1800 pund
1843 1713 1996 1802 parasti
2006 1727 2093 1790 ante

1197 1789 1340 1891 sociem
1355 1795 1516 1866 omnium
1531 1796 1765 1897 populorum.
1810 1801 1956 1884 Lumen
1970 1814 2027 1888 od
2038 1845 2093 1892 re-
2146 1837 2149 1844 '
2190 1840 2194 1846 '
2262 1841 2269 1856 ’

1204 1890 1421 2065 priatipnem
1438 1898 1625 1992 gentium,
1651 1913 1683 1974 et
1697 1903 1862 2000 gloriam
1874 1912 1994 2012 piebis
2009 1929 2093 1996 tuas
2186 1969 2191 1982 ·

1226 2019 1310 2068 srae
1331 2043 1343 2069 .

1152 2090 1209 2166 Et
1232 2106 1339 2168 erant
1361 2106 1468 2193 pater
1490 2108 1523 2170 et
1543 2111 1662 2174 mater
1687 2105 1765 2180 eius
1785 2111 1965 2190 mirantes
1985 2147 2093 2222 super

1205 2190 1286 2280 bis,
1305 2221 1406 2372 puae
1430 2197 1648 2276 dicebantur
1669 2203 1713 2278 de
1736 2208 1818 2299 ilio.
1871 2215 1926 2290 Et
1946 2219 2094 2296 benedi-

1205 2297 1266 2369 :sit
1289 2299 1305 2369 i
1322 2300 1371 2372 iis
1389 2297 1557 2406 Simeon,
1585 2314 1617 2377 et
1638 2304 1738 2382 dixit
1754 2312 1810 2385 ad
1820 2313 1998 2393 Mariam
2011 2351 2093 2400 ma-

1205 2408 1296 2472 trem
1319 2403 1415 2477 eius:
1443 2402 1538 2476 Ecce
1556 2408 1700 2506 positus
1724 2424 1776 2485 est
1798 2414 1859 2490 bic
1884 2420 1923 2492 in
1942 2427 2094 2502 ruinam

1206 2512 1239 2618 et
1270 2505 1563 2606 resurrectionem
1595 2510 1796 2588 multorum
1818 2521 1859 2592 in
1881 2520 2028 2612 Israi'i,
2060 2543 2094 2606 et

1207 2627 1248 2721 'i'
1261 2605 1411 2723 signum
1428 2609 1488 2678 eui
1503 2610 1782 2695 contradicetur.
1824 2621 1926 2719 Quin
1941 2646 1973 2700 et
1989 2641 2094 2704 tuam

1206 2729 1326 2802 sparus
1341 2709 1510 2780 ans'rrsam
1528 2717 1771 2806 pertransibit
1780 2720 1955 2817 gladius,
1981 2743 2028 2804 ut.
2039 2759 2095 2806 re·

1208 2805 1369 2882 velentur
1386 2833 1434 2882 ea·
1448 2811 1577 2886 mullis
1593 2813 1765 2894 cordibus
1778 2817 2033 2923 'cogitationes-

1154 2939 1234 3020 See
1248 2960 1331 3018 sunt
1344 2949 1524 3044 praecipui
1541 2952 1623 3030 loci.

1256 3083 1286 3160 l,
1332 3081 1437 3201 'Quid
1459 3086 1515 3158 lex
1537 3089 1582 3157 de
1604 3089 1800 3170 immundis
1818 3115 1854 3174 et
1869 3105 1914 3176 de
1929 3110 2096 3201 purifica·

1315 3197 1413 3254 trone
1428 3183 1578 3260 Levitici
1594 3189 1655 3298 ¹4?
1670 3197 1852 3285 significet.

1260 3281 1309 3358 11.
1358 3283 1434 3357 Cur
1450 3286 1585 3369 Maria,
1612 3317 1692 3362 cum
1707 3322 1782 3369 non
1795 3318 1974 3384 teneretur
1990 3340 2030 3388 sa
2044 3320 2097 3394 le·

1313 3409 1374 3475 ge,
1400 3401 1518 3458 tamen
1536 3391 1568 3460 ei
1585 3391 1893 3488 obtemperaverit.

1259 3484 1326 3558 lll.
1380 3485 1477 3573 Quid
1494 3491 1548 3561 les
1563 3494 1609 3562 de
1627 3497 1870 3589 primogenitis
1884 3507 2070 3603 significet.

1259 3585 1344 3662 llll.
1380 3587 1601 3668 Testimonia
1625 3600 1671 3670 de
1694 3605 1934 3686 nato'Mcssia
1957 3617 2097 3695 Simeo-

1200 3713 1204 3720 ’
1313 3688 1574 3769 nisetAnnac.
1665 3739 1672 3746 ·

1259 3787 1530 3966 V.Cprptrioa
1553 3798 1594 3872 iu
1614 3802 1718 3878 dictis
1732 3804 1912 3886 Simeonis
1928 3820 1972 3890 de
1987 3845 2096 3916 mgna

1371 3921 1399 3964 t't
1436 3922 1459 3970 l·

1221 4049 1226 4060 ,
1258 3991 1324 4068 vt.
1374 3995 1549 4072 Doctrina
1562 4003 1608 4074 de
1623 4029 1735 4082 cruce.

1499 4215 1548 4270 lte
1575 4216 1698 4282 primo.

1210 4331 1303 4404 Tota
1325 4327 1411 4406 haec
1433 4336 1489 4405 lex
1504 4333 1600 4409 Mori
1615 4354 1668 4413 est
1682 4349 1892 4445 paedagogia
1911 4329 2096 4434 seu'disci-

1107 4433 1221 4526 plina,
1245 4459 1320 4506 non
1335 4438 1479 4529 quidem
1496 4441 1624 4511 tollens
1640 4463 1839 4539 peecatum
1864 4461 1924 4529 sed
1941 4463 2095 4554 demul-

111 4531 318 4636 Postpuam
333 4529 476 4627 impleti
485 4539 573 4644 sunt
585 4527 663 4650 dies
670 4527 909 4650 purgationis
921 4553 1057 4620 eorum,
1107 4536 1154 4608 tis
1175 4537 1313 4627 magnis
1333 4540 1439 4610 rebus
1460 4542 1657 4615 admonens
1679 4555 1872 4643 populum,
1897 4565 2026 4637 scilicet
2050 4571 2094 4638 de

165 4631 364 4713 secundum
386 4632 502 4730 legem
524 4627 673 4722 Morsu,
699 4636 863 4704 tuterunt
883 4629 992 4704 elium
1014 4632 1055 4703 in
1105 4650 1267 4730 peceato,
1292 4653 1327 4710 et
1348 4641 1529 4714 defutura
1545 4643 1768 4722 liberatione.
1805 4657 1859 4730 lta
1879 4656 1964 4734 haec
1981 4667 2095 4739 lente

163 4734 392 4827 Ierusalem,
418 4745 457 4810 ut
471 4733 638 4810 sisterent
651 4758 732 4807 eum
749 4731 936 4818 Domino,
960 4733 1055 4806 sicut
1104 4739 1321 4823 immundis,
1354 4765 1445 4833 quae
1474 4758 1594 4816 mmeu
1619 4767 1828 4844 conceptum
1855 4785 1896 4832 ex
1919 4767 2013 4836 virili
2037 4790 2095 4840 se.

166 4839 343 4958 scriptum
373 4847 425 4910 est
452 4837 491 4908 in
518 4835 600 4958 lege
615 4835 796 4919 Domini,
827 4832 930 4938 qaod
951 4859 1056 4912 omne
1105 4843 1205 4912 mine
1228 4859 1454 4934 pepererant,
1480 4847 1699 4934 significabat
1721 4865 1908 4952 propagari
1931 4891 2009 4936 cnm
2029 4865 2094 4944 hae
2231 4901 2234 4908 ·

153 4939 415 5016 masculanum
438 4933 662 5038 adaperiens
685 4939 853 5026 vulvam,
885 4949 1056 5012 sanctum
1105 4943 1372 5034 regeneratione
1402 4963 1612 5038 peccatum
1646 4957 1681 5024 et
1708 4974 1870 5034 naturam
1899 4962 2094 5044 humanam
2228 4997 2232 5004 ·

166 5043 337 5118 Domino
354 5039 552 5162 vocabitur:
604 5039 659 5113 Et
675 5051 715 5113 ut
733 5036 1056 5162 darentbmtium,
1105 5067 1201 5116 ream
1217 5067 1301 5122 esse.
1352 5043 1578 5123 Admonebat
1594 5051 1703 5143 igitur
1721 5065 1917 5137 ceremonia
1932 5070 2028 5158 pios,
2056 5090 2095 5149 ut

165 5140 362 5222 secundum
384 5139 487 5243 spread
504 5140 640 5216 drotum
660 5151 711 5216 est
733 5169 774 5215 m
793 5142 870 5240 legs
883 5139 1056 5230 Romani,
1105 5151 1300 5236 cogitarent
1321 5151 1367 5220 de
1388 5166 1528 5239 peccato
1550 5172 1760 5247 propagato,
1784 5177 1819 5234 et
1834 5166 1879 5235 de
1894 5173 2007 5242 causis
2024 5169 2093 5247 hu.

168 5272 240 5348 par
277 5257 482 5339 turturum,
525 5255 596 5318 out
632 5241 724 5370 duos
759 5245 886 5346 pullos
917 5244 1055 5318 coium·
1105 5273 1291 5321 manarum
1313 5253 1571 5340 calamitatum,
1593 5271 1629 5329 et
1650 5263 1697 5330 de
1718 5261 1874 5336 irallei:
1901 5271 2030 5344 deiude
2055 5291 2093 5348 ut

171 5350 313 5423 borum.
395 5369 398 5376 '
552 5399 555 5404 ,

74 5459 251 5528 Macareo.
280 5458 384 5524 Oeen.
413 5455 497 5522 Vos..
515 5454 638 5550 XIV„

1104 5356 1148 5422 ad
1170 5347 1263 5424 hanc
1285 5355 1419 5426 tristem
1441 5357 1705 5434 meditationem
1726 5367 1927 5444 conferrent
1942 5377 2095 5466 promis·
