4714 5826
106 319 218 392 item:
245 315 402 394 Remum
420 321 527 396 docet
547 323 611 419 qni
635 323 774 398 didicit.
812 321 917 412 ¹ltcru
933 317 1002 395 boc
1017 319 1100 418 syt-

104 423 178 493 lae:
213 419 401 512 Remigem
423 425 523 516 priua
545 447 620 498 esse
641 439 799 518 oportet,
832 449 938 520 quarn
959 427 1098 498 clavum

102 525 318 612 gubernare.
369 521 418 597 Et
435 527 631 621 plerunque
640 528 705 606 lit,
731 543 771 598 ut
794 527 931 598 indocti
947 529 1018 598 sint
1034 551 1098 596 au-

102 625 288 710 daciores,
311 628 407 696 iuxta
429 629 581 702 dictum:
608 623 759 720 ἀμαθία
774 621 918 725 θράσος
935 620 1097 726 ἀπεργά-

105 721 229 814 ζεται,
257 723 402 800 Inscitia
417 730 599 800 audaciam
617 731 730 802 affert.
758 795 763 808 ,

153 915 263 990 Sicut
276 917 381 992 conis
397 918 490 994 redit
511 918 567 995 od
580 922 774 1006 vomitum,
796 921 852 994 ito
870 919 1009 994 stultus
1031 919 1097 990 ita-

209 1030 272 1092 ml
286 1032 347 1097 etc.

208 1185 263 1260 De
286 1189 400 1260 causis
426 1213 619 1282 poenarum
640 1190 680 1260 io
702 1185 769 1260 hac
794 1189 991 1278 vitarsaepe
1008 1187 1095 1257 alias

102 1289 242 1358 dictum
257 1305 331 1376 est,
357 1291 539 1374 videlicet,
566 1314 688 1363 causas
712 1292 917 1384 praecipuas
940 1305 1094 1384 quatuor

103 1413 192 1463 esse.

158 1513 190 1577 t.
243 1505 381 1593 Prima,
411 1510 494 1602 quia
518 1487 761 1582 nerninem
792 1525 859 1598 est,
891 1524 925 1581 et
949 1519 1095 1607 propter

104 1629 204 1676 suam
220 1608 395 1680 iusticiam
412 1613 560 1683 destruit
576 1613 762 1686 contraria.

152 1730 191 1799 2.
245 1727 429 1812 Secunda,
461 1727 543 1822 quia
573 1729 652 1799 vult
683 1728 856 1820 intelligi,
891 1751 928 1796 se
958 1725 1090 1796 iustum

104 1852 198 1914 esse,
224 1841 258 1899 et
276 1829 364 1898 disci
381 1830 570 1900 discrimen
587 1831 682 1902 inter
698 1833 788 1903 iusta
808 1844 840 1901 et
857 1830 1000 1902 iniusta.

155 1947 193 2022 d.
245 1945 386 2028 Tertia,
411 1961 451 2018 ut
469 1948 664 2039 perniciosa
681 1951 838 2020 membra
856 1947 1039 2018 tollantur.

155 2063 191 2141 4.
246 2063 403 2154 Quarta,
427 2081 468 2135 ut
485 2088 618 2158 poenae
632 2067 737 2137 nobis
754 2079 789 2136 et
805 2065 885 2136 aliis
901 2065 973 2134 siut
993 2087 1090 2132 com-

104 2167 403 2248 monefactiones,
428 2180 463 2237 et
479 2171 680 2238 deterreant
695 2189 761 2236 nos
784 2191 803 2236 a
820 2167 1015 2257 peccando,
1040 2163 1089 2232 si-

102 2281 159 2342 cut
174 2291 285 2360 snpra
301 2269 435 2366 dictum
453 2281 525 2354 est,
550 2291 626 2359 cap.
640 2267 715 2343 19.:
744 2265 908 2338 Derisore
925 2287 1088 2358 percusso

102 2369 291 2462 imperitus
305 2369 372 2444 erit
387 2369 535 2446 cautior.
587 2367 634 2442 Ει
661 2373 691 2446 1.
707 2365 871 2444 Corinth.
886 2371 947 2442 11.
971 2367 1088 2462 inquit

103 2469 255 2552 Paulus,
288 2497 420 2564 poenas
439 2465 562 2566 populi
586 2471 695 2544 lsraiil
716 2494 789 2543 ease
813 2472 999 2564 exempla.⁸
1041 2461 1088 2539 Et

101 2569 281 2644 Dominus
304 2576 389 2645 dicit
410 2579 453 2646 ad
478 2570 679 2661 Abraham,
711 2597 747 2644 se
768 2573 848 2644 ideo
872 2572 906 2642 ei
933 2594 1087 2642 comme-

101 2697 241 2746 morare
257 2677 457 2768 exemplum
470 2700 605 2768 poenae
621 2674 883 2756 Sodomorum,
910 2687 949 2744 ut
969 2683 1086 2764 poste-

102 2800 156 2847 ros
180 2789 330 2847 moneat
351 2779 396 2847 de
419 2778 553 2848 iudicio
575 2775 653 2848 Dei.
711 2775 758 2848 Et
776 2775 889 2868 aliqui
911 2774 1085 2845 sanabiles

104 2879 234 2948 moniti
260 2878 539 2978 poeuisdeinde
563 2880 653 2948 liunt
675 2877 869 2962 cautiores,
894 2874 1086 2970 dequibus

103 2979 253 3052 dicitur:
291 2976 387 3051 Ictus
415 2979 520 3077 sapit.
580 2977 688 3052 ltem:
722 2969 932 3071 παθήματα
957 2967 1087 3069 μαθή-

100 3104 216 3168 ματα.
258 3077 363 3152 ltem:
391 3079 512 3172 Turpe
527 3093 577 3150 est
592 3080 647 3151 bis
664 3080 860 3172 impingere
872 3081 916 3178 ad
932 3079 1103 3150 eundem·

101 3179 268 3272 lapidem.
320 3179 408 3266 ltern
429 3184 474 3252 de
497 3181 623 3251 alienis
642 3182 810 3276 exemplis
831 3181 979 3252 dicitur:
1001 3174 1086 3272 βλέ-

99 3305 179 3354 πων
202 3275 455 3375 πεπαίδευμαι
482 3283 532 3364 εἰς
558 3277 606 3354 τὰ
636 3281 759 3386 ἄλλων
786 3278 906 3368 κακά,
939 3279 1086 3350 intuens

99 3383 254 3455 aliorum
271 3385 364 3455 mala
379 3385 541 3456 eruditus
557 3407 646 3456 sum.

201 3515 275 3588 Sed
298 3516 401 3586 multi
426 3517 522 3586 coeci
545 3531 579 3589 et
602 3516 726 3600 ferrei,
752 3541 818 3586 nec
841 3518 987 3602 alienis,
1021 3543 1085 3590 nec

101 3640 159 3688 seu
181 3619 309 3712 poenis
333 3621 584 3698 emendantur,
622 3620 726 3712 mrslti
754 3619 860 3688 etiam
889 3621 1088 3692 efferuntur

99 3731 132 3788 et
153 3721 251 3790 liunt
279 3718 492 3792 rabiosiores
516 3719 555 3789 in
575 3719 713 3810 poenis.
775 3716 901 3814 Aliqui
934 3721 1084 3812 repressi

99 3821 297 3914 paulisper,
323 3819 413 3891 sicut
434 3818 540 3900 Saul,
570 3845 652 3890 mox
673 3821 882 3893 relabuntur
903 3823 940 3896 in
964 3825 1084 3892 eadem

98 3923 241 3994 scelera.
294 3919 345 3990 De
360 3921 494 3991 talibus
512 3921 754 3993 relabentibus
770 3923 930 4016 loquitur
950 3919 1016 3994 hoc
1031 3924 1087 3993 di-

99 4037 213 4108 ctum,
243 4023 335 4094 sicut
359 4036 393 4093 et
414 4023 615 4113 saepissime
639 4024 727 4093 alias
750 4037 870 4098 monet
893 4023 1007 4111 Deus,
1041 4049 1087 4093 ne

98 4126 292 4196 relabendo
307 4119 525 4195 attrahamus
542 4124 692 4196 maiores
707 4148 857 4216 poenas,
883 4137 922 4196 ut
930 4128 1042 4196 Amos
1052 4129 1085 4198 1.

98 4227 249 4299 dicitur:
292 4225 366 4296 Ter
399 4226 626 4318 peccantibus
658 4227 819 4319 peperci,
855 4241 981 4320 quarto
1012 4253 1086 4296 non

98 4350 253 4425 parcam.
294 4323 344 4398 Et
358 4325 522 4397 Christus
538 4342 572 4397 et
585 4324 712 4398 Petrus
728 4328 914 4422 inquiunt:
939 4325 1084 4400 Postre-

97 4451 153 4498 ma
176 4430 310 4498 talibus
331 4427 407 4498 fieri
435 4429 556 4518 peiora
587 4429 778 4520 prioribus.
836 4425 884 4500 Et
912 4429 1084 4501 Salomon

100 4531 164 4602 ait:
192 4525 409 4602 Relabentes
422 4524 556 4600 similes
573 4553 647 4601 esse
668 4531 826 4600 canibus.
880 4529 951 4601 Sed
972 4535 1085 4603 multo

100 4632 236 4703 tristius
259 4644 329 4712 est,
365 4633 462 4725 quod
483 4629 661 4701 Dominus
682 4630 802 4723 inquit
824 4631 940 4700 redire
961 4635 1087 4704 diabo-

102 4731 195 4816 lum,
219 4756 301 4803 cum
316 4731 397 4802 aliis
414 4745 546 4824 septem
564 4733 798 4826 nequioribus
812 4731 1007 4824 spiritibus.

201 4864 272 4936 Hic
304 4863 491 4936 horribilia
522 4866 679 4955 exempla
712 4865 855 4956 publica
884 4879 918 4938 et
951 4867 1086 4958 privata

103 4967 383 5039 considerentur.
435 4964 569 5038 Crescit
592 4968 743 5036 lurorin
762 4966 965 5054 Pharaone,
989 4968 1087 5052 Saul,

105 5065 305 5155 Absolone,
340 5065 477 5140 Achab.
535 5063 583 5140 Et
612 5070 706 5138 cives
732 5069 992 5158 Sodomorum,
1025 5072 1085 5167 qui

104 5171 277 5252 viderant,
292 5172 511 5242 sedivinitus
527 5171 893 5255 liberatosesse,·cum
903 5168 1086 5242 Abraham

103 5273 302 5364 profligarit
318 5273 507 5344 exercitum
524 5267 700 5358 hostium,
725 5273 855 5344 deinde
878 5297 960 5343 mox
984 5273 1087 5346 obliti

536 151 585 224 X.
633 143 941 228 auctuario
967 141 1380 228 movuuotouuu
1404 139 1709 225 sacououu.

2063 149 2140 222 ’70

1151 319 1311 412 priorum
1352 341 1548 413 pomarum
1589 331 1624 390 et
1661 317 1933 400 liberationum,
1979 319 2140 392 furenter

1150 435 1261 492 ruunt
1278 421 1316 490 in
1335 421 1515 494 teterrima
1528 421 1670 490 scelera.

1252 537 1373 611 ludaei
1389 553 1468 631 post
1482 538 1699 612 tristissimas
1714 538 1929 610 calamitates
1949 551 1982 609 et
2007 537 2138 609 libera-

1150 642 1265 712 tiones
1279 641 1472 711 interlectis
1488 639 1709 710 Maccabaeis
1722 637 1911 724 iratribus,
1927 640 2136 732 petulantis·

1150 744 1237 812 sisne
1274 743 1474 814 lacerarunt
1506 743 1707 812 doctrinam
1748 741 1917 812 dissidiis*
1949 757 2137 824 sectarum,

1149 839 1371 914 Pharisaicae
1388 859 1421 914 et
1437 841 1649 917 Saducaeae.
1700 841 1920 914 Lacerarsrnt
1936 856 1971 915 et
1986 867 2135 934 regnum

1148 945 1315 1014 civilibus
1331 946 1445 1016 bellis.

1249 1063 1294 1132 In
1308 1085 1349 1132 ea
1366 1058 1515 1131 historia
1537 1072 1573 1130 et
1593 1083 1690 1130 nuuc
1705 1056 1920 1130 Gemanica
1943 1059 2134 1150 imaginem
2181 1049 2185 1054 ¹

1148 1165 1326 1235 videmus:
1359 1159 1556 1234 Emendate
1586 1160 1749 1232 doctrina
1783 1160 1887 1230 multi
1916 1163 2065 1234 redeunt
2088 1165 2135 1234 ad

1147 1266 1287 1356 priores
1311 1287 1467 1348 errores,
1500 1275 1536 1333 et
1565 1278 1683 1354 postea
1715 1285 1859 1354 prorsus
1890 1261 1981 1332 liunt
2010 1261 2132 1338 ἄθεοι.
2238 1281 2243 1300 ·

1148 1367 1259 1438 Multi
1282 1367 1386 1436 novis
1407 1363 1589 1434 erroribus
1610 1365 1725 1433 lucem
1742 1387 1845 1434 verae
1865 1364 2047 1434 doctrinae
2067 1368 2134 1458 ob-

1147 1482 1275 1554 ruunt,
1318 1479 1353 1538 et
1384 1466 1575 1536 seditiones
1605 1478 1760 1534 movent.
1828 1463 1939 1534 Multi
1971 1467 2133 1538 doctores

1146 1573 1273 1640 omissa
1290 1568 1522 1664 inquisitione
1543 1567 1745 1650 doctrinae,
1772 1567 1918 1636 tradunt
1939 1575 2035 1656 grata
2052 1563 2133 1638 vul·
2174 1578 2180 1604 ¹

1145 1693 1201 1762 go.
1262 1669 1400 1760 Vulgus
1422 1670 1616 1739 delectatur
1637 1667 1799 1745 licentia,
1826 1679 1860 1736 et
1891 1667 1986 1740 laxat
2012 1667 2133 1739 irenos

1145 1773 1409 1864 cupiditatibus.
1477 1767 1529 1840 lta
1560 1791 1691 1862 poeum
1725 1767 1876 1838 maiores
1909 1764 2132 1844 attrahimus.

1144 1873 1307 1944 Servabit
1328 1887 1446 1944 tamen
1467 1872 1605 1966 aliquas
1630 1893 1732 1940 verae
1748 1865 1927 1940 Ecclesiae
1950 1869 2134 1966 reliquias.

1145 1975 1265 2046 Huius
1288 1975 1319 2043 si
1340 1976 1505 2044 volumus
1526 1995 1599 2044 esse
1620 1972 1795 2056 membra,
1829 1971 1922 2040 serio
1948 1987 2134 2042 converta-

1144 2101 1225 2146 mur
1249 2078 1291 2144 ad
1317 2073 1453 2154 Deum,
1478 2090 1513 2144 et
1537 2089 1695 2164 petamus
1713 2095 1778 2142 nos
1794 2073 1974 2157 converti,
2001 2073 2075 2162 regi
2098 2087 2132 2146 et

1143 2177 1364 2259 confirmari,
1387 2201 1405 2244 a
1421 2174 1518 2246 Filio
1531 2171 1613 2254 Dei,
1640 2197 1686 2242 ne
1699 2171 1914 2246 relabamur.
1965 2171 2012 2243 Et
2029 2175 2076 2245 sit
2090 2174 2131 2244 in

1141 2279 1246 2350 nobis
1262 2277 1349 2370 ipsis
1364 2275 1550 2366 diligentia
1567 2274 1707 2345 vitandi
1724 2273 1907 2343 illecebras
1923 2287 1960 2344 et
1975 2277 2142 2364 occasiog

1141 2405 1204 2451 nes
1219 2393 1443 2472 peccatorum
1463 2377 1554 2448 sicut
1573 2373 1706 2448 Paulus
1727 2373 1914 2467 praecipit:
1943 2373 2070 2446 Videte
2086 2401 2131 2446 ne

1139 2485 1289 2572 gratiam
1303 2485 1434 2552 frustra
1456 2477 1670 2569 acceperitis.
1724 2475 1829 2546 item:
1858 2476 2051 2548 Ambulate
2072 2501 2131 2548 ac-

1139 2597 1277 2666 curate,
1301 2606 1377 2652 non
1397 2595 1437 2652 ιιι
1459 2581 1551 2662 iatui
1575 2594 1641 2652 etc.
1676 2574 1813 2657 ltem,
1847 2589 1973 2648 notum
1997 2592 2048 2651 est
2073 2579 2128 2650 di.

1139 2701 1251 2756 ctum:
1280 2683 1403 2754 Vitare
1427 2694 1567 2772 peccata
1591 2693 1643 2751 est
1658 2679 1772 2749 vitare
1790 2678 1991 2751 occasiones
2008 2705 2130 2771 pecca-

1139 2801 1268 2859 torum.
1300 2783 1389 2856 ltem
1397 2782 1592 2857 Siracidcs:
1619 2777 1694 2879 Qui
1708 2792 1803 2854 amat
1819 2779 2032 2872 Periculum,
2048 2805 2130 2874 per-

1140 2889 1206 2959 ibit
1219 2889 1257 2956 iu
1272 2886 1350 2963 illo,

1451 3107 1600 3228 'Caput
1627 3115 1817 3202 XXVII.

1189 3295 1280 3373 Non
1308 3295 1486 3394 gloriaris
1517 3295 1562 3369 da
1589 3294 1648 3370 da
1670 3296 1874 3380 crartriuo,
1898 3299 1991 3396 quio
2011 3299 2128 3372 nescis

1239 3397 1335 3500 quid
1342 3398 1464 3499 pariet
1478 3393 1680 3472 hodiernus
1701 3394 1791 3474 dics.
1871 3478 1874 3486 ⁴

1241 3551 1420 3622 Convenit
1446 3573 1526 3620 cum
1549 3547 1715 3621 Romano
1744 3549 1857 3618 dicto:
1890 3546 2013 3618 Nescis
2040 3551 2129 3644 quid

1140 3677 1263 3748 vesper
1279 3677 1378 3722 serus
1394 3646 1509 3722 vehat.
1561 3647 1670 3721 Item:
1697 3649 1809 3720 Ludit
1830 3651 1869 3719 in
1890 3645 2055 3721 humanis
2072 3653 2128 3722 di·
2250 3667 2253 3674 ⁴

1139 3757 1220 3824 vina
1247 3755 1401 3844 potentia
1424 3755 1547 3832 rebus,
1574 3750 1620 3822 Et
1641 3765 1735 3819 certa
1759 3773 1924 3842 praesens
1947 3751 2004 3820 vix
2022 3747 2129 3823 habet
2174 3817 2179 3820 .

1139 3853 1227 3927 hora
1244 3857 1361 3926 iidem.
1414 3853 1519 3924 ltem:
1548 3847 1684 3922 Omnia
1704 3865 1789 3922 sunt
1814 3849 1999 3922 hominum
2027 3855 2128 3924 tenui

1138 3958 1329 4051 pendentia
1345 3957 1425 4042 blo,
1452 3951 1500 4025 Et
1516 3955 1634 4024 subito
1650 3935 1733 4022 casu
1745 3977 1834 4047 quae
1844 3955 1987 4022 valuere
2002 3969 2126 4030 ruunt.

1143 4059 1247 4130 ltem:
1286 4057 1362 4127 lrus
1383 4071 1416 4127 et
1440 4069 1491 4125 est
1514 4055 1632 4124 subito
1654 4055 1716 4146 qui
1741 4057 1847 4122 modo
1870 4051 2021 4125 Croesus
2042 4071 2128 4128 erat.

1141 4159 1303 4253 Denique
1316 4181 1440 4229 omnes
1455 4157 1539 4226 libri
1554 4157 1651 4247 pleni
1667 4167 1751 4224 scrut
1767 4156 1892 4226 talium
1908 4158 2127 4257 admonitio·

1140 4286 1225 4330 ιιιιιιι
1256 4263 1301 4329 de
1328 4261 1493 4329 fortunae
1515 4256 1770 4340 inconstantia,
1807 4280 1897 4349 quae
1921 4255 2000 4327 ideo
2024 4260 2128 4330 nobis

1140 4373 1406 4456 proponuntur,
1431 4371 1473 4430 ut
1490 4379 1555 4427 nos
1578 4360 1621 4426 dc
1638 4357 1810 4427 modestia
1834 4359 2065 4440 admoneant,
2091 4374 2126 4432 et

1140 4461 1353 4558 prohibeant
1375 4458 1459 4532 baec
1481 4463 1555 4528 duo
1580 4459 1730 4528 inaximo
1749 4459 1855 4549 vitia,
1879 4457 2044 4532 balusium
2058 4481 2126 4531 no·

1138 4567 1221 4651 stri,
1248 4577 1282 4634 et
1298 4564 1530 4634 temeritatem
1554 4559 1722 4630 movendi
1744 4581 1799 4629 res
1813 4583 1886 4630 non
1903 4563 2127 4644 necessarias,

1139 4667 1243 4738 stulta
1260 4689 1339 4756 spe,
1365 4677 1400 4735 et
1416 4686 1482 4732 nos
1508 4661 1601 4731 intra
1624 4676 1734 4740 metas
1757 4662 1960 4744 includant,
1984 4677 2021 4733 ut
2043 4679 2125 4734 tan-

1139 4784 1214 4841 tum
1233 4767 1402 4836 iaciamus
1417 4776 1557 4833 nostrae
1571 4761 1765 4830 vocationis
1785 4763 1899 4831 officia
1922 4767 2126 4851 necessaria,

1139 4871 1226 4940 sicut
1253 4866 1386 4937 Paulus
1409 4864 1542 4959 inquit:
1571 4863 1718 4953 Propria
1741 4862 1857 4936 facite.
1908 4861 1954 4934 Et
1979 4865 2124 4957 quidem

1140 4971 1177 5040 in
1200 4969 1381 5060 agnitione
1405 4965 1621 5036 infirmitatis
1644 4978 1786 5034 nostrae
1806 4966 2041 5051 adiungamus
2064 4969 2122 5035 in-

1138 5073 1358 5142 vocationem
1389 5068 1474 5152 Dei,
1516 5067 1612 5135 iuxta
1647 5066 1798 5137 dictum:
1842 5065 2016 5136 subditus
2048 5081 2122 5138 esto

1137 5173 1233 5258 Deo,
1257 5185 1293 5242 et
1317 5195 1379 5240 ora
1402 5194 1494 5240 earm.
1547 5163 1653 5238 ltems
1681 5165 1768 5237 Sine
1793 5189 1848 5232 me
1869 5163 1961 5236 nihil
1978 5171 2124 5261 potestis

1137 5275 1262 5348 facero.
1313 5267 1360 5344 Et
1374 5269 1538 5342 Ieremias
1556 5267 1690 5360 inquit:
1724 5265 1806 5338 Scio
1826 5265 1999 5352 Domine,
2026 5275 2123 5364 quod

1585 5365 1641 5437 5.
