4714 5826
81 165 136 238 or
241 99 246 106 ⁶
644 165 731 242 xrs
760 162 1060 244 nutantum
1095 169 1146 242 m
1181 163 1596 255 nccnnsmsrnu„
2015 178 2116 250 os

186 337 281 432 Ergo
305 335 391 410 haec
413 338 758 416 concioSalomonis
783 335 1075 432 propheticam,
1228 339 1437 434 Sequuntur
1467 353 1586 432 autem
1613 343 1907 416 asseverationem
1927 345 1972 415 de
1995 349 2117 437 provi-

81 456 118 514 et
146 465 217 513 vox
241 443 364 513 divina
385 442 424 510 in
449 437 696 514 Ecclesia'Dei
719 445 763 513 de
785 443 906 513 futuro
928 442 1075 525 iudicio,
1125 443 1265 528 dentia,
1286 441 1360 514 Lex
1382 456 1415 513 et
1431 441 1673 514 comminatio.
1726 441 1814 516 Item
1830 439 2115 538 Evangeliumet

82 543 201 638 qualis
223 558 276 616 est
298 543 423 614 concio
437 542 521 612 Filii
539 541 604 614 Dei
629 545 665 614 in
690 545 803 635 capite
819 539 948 618 Matth.
965 539 1076 644 ²52&
1124 545 1340 615 consolatio:
1370 557 1556 638 postquam
1582 547 1707 618 statuis
1730 568 1804 618 esse
1826 543 1962 635 Deum,
1985 564 2019 621 et
2040 575 2113 622 esse

82 649 122 716 in
145 645 228 718 aliis
245 645 347 717 locis.
398 643 482 716 Non
500 646 608 736 igitur
624 641 681 716 hic
698 647 791 717 liber
804 645 1007 718 Salomonis
1023 646 1073 715 le·
1124 646 1278 716 iudicem
1304 659 1337 717 et
1366 645 1564 733 vindicem,
1597 649 1683 718 audi
1712 665 1893 740 praecepta
1917 662 1952 720 et
1976 653 2113 724 obtem-

80 751 222 838 gendus
244 760 313 832 est,
341 762 380 818 ut
401 743 552 818 Cratetis
573 762 632 817 aut
654 747 807 820 Senecae
827 745 1008 838 Epistulae
1031 749 1074 816 de
1124 771 1225 838 pera,
1251 763 1285 817 et
1307 746 1390 840 quia
1414 771 1539 836 magna
1564 764 1616 840 est
1637 749 1824 840 infirmitas
1847 745 2053 838 hominum,
2078 772 2126 828 et'

77 863 268 922 contemtu
288 849 515 939 divitiarum,
542 863 576 918 et
593 845 856 920 Monachn'rnm
883 849 1010 938 scripta
1029 851 1073 918 de
1123 849 1225 920 multi
1243 851 1379 919 lurores
1393 849 1640 935 diabolorum,
1664 851 1726 944 qui
1741 865 1872 940 augent
1887 853 2111 927 confusiones
2221 873 2228 882 ·

78 951 284 1022 desertione
306 950 483 1021 societatis
504 951 687 1041 politicae,
719 953 780 1020 sed
803 951 964 1020 doctrina
986 949 1073 1034 fidei
1122 951 1260 1040 generis
1290 945 1459 1036 humani,
1493 951 1604 1021 multa
1634 965 1719 1024 sunt
1745 954 1998 1045 impedimenta
2025 957 2111 1028 obe-

78 1069 130 1124 est
149 1056 196 1124 de
212 1054 344 1124 indicio
362 1049 452 1141 Dei,
478 1067 512 1122 et
528 1056 572 1122 de
586 1053 812 1123 distinctione
829 1051 1020 1144 impiorum
1040 1065 1074 1122 et
1122 1053 1286 1125 dientiae.
1353 1049 1422 1121 llic
1452 1053 1646 1123 necessaria
1678 1067 1730 1126 est
1760 1055 1967 1128 consolatio.
2031 1055 2109 1128 iln-

77 1154 281 1236 Ecclesiae‚
308 1168 344 1224 et
363 1154 456 1224 inter
477 1147 673 1224 horrendas
696 1155 920 1226 confusiones
935 1154 1073 1244 generis
1121 1155 1250 1224 dienda
1268 1166 1319 1223 est
1333 1153 1443 1244 igitur
1456 1179 1526 1224 vox
1538 1149 1743 1245 Evangelii,
1768 1179 1859 1250 quae
1873 1159 1994 1256 docet,
2019 1183 2110 1252 quae
2224 1196 2229 1206 ·

77 1255 233 1329 hnmani
257 1257 414 1328 ostendit
433 1256 523 1324 iram
537 1253 604 1326 Dei
621 1257 910 1339 contumacibus,
936 1272 969 1326 et
986 1280 1071 1326 con·
1121 1257 1344 1344 obedientia,
1370 1268 1404 1325 et
1429 1258 1607 1348 quomodo
1631 1258 1786 1350 placeat,
1811 1258 1909 1329 iubet
1929 1260 2108 1346 guberna-

77 1360 293 1430 solationem
315 1358 394 1449 piis.
433 1355 588 1451 Ideoque
610 1358 766 1448 prolixae
789 1370 869 1428 sunt
895 1359 1071 1428 narratio·
1102 1356 1330 1428 'torem'ndn
1356 1353 1509 1427 abiicere
1531 1360 1727 1430 vocationis
1750 1360 1885 1440 offitia,
1912 1361 2049 1431 etiamsi
2068 1363 2108 1431 in

78 1485 145 1532 nes
168 1461 421 1532 confusionum
444 1473 479 1528 et
503 1459 772 1549 scandalorum,
806 1473 845 1530 ut
865 1474 983 1550 postea
1006 1461 1069 1530 do·
1119 1455 1185 1530 hac
1208 1461 1300 1529 vitae
1322 1459 1532 1529 confusione
1548 1459 1805 1554 aliquantisper
1820 1457 2009 1532 dissimiles
2026 1477 2109 1534 sunt

77 1576 177 1654 ceat,
212 1584 436 1656 nequaquam
466 1584 508 1630 er
532 1554 588 1629 his
612 1562 819 1652 spectaculis
844 1562 883 1630 in
908 1557 973 1632 hac
998 1563 1069 1632 vita
1120 1575 1267 1632 eventus
1283 1573 1460 1630 rectorum
1475 1561 1717 1645 consiliorum,
1742 1574 1778 1632 et
1791 1579 1922 1646 monet,
1948 1589 1995 1634 ne
2006 1566 2107 1635 sran-

78 1665 313 1737 indicandum
334 1685 409 1731 esse
432 1663 475 1730 de
498 1664 680 1734 voluntate
694 1661 780 1746 Dei,
807 1665 867 1734 sed
885 1663 982 1732 firma
1001 1664 1069 1732 fide
1118 1687 1243 1752 gamur
1265 1663 1526 1754 desperatione,
1551 1665 1689 1734 etiamsi
1707 1664 1963 1758 aliquantisper
1977 1667 2108 1737 llorent

79 1769 344 1838 assentiendum
375 1787 448 1832 esse
481 1761 558 1832 voci
583 1759 733 1834 divinae
756 1779 789 1834 et
821 1765 970 1832 verbum
1001 1762 1068 1835 Dei
1118 1765 1260 1850 iniusti,
1294 1779 1329 1835 et
1351 1767 1525 1854 premitur
1548 1789 1629 1834 sera
1650 1763 1827 1851 Ecclesia,
1862 1769 1945 1861 qnia
1968 1769 2106 1840 etiamsi

79 1885 245 1962 oportere
280 1863 449 1940 nbrmam
476 1889 550 1934 esse
577 1867 737 1935 omnium
770 1866 1001 1936 consiliorum
1034 1881 1069 1936 et
1117 1868 1373 1960 aliquantisper
1396 1867 1560 1937 differtur
1580 1867 1752 1937 iudicium
1777 1864 1864 1952 Dei,
1896 1882 2014 1940 tamen
2039 1871 2106 1940 ali-

79 1975 282 2052 aetionnm‚
314 1969 405 2038 siout
427 1969 597 2058 scriptum
619 1979 686 2037 est:
713 1960 889 2036 Lucerna
918 1969 1068 2059 pedibus
1117 1982 1251 2061 quanto
1273 1981 1352 2059 post
1375 1981 1409 2037 et
1432 1969 1470 2036 in
1494 1963 1559 2038 hac
1581 1971 1670 2050 vita,
1698 1981 1732 2038 et
1751 1969 1788 2037 in
1808 1982 1881 2040 tota
1898 1971 2106 2046 aeternitate
2214 1980 2221 1988 '

1116 2071 1311 2161 punientur
1327 2069 1497 2140 scelerati.

1218 2169 1321 2240 Hanc
1343 2170 1623 2240 consolationem
1646 2193 1747 2262 saepe
1763 2172 1889 2243 intexit
1906 2163 1990 2240 huic
2007 2169 2106 2240 Scri-
2160 2250 2166 2271 Κ

1116 2285 1195 2362 pto,
1222 2295 1312 2364 quae
1336 2268 1589 2362 comprehensa
1610 2285 1713 2343 estet
1734 2273 1772 2340 in
1787 2285 1861 2344 toto
1880 2271 2022 2344 Psalmo
2041 2273 2102 2342 86.

80 2076 171 2144 meis
188 2073 338 2172 verbum
357 2083 471 2141 tuum.

133 2275 142 2286 .
181 2223 330 2293 Necesse
348 2235 400 2291 est
415 2223 525 2309 igitur
541 2221 579 2288 in
595 2216 704 2289 huius
726 2221 810 2290 libri
833 2221 984 2291 lectione
1001 2247 1067 2292 no-

76 2331 169 2420 uisse
192 2347 370 2394 summam
394 2323 577 2392 doctrinae
602 2322 871 2406 ecclesiasticae,
902 2325 1068 2393 deerea-

76 2433 177 2502 tione
200 2424 330 2494 mundi
351 2437 385 2494 et
406 2420 583 2514 hominis,
612 2425 657 2490 de
673 2423 774 2514 lapsu
788 2419 995 2508 hominum,
1024 2428 1067 2494 de

77 2531 193 2602 causis
218 2526 477 2608 calamitatum,
508 2526 553 2593 de
576 2525 830 2615 promissione,
864 2539 899 2594 et
922 2527 965 2594 de
987 2525 1067 2595 Me·

77 2637 238 2708 diatore,
265 2641 410 2719 propter
430 2649 533 2718 quem
553 2640 587 2696 et
604 2650 667 2716 per
684 2650 788 2716 quem
805 2650 927 2696 rursus
943 2626 1065 2696 Eccle-

76 2737 129 2806 sia
146 2730 347 2820 colligitur,
372 2731 417 2796 de
433 2729 501 2796 lide
517 2727 708 2818 accipiente
725 2729 966 2796 remissionem
985 2753 1066 2818 pec-

77 2850 260 2916 catorum,
285 2833 328 2901 de
349 2830 424 2918 lege
443 2829 531 2910 Dei,
557 2830 601 2898 de
622 2830 692 2897 vita
716 2842 878 2913 aeterna,
904 2832 948 2898 de
969 2829 1065 2898 iudi-

79 2941 136 3008 cio
159 2949 355 3028 postremo,
385 2934 431 3000 de
454 2930 578 3022 poenis
601 2932 754 3000 aeternis
775 2933 988 3023 impiorum,
1022 2933 1065 3000 de

78 3043 192 3110 salute
211 3037 364 3126 piorum.
416 3031 519 3102 Hanc
537 3044 647 3102 totam
663 3033 860 3102 doctrinam
879 3033 1065 3123 complecti

78 3162 220 3212 neccsse
247 3151 315 3219 est,
348 3160 429 3204 curn
452 3135 496 3202 de
519 3135 741 3220 providentia
765 3135 904 3204 dicitur.
973 3132 1063 3204 Cum

78 3243 178 3312 enim
203 3238 427 3308 confusiones
448 3236 486 3304 in
510 3229 576 3304 hac
598 3236 698 3303 brevi
722 3237 793 3304 vita
811 3236 994 3324 caliginem
1010 3238 1064 3306 ol-

76 3346 231 3414 iundant
258 3339 455 3419 mentibus,
488 3349 529 3406 ut
556 3338 676 3406 minus
704 3351 850 3418 cernant
872 3340 1064 3428 providen-

78 3449 184 3526 tiam,
210 3463 349 3522 necesse
372 3453 425 3510 est
448 3439 578 3507 intueri
597 3438 695 3505 illam
710 3437 854 3507 alteram
871 3441 999 3518 vitam,
1025 3441 1063 3506 in

76 3573 147 3642 qua
171 3545 360 3614 discrimen
384 3540 450 3610 erit
471 3539 607 3620 illustre
631 3539 805 3608 malorum
829 3556 863 3611 et
885 3543 1062 3610 bonorum

76 3653 113 3718 in
135 3647 236 3718 omni
252 3643 468 3716 aeternitate.
881 3651 885 3660 ’
913 3637 916 3642 ’

180 3797 447 3870 Consideranda
461 3811 513 3888 est
526 3807 641 3862 autem
653 3795 758 3864 series
773 3795 926 3885 partium
941 3793 978 3860 in
994 3789 1063 3861 hoc

76 3905 169 3972 libro
185 3899 400 3972 Salomonis.
453 3895 559 3966 Prius
574 3897 697 3966 recitat
710 3895 947 3974 obiectiones,
975 3918 1063 3987 quae

76 4008 245 4074 videntur
263 3998 721 4088 adversari'providentiae,
748 4013 782 4068 et
798 3999 837 4066 in
853 3993 919 4066 hac
936 3998 1061 4066 recita-

76 4109 173 4176 tione
209 4103 366 4195 prolirus
391 4116 459 4186 est,
494 4100 576 4191 qnia
598 4122 744 4189 magnos
768 4113 803 4167 et
825 4100 982 4168 assiduos
1005 4115 1062 4166 tu-

78 4211 211 4278 multus
233 4207 386 4276 excitant
407 4204 446 4271 in
469 4197 635 4270 humanis
658 4202 837 4270 mentibus
861 4196 926 4268 hae
943 4199 1062 4288 profa-

76 4336 142 4380 nae
156 4308 398 4398 cogitationes.
449 4301 496 4374 Et
510 4303 620 4392 igitur
635 4319 668 4373 et
683 4299 769 4370 haec
785 4325 864 4392 pars
879 4302 963 4371 libri
978 4325 1063 4392 pro·

1116 2373 1198 2442 Noli
1222 2371 1414 2456 aemulari,
1440 2375 1537 2443 etin
1561 2374 1682 2444 multis
1697 2375 1930 2444 concionibus
1943 2369 2105 2463 Prophe-

1117 2489 1232 2544 tarum
1256 2489 1291 2544 et
1308 2473 1392 2544 Filii
1408 2475 1497 2559 Dei,
1522 2489 1563 2545 ut
1585 2477 1624 2545 in
1640 2477 1754 2565 capite
1769 2471 1901 2549 Matth.
1919 2475 1994 2548 10.:
2022 2474 2104 2545 Non

1115 2578 1237 2646 timete
1259 2600 1335 2657 eos,
1362 2577 1424 2667 qui
1446 2577 1615 2647 occidunt
1636 2600 1782 2668 corpus,
1807 2578 1966 2646 animant
1986 2587 2103 2648 antem

1116 2703 1189 2746 non
1207 2688 1355 2770 possunt
1370 2677 1550 2762 occidere,
1576 2679 1636 2747 sed
1652 2679 1772 2748 timete
1785 2701 1884 2763 eum,
1911 2680 1973 2772 qui
1987 2691 2104 2769 potest

1116 2781 1271 2848 animam
1294 2792 1326 2848 et
1349 2801 1477 2870 corpus
1500 2781 1645 2869 perdere
1663 2779 1701 2848 in
1719 2773 1928 2868 gehennam.
1978 2777 2102 2870 Longe
2198 2817 2202 2822 ·

1116 2882 1342 2952 anteferenda
1361 2893 1413 2950 est
1430 2883 1617 2951 aeternitas
1634 2881 1842 2952 brevissimo
1861 2879 1978 2971 spacio
1997 2875 2102 2951 huius
2153 2957 2157 2976 ⁸

1116 2984 1208 3052 vitae
1230 2981 1409 3064 mortalis,
1443 2995 1476 3052 et
1497 2996 1617 3052 tamen
1637 2984 1676 3051 in
1702 2977 1768 3052 hac
1790 2980 1863 3053 vita
1887 2981 2103 3052 comitantur

1114 3097 1248 3154 atroces
1278 3105 1409 3173 poenas
1432 3085 1565 3161 atrocia
1589 3085 1734 3165 delicta,
1765 3085 1861 3154 iuxta
1885 3082 1994 3152 illud:
2028 3080 2103 3171 Qui

1115 3186 1274 3274 gladium
1298 3183 1471 3274 acceperit
1498 3187 1616 3274 gladio
1642 3187 1795 3279 peribit,
1829 3199 1864 3254 et
1886 3185 2102 3274 experientia

1115 3286 1250 3379 peperit
1268 3281 1354 3354 haec
1369 3285 1480 3354 dicta:

1199 3383 1316 3466 τεύχων
1336 3377 1377 3456 ὥς
1400 3379 1495 3468 ἑτέρῳ
1518 3388 1564 3476 ri,
1600 3381 1643 3470 ἑῷ
1664 3382 1766 3448 κακὸν
1788 3381 1884 3461 ἥπατι
1906 3381 2021 3466 τεύχει.

1216 3487 1266 3559 Ut
1288 3491 1332 3556 de
1347 3483 1523 3556 Archelao
1542 3511 1623 3578 rege
1640 3488 1873 3558 Macedonico
1890 3488 2023 3558 dictum
2040 3501 2103 3569 est,

1116 3590 1178 3682 qui
1203 3589 1341 3658 etiamsi
1364 3589 1433 3658 luit
1458 3589 1714 3682 aliquantisper
1738 3589 1912 3680 gloriosus
1937 3613 2015 3674 rer,
2048 3602 2104 3658 ta-

1115 3715 1197 3759 men
1221 3691 1302 3784 quia
1321 3713 1384 3782 per
1400 3691 1513 3760 scelus
1529 3715 1678 3782 regnum
1694 3693 1892 3782 invaserat,
1919 3715 1939 3760 a
1956 3691 2028 3762 suis
2045 3691 2102 3760 in-

1115 3793 1279 3863 terfectus
1302 3806 1371 3878 est,
1397 3807 1432 3862 et
1452 3793 1610 3884 singulae
1632 3806 1761 3864 aetates
1785 3794 1896 3862 multa
1911 3791 2033 3863 vident
2048 3807 2102 3863 ta·
2179 3869 2184 3880 ,

1114 3897 1160 3962 lia
1181 3896 1349 3984 exempla.

1218 3994 1292 4065 lam
1314 3996 1417 4064 facile
1435 3994 1602 4084 intelligit
1619 3994 1730 4063 lector
1746 4016 1820 4062 non
1837 3993 1984 4074 omnino
2001 3994 2101 4063 rudis

1115 4099 1207 4166 vitae
1228 4097 1448 4181 communis,
1474 4097 1553 4190 quis
1577 4097 1623 4166 sit
1645 4116 1731 4164 usus
1754 4089 1859 4164 huius
1875 4093 1986 4180 libri,
2011 4117 2101 4187 quae
2190 4141 2193 4150 ,

1115 4202 1199 4267 inde
1212 4200 1348 4269 utilitas
1361 4200 1531 4290 capienda
1545 4197 1600 4270 sit.
1646 4191 1897 4265 Confirmanda
1914 4212 1966 4264 est
1982 4219 2102 4264 assen-

1114 4303 1166 4371 sio
1182 4303 1225 4370 de
1240 4301 1464 4392 providentia
1478 4299 1581 4369 dictis
1596 4293 1703 4368 huius
1716 4295 1986 4387 concionatoris,
2013 4321 2102 4390 quae
2123 4387 2130 4398 .

76 4415 194 4483 lirior.
250 4407 387 4478 Passim
409 4430 491 4474 vero
512 4407 637 4474 breves
657 4403 903 4493 responsiones
926 4403 1062 4474 inserit.
1114 4405 1152 4471 in
1175 4399 1333 4472 Ecclesia
1355 4413 1606 4494 proponuntur
1629 4422 1703 4468 non
1725 4394 1882 4468 humana
1905 4395 2102 4483 autoritate,

77 4515 220 4584 Timetn
237 4509 374 4593 Den'm,
400 4521 505 4576 restat
527 4507 624 4576 aliud
640 4505 821 4578 indicium.
870 4501 966 4574 Haec
981 4506 1063 4576 bre·
1114 4508 1174 4575 sed
1191 4504 1377 4577 divinitus.

76 4617 218 4685 sissima
234 4613 326 4684 dicta
341 4625 424 4681 sunt
439 4607 701 4696 responsiones,
726 4630 813 4698 quas
827 4606 927 4674 firma
944 4630 1063 4676 assen-
1216 4605 1357 4675 Deinde
1378 4629 1442 4675 suo
1460 4605 1609 4698 quisque
1626 4603 1704 4673 loco
1722 4601 1862 4676 obediat
1877 4597 1972 4680 Deo,
1999 4614 2033 4669 et
2047 4602 2102 4669 fa-

77 4719 177 4788 sione
202 4730 235 4786 et
257 4716 327 4783 lide
346 4712 510 4802 amplecti
532 4711 598 4780 nos
618 4722 768 4798 oportet.
819 4705 1063 4777 Certissimum
1116 4709 1185 4777 ciat
1213 4709 1335 4777 oiliciax
1357 4707 1572 4788 vocationis,
1606 4728 1712 4798 qnam
1741 4725 1820 4773 cum
1852 4705 1963 4773 multa
1990 4701 2102 4792 impe-

77 4836 127 4892 est
149 4820 246 4889 enim
264 4840 336 4886 esse
351 4837 410 4884 eas
426 4815 562 4883 decreta
581 4812 721 4888 divina,
749 4809 891 4902 quaein
909 4805 1065 4880 Ecclesia
1116 4811 1235 4894 diant,
1265 4822 1383 4880 teneat
1411 4807 1668 4878 consolationes
1698 4827 1787 4897 quae
1812 4799 1870 4873 hic
1896 4825 2102 4894 proponun-
2187 4797 2193 4810 '

76 4947 161 4994 voce
180 4915 459 5011 Prophetarum,
486 4910 617 4988 Christi
641 4925 677 4982 et
692 4909 948 5002 Apostolorum
964 4936 1065 5002 saepe
1117 4925 1192 4996 tur,
1218 4912 1304 4982 sciat
1325 4934 1467 4982 rursum
1484 4909 1523 4978 in
1540 4904 1725 4978 vocatione
1741 4905 1818 4980 Deo
1836 4906 1990 4998 placere,
2017 4904 2103 4974 sciat

77 5035 305 5116 repetuntur,
338 5035 373 5090 et
399 5019 485 5089 tides
509 5029 602 5086 certa
625 5027 658 5085 et
678 5015 802 5084 brevia
825 5013 917 5084 dicta
942 5013 1064 5083 divina
1117 5017 1232 5084 Deum
1249 5026 1421 5084 rectorem
1436 5035 1510 5081 esse
1524 5011 1580 5080 sui
1596 5022 1733 5094 coetus,
1759 5021 1794 5077 et
1808 5007 1898 5102 velle
1914 5005 1985 5098 peti
2002 5006 2102 5075 anxi-

77 5125 225 5218 opponit
239 5121 455 5194 turbulentis
471 5117 746 5208 cogitationibus
760 5116 920 5188 rationis.
970 5113 1066 5190 Haec
1118 5115 1205 5184 lium
1236 5116 1420 5199 divinum,
1452 5127 1487 5184 et
1511 5111 1692 5182 verissime
1715 5133 1816 5202 opem
1838 5108 1931 5178 ferre
1954 5107 2105 5178 lideliter

80 5231 151 5321 ipsa
177 5225 372 5297 certamina
396 5219 547 5292 rationis
572 5217 748 5290 humanae
771 5219 929 5288 imitatur
951 5217 1065 5288 lorma
1117 5217 1354 5288 servientibus
1383 5217 1422 5284 in
1444 5213 1650 5298 vocatione,
1685 5226 1719 5284 et
1743 5211 1887 5280 tandem
1913 5210 2105 5280 collocatu-

79 5331 318 5400 obiectionum
336 5337 370 5394 et
386 5323 656 5413 responsionum
674 5320 711 5389 in
728 5316 796 5389 hoc
811 5318 915 5398 libro.
1089 5347 1093 5395 t
1118 5343 1197 5394 rum
1223 5337 1295 5389 esse
1311 5316 1505 5399 Ecclesiam
1531 5315 1570 5383 in
1595 5315 1692 5386 illam
1716 5325 1893 5386 aeternam
1918 5324 2105 5386 consuetu,-

128 5435 311 5500 blrunru.
329 5431 434 5497 Orsa.
461 5429 547 5497 Vou.
565 5423 660 5496 XIV.
996 5439 999 5456 '
1019 5437 1025 5452 ⁸
1577 5418 1601 5494 7
