4616 5818
58 185 119 258 ns
440 244 442 248 .
590 175 670 254 xrs
721 167 1117 251 muora‘rroturs
1144 143 1522 285 runvsuonnu.
2000 178 2072 252 uc

55 359 147 431 tione.
189 351 342 429 Difficile
367 365 442 424 erat
467 353 612 424 credere
634 345 732 422 hnnc
755 369 829 419 esse
846 343 1029 431 Messium,
1083 351 1275 438 decausis,
1307 374 1381 420 non
1401 363 1551 441 temere,
1583 371 1658 420 non
1682 348 1812 422 frustra
1835 362 1970 423 tantam
1993 377 2071 425 rem

57 473 164 530 netum
179 480 221 528 cx
238 456 449 548 paupercula
467 455 635 535 muliere,
669 452 834 542 utigitur
856 444 924 520 hoe
952 471 1029 518 cre-
1082 477 1101 520 a
1119 452 1193 524 Deo
1212 456 1386 523 decretam
1399 475 1492 542 esse,
1515 466 1556 523 ut
1570 441 1684 522 lilius
1697 453 1864 526 indueret
1877 450 2069 528 humanam

59 563 199 644 deretur,
228 573 386 649 pastores
400 557 658 628 confirmantur
670 578 709 626 re
726 551 914 636 inusitata,
940 573 1027 621 con·
1083 568 1262 626 naturam:
1288 556 1394 646 longe
1410 577 1517 647 supra
1533 567 1759 645 conspectum
1784 556 1945 626 omnium
1970 581 2070 630 crea.

59 676 161 753 spectu
177 661 407 751 angelorum,
431 662 549 730 sedut
566 647 809 749 agnoscant'et
825 653 1029 724 discernant
1081 672 1243 728 turarum
1271 657 1383 750 posita
1410 669 1461 726 est
1494 679 1678 726 causarum
1714 659 1945 746 magnitudo,
1985 674 2069 731 sunt

58 765 213 832 infantem
231 787 251 831 a
267 762 432 842 caeteris,
457 762 639 831 adduntur
653 756 951 829 circumstantiae.
1082 761 1178 828 enim
1195 783 1336 845 causae,
1364 782 1444 829 vera
1462 772 1497 828 et
1513 758 1763 828 inenarrabilis
1783 761 1834 830 ira
1851 760 1918 832 Dei
1942 765 2069 832 adver·

144 862 329 936 Caeterum
346 860 404 932 hic
420 863 587 952 allegoria
614 859 867 932 consideretur.
921 854 1028 946 Quod
1081 886 1140 932 sus
1156 878 1360 954 peccatum,
1388 876 1420 931 et
1444 859 1615 929 immensa
1638 861 1881 932 misericordia
1904 885 1983 953 erga
2008 887 2067 955 ge·

59 967 143 1036 iubet
157 966 327 1035 infantem
347 988 516 1059 quaerere
533 965 571 1034 in
588 962 747 1055 praesepi
762 959 963 1030 involutum
975 959 1036 1027 sa«
1083 987 1148 1034 nus
1164 960 1381 1048 humanum,
1409 964 1505 1056 quod
1522 962 1617 1033 Deus
1635 963 1862 1049 condiderat,
1895 979 1938 1037 ut
1960 965 1999 1035 in
2025 967 2068 1036 eo

58 1068 144 1151 sciis,
169 1066 524 1157 significatMessiam
541 1067 783 1160 quaerendum
809 1083 882 1132 esse
907 1060 945 1128 in
972 1059 1030 1129 di·
1080 1067 1326 1138 celebraretur.
1379 1064 1463 1135 ldeo
1480 1078 1594 1136 totum
1610 1065 1726 1157 perire
1741 1067 1871 1138 noluit.

58 1172 112 1239 rtis
126 1163 402 1260 Prophetarum,
435 1169 567 1258 inipso
584 1167 717 1259 populo
734 1163 842 1254 legis,
875 1173 1028 1254 suntque
1181 1168 1303 1258 Quare
1331 1191 1561 1258 agnoscamus
1592 1159 1814 1240 voluntatem
1845 1169 1931 1256 Dei,
1965 1185 1999 1242 et
2032 1172 2066 1240 ei

58 1270 134 1340 dicta
152 1266 409 1362 Prophetarum
425 1270 571 1349 fasciae,
607 1271 736 1362 quibus
760 1264 911 1336 evolutis
935 1264 1028 1356 aspi·
1079 1271 1207 1360 gratias
1233 1295 1396 1361 agamus,
1428 1268 1675 1364 quodFilium
1701 1270 1818 1352 misit,
1853 1286 1886 1342 ct
1909 1272 2001 1345 sicut
2025 1273 2066 1344 in

59 1371 136 1442 titur
149 1386 182 1442 et
197 1373 400 1463 agnoscitur
415 1371 532 1442 Filius
549 1371 626 1443 Del.
678 1367 752 1441 Cur
764 1366 877 1438 credis
895 1363 1027 1435 Filium
1080 1375 1221 1444 Psalmo
1248 1374 1510 1465 scriptumest:
1552 1367 1780 1441 osculamini
1812 1371 1957 1449 Filium,
2011 1372 2065 1447 lta

57 1469 112 1542 Dei
125 1475 282 1544 induisse
297 1469 490 1544 humanam
508 1469 694 1544 naturam?
719 1469 814 1561 Quia
829 1468 944 1538 credis
967 1491 1026 1539 so·
1080 1501 1161 1547 vera
1190 1475 1319 1566 pietate
1351 1497 1430 1546 eum
1459 1474 1731 1564 amplectamur,
1765 1477 1941 1546 discamus
1967 1469 2064 1548 hunc

58 1571 384 1661 lumhucverhum,
416 1577 620 1669 quodeuat
641 1574 679 1641 in
694 1568 870 1651 Ecclesia.
906 1589 1024 1638 ²⁸⁸ss
1079 1580 1306 1669 praecipuum
1322 1579 1456 1646 cesluim
1470 1573 1537 1646 Ilei
1557 1598 1641 1658 esse,
1661 1575 1828 1646 invocare
1841 1574 1954 1664 Deum
1972 1578 2065 1649 lidu-

57 1669 120 1746 De⁰
137 1677 328 1759 inditum,
355 1691 389 1748 el
406 1679 446 1746 5¹¹
471 1671 539 1747 hoc
562 1677 671 1746 verb0
688 1671 784 1744 Deus
805 1672 969 1766 Ρῐῡῐῦῐδῐῑ
991 1695 1027 1742 ⁵0
1077 1684 1128 1749 cia
1140 1679 1236 1764 Filii,
1255 1695 1289 1750 et
1304 1693 1500 1751 statuamus
1518 1703 1599 1747 vere
1615 1679 1774 1748 exaudiri
1790 1680 2065 1752 sicinvocantcs.

57 1778 144 1846 talem
159 1777 329 1848 Mettium
345 1781 533 1850 missurum
548 1801 632 1850 θῦσε.
679 1773 1024 1856 Ηᾶθῦΰῠῦὓΐῐΰῦῑὶθ,
1078 1783 1228 1852 Talibus
1245 1781 1420 1852 exercitiis
1439 1781 1515 1852 vult
1529 1779 1627 1852 Deus
1642 1781 1679 1848 iu
1696 1778 1801 1851 nobis
1817 1805 1936 1851 veram
1957 1783 2063 1853 fidem

58 1873 113 1948 hoc
125 1881 363 1951 testimonium
381 1895 455 1952 toto
473 1893 613 1972 pectore
628 1878 821 1951 tenendum
838 1891 906 1960 est,
929 1877 1024 1968 quod
1076 1885 1218 1954 accendi
1226 1935 1239 1970 ‚
1267 1901 1302 1955 et
1328 1880 1411 1954 haec
1435 1884 1520 1952 fides
1545 1896 1597 1952 est
1616 1883 1751 1972 agnitio
1767 1883 1938 1968 Messias,
1972 1907 2063 1977 quae
2143 1897 2146 1906 ’

58 1976 138 2050 Deus
152 1982 356 2052 clarissimis
372 1983 585 2054 testimoniis
600 1979 757 2052 ostendit
777 2001 814 2048 se
836 1977 1024 2046 tradidisse
1076 2001 1126 2056 est
1153 1988 1307 2057 incoacto
1341 1986 1434 2054 vitae
1468 2000 1649 2067 aeternae,
1683 1985 1773 2056 sicut
1800 1986 2062 2077 scriptumest:

60 2075 114 2150 hoc
127 2083 271 2154 verbum
290 2079 488 2175 Prophetis,
507 2080 651 2156 Christo
668 2093 703 2151 et
717 2078 911 2172 Apostolis,
928 2079 1024 2171 quod
1075 2085 1171 2157 Haec
1187 2102 1239 2157 est
1259 2089 1330 2158 vita
1346 2101 1504 2168 aeterna,
1531 2099 1571 2156 ut
1585 2100 1776 2172 agnoscant
1794 2101 1827 2157 ts
1842 2111 1915 2156 esse
1937 2109 2061 2158 verum

60 2198 185 2269 ΜΝ,
218 2199 256 2254 ²¹
277 2185 315 2253 5¹¹
338 2180 406 2256 ιι00
428 2186 537 2256 verbO
562 2188 788 2268 adfirmatur,
821 2181 926 2252 illem
950 2203 1024 2249 ⁰⁸⁵0
1074 2187 1210 2275 Deum,
1237 2202 1271 2259 et
1286 2213 1391 2282 quem
1410 2188 1538 2257 misisti
1557 2183 1672 2257 lesum
1688 2209 1762 2257 esse
1781 2185 1977 2260 Christum.

61 2281 223 2371 Messiam,
254 2287 333 2356 ideo
348 2286 539 2361 assentiris.
702 2361 706 2371 ,

140 2383 276 2458 Omnia
298 2388 406 2478 igitur
427 2385 596 2458 miracula
620 2409 639 2454 a
664 2381 860 2477 principio,
903 2381 1023 2453 omnia
1231 2412 1316 2496 Die
1345 2405 1688 2496 circumcisionis
1717 2405 1897 2494 Domini·

58 2489 131 2560 dicta
155 2484 433 2580 Prophetarum,
466 2501 550 2560 sunt
575 2486 674 2576 signa
697 2503 730 2557 et
753 2485 955 2557 testimonia
979 2487 1023 2554 de
1874 2549 1878 2556 .

59 2583 110 2658 hoc
126 2591 272 2661 Messias
305 2586 371 2660 hae
390 2604 473 2662 sunt
489 2591 572 2660 illae
586 2589 733 2670 fasciae,
767 2587 896 2680 quibus
918 2587 1022 2656 invo-
1353 2572 1588 2662 Evangelluffl
1614 2570 1731 2640 Lucae
1745 2575 1783 2644 2·

58 2691 136 2761 lutus
155 2705 225 2776 est,
262 2687 326 2762 has
345 2694 422 2762 vult
443 2715 510 2762 nos
532 2692 758 2761 considerare
771 2686 890 2773 Deus,
924 2689 1022 2757 dedit
1124 2710 1178 2783 E,
1192 2717 1390 2808 postquam
1411 2704 1656 2776 consummati
1678 2713 1766 2774 sunt
1790 2701 1868 2776 dies
1890 2714 1985 2793 «κιο,
2020 2716 2059 2778 ω

7 2841 8 2850 ι
57 2794 280 2865 testimonium
295 2793 403 2864 verbo
420 2793 550 2878 Moisi,
575 2805 609 2862 et
622 2793 752 2863 deinde
767 2787 1021 2860 aliorumPro-
1176 2803 1487 2883 ,inumcfdmtm
1506 2829 1615 2904 puer,
1659 2814 1823 2876 vocatum
1849 2816 1901 2876 est
1927 2832 2057 2878 nomm

57 2889 238 2984 lhelffilms
268 2895 329 2989 qui
353 2919 476 2966 ΟΜ*
497 2896 643 2965 ‘ludim
665 2893 937 2986 P¹⁰¹¹¹l⁸³l⁰¹¹em
963 2892 1021 2960 ἡ·
1175 2915 1252 2987 cius
1284 2913 1434 3006 lusus,
1460 2902 1561 3008 quod
1583 2917 1746 2979 vocatam
1769 2917 1820 2978 est
1840 2907 1890 2978 ab
1912 2907 2058 3005 angelo,

60 2997 250 3085 petiverunt.
310 2993 433 3067 Esaias
466 2995 601 3091 inquit:
634 2993 810 3066 Paruulus
842 3006 1022 3064 natusest
1170 3009 1389 3119 mimum„
1407 3013 1829 3106 i„„2„000„„p„01„,2

60 3099 218 3171 nobisetc.
274 3093 391 3184 Deus,
416 3111 516 3189 pater
532 3098 623 3168 vitae
639 3112 811 3176 aeternae.
861 3088 1022 3164 Micheas
1072 3143 1075 3150 ·

62 3197 174 3295 inquit:
206 3195 383 3288 Egressus
407 3201 484 3271 eius
506 3212 588 3270 aute
608 3199 750 3269 initium
776 3195 911 3267 mundi.
964 3194 1020 3266 lo·
1068 3257 1083 3286 κ

62 3293 173 3370 harnes
193 3301 330 3395 iuquit:
361 3298 404 3372 ln
427 3299 605 3394 principio
626 3313 700 3370 erat
724 3299 905 3372 verbum.
945 3295 1022 3368 Ad-

63 3401 134 3473 dunt
154 3402 280 3492 etiam,
314 3425 378 3472 cur
398 3406 502 3474 datus
525 3403 590 3488 sit,
616 3414 671 3472 ut:
697 3396 791 3471 Ecce
813 3399 1021 3490 agnusti,

62 3504 110 3593 qui
121 3505 208 3575 tollit
221 3515 362 3595 peccata
377 3505 514 3576 mundi.
559 3501 648 3576 Cum
663 3502 774 3592 igitur
788 3503 1022 3572 nominantur

61 3604 218 3690 fasciolae,
244 3605 375 3674 deduci
392 3629 457 3676 nos
469 3608 515 3678 ad
533 3606 617 3677 talia
633 3605 725 3675 dicta
743 3605 911 3684 sciamus,
937 3603 1019 3696 qui-

61 3703 113 3774 bus
126 3731 200 3776 vere
215 3706 379 3778 involuta
396 3721 449 3779 est
472 3707 602 3778 noticia
619 3705 789 3793 Messiae,
822 3720 855 3776 et
878 3698 945 3774 hac
966 3704 1019 3775 fa·

63 3807 226 3880 seiaesunt
249 3809 371 3900 signa,-
401 3809 533 3895 idest,
562 3807 761 3880 testimonia
789 3806 952 3878 miranda
975 3808 1019 3877 de
1074 3857 1077 3872 .

63 3903 183 3983 Massia.
1082 3899 1098 3935 ”

383 4029 443 4081 Do
477 4031 669 4082 octavo.
1042 3963 1047 4102 l

139 4113 246 4206 Quod
261 4117 379 4211 inquit
394 4115 548 4186 Mariam
564 4111 649 4186 haec
670 4113 790 4185 omnia
815 4115 1018 4185 meminisse

62 4219 283 4290 etrontulisse
302 4221 341 4288 in
365 4221 472 4288 corde
492 4242 575 4302 suo,
614 4231 735 4288 monet
761 4230 870 4289 tutam
894 4214 1016 4288 Eccle-
1544 4293 1553 4312 ,
1823 4285 1832 4302 .

62 4314 147 4404 tiam,
184 4335 225 4391 ut
258 4317 327 4392 hoc
360 4322 518 4390 studium
545 4319 794 4390 considerandi
818 4319 1018 4390 testimonia
1170 4305 1421 4398 l'l¹⁰P⁰¹³m¹¹⁸
1455 4290 1614 4368 ‘limma’
1656 4306 1872 4360 ‘mmmm
1904 4297 2050 4383 impia
2118 4363 2121 4372 ’

61 4414 228 4494 imitemur.
282 4411 479 4493 Audiverat
493 4434 659 4498 materen
675 4422 875 4512 pastoribus
896 4445 1018 4490 nam.
1070 4409 1342 4490 absurditatem,
1376 4401 1473 4494 quod
1499 4393 1745 4513 discurrebant
1768 4387 1902 4482 luperci
1920 4388 2085 4506 pelliti·

63 4517 172 4591 tionem
199 4525 428 4614 angelorum:
460 4516 553 4593 hanc
583 4523 787 4594 conferebat
817 4525 861 4590 ad
885 4535 1018 4592 caetera
1072 4527 1105 4584 et
1121 4514 1219 4584 alias.
1260 4508 1346 4578 Plus
1359 4504 1501 4573 videtur
1515 4497 1741 4579 absurditates
1756 4485 1887 4614 habere
1899 4514 2050 4610 circum-

63 4621 207 4694 miracula
222 4651 313 4719 quac
329 4638 451 4710 norat,
483 4637 516 4696 et
540 4623 726 4696 collatione
749 4623 909 4694 omnium
934 4649 1018 4694 con.
1072 4616 1171 4686 cisio:
1213 4612 1272 4683 sed
1297 4609 1451 4701 primum
1476 4599 1534 4674 hic
1557 4601 1750 4682 discamus,
1781 4620 1820 4666 ru
1844 4615 2051 4663 ceremonus

65 4719 205 4797 firmabat
221 4751 319 4797 suam
337 4727 454 4798 fidem.
506 4723 646 4798 Rursus
664 4739 697 4796 et
714 4719 841 4816 loseph
861 4726 1022 4816 exposuit
1072 4717 1204 4787 divinis
1219 4739 1292 4784 non
1307 4733 1396 4802 opus
1411 4708 1488 4778 sine
1503 4705 1631 4787 verbo,
1662 4702 1721 4818 sed
1741 4721 1814 4821 una
1838 4719 1917 4766 cum
1940 4695 2049 4812 verita

64 4829 241 4908 pastoribus
263 4828 433 4900 miracula
457 4828 525 4897 sibi
548 4841 650 4908 nota,
688 4840 728 4899 ιιι
748 4827 893 4896 illorum
915 4828 1020 4896 fidem
1071 4819 1139 4892 Dei
1152 4814 1450 4887 considerandum
1471 4829 1555 4879 esse.
1605 4797 1753 4882 Ethnrcr
1775 4795 1977 4915 hahuerunt
1998 4819 2050 4864 rr·

65 4927 274 5001 rorrhrmaret.
334 4926 473 5004 Itanos
493 4929 587 4998 alere
608 4928 713 4997 tidem
746 4933 780 5000 et
813 4929 1022 4998 confirmare
1073 4939 1137 5003 tus,
1151 4919 1228 4988 sine
1248 4917 1322 4988 ullo
1337 4915 1446 4985 verho
1462 4909 1548 4990 Ilei,
1571 4921 1606 4978 et
1620 4905 1752 4976 multae
1764 4915 1884 5023 gentes
1897 4921 2050 5019 circum:

12 5101 13 5110 χ
66 5025 210 5100 debemus
225 5030 413 5102 collatione
425 5030 586 5101 omnium
605 5025 730 5100 harum
745 5053 883 5114 rerum,
907 5031 1020 5100 dicto-
1073 5023 1242 5094 cisionem
1265 5019 1489 5090 retinuerunt
1508 5013 1584 5084 sine
1605 5008 1714 5082 verbo
1738 5004 1823 5126 lies,
1837 5015 1892 5124 ‘ut
1913 4994 2051 5086 Colchi,

12 5201 13 5222 ,
68 5146 127 5196 mm
155 5127 442 5224 propheticorum
484 5131 737 5204 miraculorum
772 5146 807 5203 st
838 5132 1022 5218 sactorum,
1074 5122 1260 5218 Aegyptii,
1284 5136 1318 5194 et
1335 5111 1946 5228 nunc'l'urcaeetludaerretment.
1979 5101 2050 5184 Sed

68 5247 137 5316 quae
160 5249 349 5306 narramur
380 5235 418 5302 in
444 5229 652 5324 Evangelio.
710 5231 807 5304 llaec
840 5234 1021 5306 meditatio
1073 5255 1163 5326 opus
1196 5228 1271 5296 sine
1295 5225 1404 5294 verbo
1426 5219 1494 5293 Dei
1520 5211 1612 5290 nihil
1636 5227 1707 5331 est,
1726 5233 1815 5329 ⁸ram
1835 5221 1886 5277 est
1910 5207 2051 5324 resuda-

69 5329 144 5399 utilis
156 5349 204 5406 est
221 5337 306 5427 piis,
330 5359 371 5406 ac
385 5358 523 5427 semper
546 5337 683 5406 accedat
709 5336 833 5410 ultima
857 5336 1021 5428 cogitatio
1073 5345 1190 5404 mnata
1209 5357 1227 5400 a
1244 5329 1330 5400 Deo.
1381 5321 1483 5394 llanc
1498 5319 1653 5410 regulam
1671 5311 1859 5404 deligenter
1883 5330 2055 5384 memme-

108 5435 269 5506 tllrsarrrr.
300 5443 404 5510 Orsa.
432 5441 514 5504 l'oc.
536 5441 630 5507 xlv.
1318 5428 1364 5500 18

1226 3155 1254 3231 l.
1288 3154 1414 3226 Locus.
1465 3146 1619 3220 Collatio
1635 3149 1743 3234 ritus,
1757 3162 1792 3219 et
1806 3147 1908 3218 verbi
1923 3147 2002 3222 Dei.

1225 3255 1273 3332 ll.
1301 3257 1398 3346 Quid
1417 3253 1487 3324 sint
1506 3250 1745 3325 Sacramenta.

1227 3357 1294 3429 lll.
1319 3357 1440 3454 Quare
1454 3354 1499 3424 sit
1516 3353 1675 3423 instituta
1685 3349 1926 3444 Circumclsio,
1942 3367 1975 3425 et
1990 3378 2053 3424 cu-

1273 3463 1329 3532 ius
1348 3455 1508 3528 beneficii
1522 3455 1627 3526 luerit
1644 3455 1782 3544 pignus.

1225 3561 1287 3636 lv.
1314 3560 1412 3652 Quid
1436 3547 1702 3650 significaverit,
1736 3570 1769 3627 et
1784 3565 1900 3650 'quare
1924 3555 1963 3628 iu
1988 3550 2053 3626 hac

1279 3679 1377 3758 parte
1399 3663 1558 3753 corporis
1579 3657 1732 3734 voluerit
1746 3657 1842 3730 Deus
1864 3672 1980 3730 extare
2003 3659 2054 3732 si.

1298 3793 1321 3837 n
1351 3793 1396 3836 m.

1225 3791 1418 3960 l⁷.thare
1436 3862 1600 3938 Christus
1616 3860 1843 3934 circumcisus
1854 3860 1912 3937 sit.

1434 4051 1459 4102 1)
1476 4061 1492 4099 s
1526 4059 1543 4108 p
1561 4043 1602 4095 rt
1619 4055 1646 4094 ru
1663 4054 1689 4097 ο.

1223 4135 1284 4236 De
1298 4157 1494 4236 collatione
1509 4155 1624 4238 ritus,
1649 4159 1681 4220 et
1699 4146 1799 4220 verbi
1808 4144 1897 4233 Dei,
