4620 5814
259 153 332 234 aas
778 151 785 156 ·
854 107 1125 234 rnm'snu.
1149 152 1358 276 scurra
1381 149 1681 234 munuca.
1798 229 1805 244 ,
1952 148 1953 166 ¹
2192 163 2257 244 su

413 325 450 406 6.
499 325 561 403 De‘
575 314 647 402 hue
672 328 821 422 politiae
839 327 1022 417 Iudaicae,
1047 344 1083 403 et
1105 330 1246 423 praedi·
1397 329 1632 424 Respondeo:
1672 328 1851 406 lohannes
1878 335 2076 430 baptizabat
2103 337 2140 408 in
2167 335 2259 412 Chri-

468 431 606 504 catione
621 429 807 522 Evangelii
824 432 954 502 lutura.
1295 445 1387 504 stum
1402 457 1586 524 passurum
1608 449 1644 505 et
1659 451 1958 526 resurrecturum,
1982 439 2142 532 Apostoli
2156 456 2258 532 postes

414 534 448 606 6.
500 531 555 604 De
570 535 690 606 luturo
705 532 837 603 iudicio
854 544 888 603 et
905 533 977 603 vita
993 547 1145 609 aeterna.
1297 534 1475 626 baptizant
1511 537 1550 607 in
1578 534 1761 608 Christum
1792 562 1932 630 passum
1962 554 1998 612 et
2027 547 2258 613 resuscitatum

446 639 453 648 “
1295 631 1341 706 Et
1358 648 1495 708 tantum
1513 632 1599 710 haec
1615 652 1666 708 est
1680 638 1893 716 differentia.
1946 640 2086 731 Quoad
2104 643 2260 728 ellectum,

1295 737 1389 806 idem
1421 751 1472 809 est
1493 739 1709 830 baptismus,
1741 737 1839 810 ldem
1864 765 2008 831 prorsus
2030 742 2259 830 ministerium,

364 840 438 931 Qui
461 841 548 926 sint,
573 839 781 909 discendum
796 851 847 908 est
864 863 905 907 ex
920 839 998 908 aliis
1013 840 1245 911 concionibus
1294 850 1329 908 et
1351 836 1616 911 Sacramentum
1639 837 1754 912 aDeo
1777 843 1999 930 institutum,
2021 847 2115 938 quod
2136 844 2260 938 utrique

261 935 443 1017 Iohannis.
1294 938 1565 1026 administrant,
1594 955 1630 1014 et
1658 942 1853 1035 requiritur
1879 944 1968 1016 fides
1997 944 2037 1014 in
2067 947 2207 1027 adultis,
2233 959 2261 1016 et

362 1042 504 1115 Primus
532 1043 669 1113 lructus
697 1053 749 1111 est
780 1063 933 1111 crescere
960 1042 999 1110 in
1031 1043 1118 1128 lide,
1151 1036 1258 1111 hanc·
1293 1043 1425 1111 dantur
1449 1040 1609 1113 remissio
1633 1057 1875 1134 peccatorum,
1905 1045 2037 1134 gratia,
2069 1058 2104 1115 et
2123 1045 2260 1138 Spiritus

260 1171 362 1239 saepe
376 1145 528 1216 inculcat
537 1138 677 1214 lohan.:
704 1137 1006 1232 EcceagnusDei.
1058 1139 1180 1213 lohsn.
1194 1145 1243 1216 S:
1294 1155 1453 1222 sanctus,
1481 1144 1554 1214 sive
1564 1141 1742 1215 lohannes
1756 1144 1999 1233 administret,
2023 1141 2260 1237 aiveApostoli,

261 1244 393 1320 Omnis
407 1247 468 1341 qui
485 1245 597 1316 credit
611 1245 651 1313 in
665 1265 764 1325 eum,
790 1238 899 1314 habet
915 1245 1023 1316 vitam
1039 1261 1229 1319 aeternam.
1294 1242 1377 1336 quia
1399 1244 1509 1336 impie
1531 1245 1704 1334 cogitant,
1730 1247 1791 1339 qni
1809 1247 2050 1335 imaginantur
2063 1269 2135 1317 esse
2150 1243 2260 1317 huma-

362 1347 545 1422 Secundus
575 1348 727 1430 fructus,
759 1369 867 1436 opera
894 1348 1067 1416 secundae
1088 1347 1243 1432 tabulae,
1294 1339 1375 1412 nam
1392 1346 1645 1431 ceremoniam,
1671 1347 1739 1422 mis
1753 1347 1932 1441 {luhsnttti
1953 1347 2023 1442 stilo
2045 1347 2100 1443 fit
2117 1349 2165 1424 bit
2180 1349 2258 1440 lunge

260 1464 294 1523 et
308 1449 618 1522 communissimus
634 1461 704 1519 est:
730 1442 996 1544 Eleemosynae.
1048 1446 1122 1537 Qui
1137 1443 1243 1521 habet
1293 1447 1368 1521 neit
1383 1445 1584 1540 usgefougtss
1602 1447 1676 1542 hob.

255 1557 349 1626 duas
364 1551 518 1631 tunicas,
543 1550 603 1619 det
619 1573 693 1618 non
711 1542 869 1622 habenti.
1395 1546 1467 1618 Sed
1497 1549 1603 1618 etiam
1627 1544 1798 1623 Iohannis
1825 1551 2022 1644 baptismus
2045 1565 2097 1622 est
2118 1571 2195 1618 vere
2215 1547 2260 1615 in-

360 1653 451 1724 Eeee
473 1652 595 1732 docet,
622 1649 686 1743 qui
707 1649 857 1720 debeant
882 1650 983 1734 dare,
1009 1661 1043 1718 et
1065 1649 1242 1741 qualibus,
1292 1671 1378 1737 gens
1397 1672 1486 1740 opus
1500 1650 1589 1734 Dei,
1614 1651 1838 1738 institutum,
1863 1667 1903 1724 ut
1923 1653 2096 1743 significet
2113 1649 2193 1722 Filii
2206 1645 2262 1718 Dei

259 1759 355 1829 iuxta
376 1753 534 1844 regulam
549 1749 670 1822 Pauli:
694 1748 777 1822 Non
798 1763 838 1822 ut
860 1751 907 1822 sit
926 1750 1029 1820 vobis
1048 1750 1243 1835 tribulatio,
1293 1764 1454 1837 mortem,
1480 1764 1515 1822 et
1530 1751 1798 1844 promissionem
1813 1754 2033 1826 remissionis
2047 1765 2261 1848 peccatorum.

258 1859 339 1931 aliis
355 1853 513 1928 cessatio.
1564 1875 1571 1884 ·

360 1955 457 2030 Dent
480 1950 538 2040 hi,
570 1953 632 2047 qui
657 1949 790 2024 habent
813 1966 849 2024 et
871 1966 1020 2044 possunt
1041 1953 1177 2044 aliquid
1199 1954 1242 2022 dc
1594 2017 1597 2024 .
1705 1929 1871 2014 Quaem&

260 2085 324 2134 suo
346 2057 488 2148 largiri,
520 2057 626 2126 detur
643 2078 725 2126 vere
749 2055 952 2145 egentibus,
978 2055 1040 2149 qni
1063 2077 1137 2123 non
1160 2076 1242 2146 pos-
1304 2075 1306 2080 ’
1395 2047 1516 2140 Quare
1531 2046 1825 2144 igiturlohannes
1841 2054 1943 2126 dicit:
1969 2049 2047 2146 Ego
2062 2045 2197 2144 baptizo
2211 2065 2261 2114 vos

260 2175 343 2236 sunt
363 2161 525 2231 laborare
547 2169 581 2228 et
603 2169 685 2228 sunt
706 2152 863 2243 honesti,
888 2153 1076 2228 Salomon:
1103 2155 1159 2226 Ne
1181 2158 1243 2226 des
1292 2151 1408 2244 aqua?
1463 2149 1698 2247 Respondco:
1736 2152 1918 2228 Discernit
1944 2177 2072 2228 omnes
2101 2149 2262 2222 ministros

383 709 517 778 Facite
540 699 696 800 fructus
721 703 858 804 dipnos
880 709 1131 796 poeniteatis.

132 2299 136 2307 ¹
260 2263 395 2337 crudeli
412 2259 646 2332 substantiam
663 2270 772 2332 tuam.
1293 2250 1473 2329 aMessia.

260 2423 375 2493 Duce
394 2418 586 2490 conciones
605 2432 671 2504 pso
688 2409 977 2506 magistratibus
995 2421 1034 2484 et
1048 2409 1241 2484 militibus.
1514 2425 1580 2495 De
1607 2423 1839 2519 baptismo
1865 2425 2062 2502 Christi.

361 2549 410 2622 Ili
421 2559 615 2643 quaerunt,
641 2543 739 2634 Quid
749 2544 940 2614 iaciemus?
964 2547 1045 2638 quia
1057 2543 1241 2617 suntEth-
1396 2555 1502 2628 Sexto
1525 2557 1583 2628 die
1599 2557 1757 2630 Ianuarii
1774 2562 1970 2648 baptizatus
1988 2576 2042 2633 ess
2057 2573 2117 2632 aut
2131 2553 2262 2635 circiter,

261 2653 354 2740 nici,
384 2665 419 2722 et
441 2649 626 2734 dubitant,
656 2671 703 2716 an
724 2668 863 2718 necesse
884 2646 930 2716 sit
953 2648 1169 2719 ceremonias
1190 2649 1244 2717 fa-
1294 2651 1507 2753 ἐπιφάνεια,
1535 2659 1662 2754 idest,
1687 2662 1862 2757 apparitio
1884 2661 1972 2750 Dei,
1998 2662 2097 2758 quod
2116 2660 2164 2730 ibi
2182 2655 2262 2726 Deus

261 2780 350 2830 cere.
407 2749 614 2846 Respondet
635 2744 833 2834 lohannes,
865 2772 940 2817 non
963 2763 1126 2841 oportere
1148 2774 1243 2820 cere·
1294 2781 1330 2828 se
1347 2759 1595 2833 manifestavit,

112 2859 115 2866 ’
260 2857 399 2930 monias
425 2877 583 2944 servare,
617 2851 677 2921 sed
705 2851 820 2922 lacere
849 2872 955 2938 opera
982 2851 1177 2924 vocationis
1204 2852 1243 2922 in
1396 2853 1570 2956 Quatuor
1582 2873 1666 2931 sunt
1680 2860 1718 2930 in
1734 2856 1801 2932 bac
1815 2858 1963 2937 historia
1980 2865 2147 2956 insignia.

260 2962 330 3032 fide
344 2953 515 3052 praecipit
529 2954 578 3025 eis
592 2952 735 3047 quando
750 2951 914 3043 baptizat.
1012 3021 1015 3026 A
1346 2960 1380 3034 1.
1433 2961 1594 3034 Primum
1625 2963 1821 3053 baptismus
1843 2961 1998 3056 Christi,
2033 2967 2151 3058 Quare
2171 2952 2260 3032 Chri·

360 3058 466 3132 Nunc
479 3055 578 3125 addit
592 3053 790 3124 doctrinam
807 3055 851 3123 de
861 3053 1028 3140 operibus
1036 3055 1244 3127 vocationis.
1295 3075 1368 3134 stus
1386 3065 1538 3135 voluerii
1553 3064 1734 3155 bapfimf·

363 3155 485 3252 Opera
506 3153 780 3245 Magistratuum
800 3168 836 3225 et
854 3152 1035 3242 Militum,
1069 3153 1244 3244 Quaesto-
1345 3169 1382 3238 2,
1435 3163 1618 3237 Confessio
1637 3160 1819 3241 iohannis,

261 3288 360 3347 rum,
385 3257 732 3338 Iurisconsultorum,
759 3253 935 3342 Indicum,
961 3270 1044 3329 sunt
1059 3258 1125 3329 ista
1143 3282 1244 3349 prae-
1344 3268 1381 3336 8.
1432 3267 1692 3338 Testimonium
1709 3265 1795 3351 Dei,
1822 3269 1884 3359 qui
1906 3292 1944 3340 ω
1960 3269 2014 3341 ibi
2031 3265 2197 3340 illustrius
2211 3281 2260 3352 pa·

172 3455 181 3462 ι
263 3368 381 3458 cipue:
407 3359 489 3433 Non
504 3359 731 3439 calumniari,
758 3383 831 3428 non
847 3373 1051 3441 concutere,
1078 3361 1245 3451 nonplus
1293 3369 1428 3454 scierit,
1456 3393 1561 3462 quam
1576 3393 1725 3460 usquam
1741 3368 1840 3442 alibi.
2000 3373 2004 3382 '

261 3469 414 3557 exigere,
439 3464 499 3533 sed
521 3485 594 3532 esse
610 3473 812 3533 contentum
829 3461 1018 3551 stipendio.
1069 3457 1118 3532 Et
1133 3463 1172 3531 in
1189 3456 1245 3531 his
1346 3469 1382 3540 4,
1434 3469 1582 3562 Apinio
1600 3469 1705 3555 coeli,
1728 3465 1922 3546 Exaudirio
1939 3465 2021 3547 Dei,

112 3582 124 3603 ⁰
262 3569 377 3641 tribus
400 3563 568 3633 membris
590 3563 792 3632 continetur
815 3585 951 3632 summa
973 3564 1166 3654 corporalis
1188 3587 1244 3632 re-

229 3732 234 3744 .
262 3667 406 3760 giminis
427 3666 466 3734 in
487 3664 592 3734 rebus
614 3662 876 3752 corporalibus,
901 3665 1033 3736 scilicet
1055 3667 1246 3736 mandatur
1691 3653 1737 3704 ⁰⁶
1770 3652 1891 3716 prtno.

261 3769 398 3845 iusticia
415 3767 452 3835 in
468 3761 525 3834 his
540 3763 653 3834 tribus
670 3763 789 3831 rebus:
1275 3773 1288 3788 ·
1570 3755 1683 3836 Quare
1703 3753 1804 3822 uoluit
1826 3753 2010 3839 baptizari.
2280 3826 2284 3834 Ι

364 3863 854 3958 dsfiobbseiettepootedytlo
872 3867 1145 3960 haruspiscum,
1172 3865 1247 3941 llltit
1399 3877 1435 3947 1.
1488 3874 1621 3958 Causa,
1656 3876 1750 3966 Quia
1780 3877 1896 3947 votuit
1927 3879 2011 3946 dare
2044 3871 2261 3947 “aimonium

264 3973 394 4068 tiiioob
409 3967 554 4064 fotibus
569 3964 978 4061 [heioosbetecgites'oo
996 3969 1053 4064 sid)
1069 3971 1212 4062 bringeri.
1297 3979 1473 4070 baptismo
1496 3974 1685 4060 lobannis,
1720 3981 1815 4070 quod
1848 3977 1950 4046 ittum
1973 3980 2198 4070 approbares,
2226 3987 2261 4034 nc

364 4085 396 4147 2.
450 4072 524 4150 dliii
550 4069 743 4164 offtttssldm
761 4072 880 4165 genuit
902 4070 1030 4164 itmttttb
1054 4072 1247 4166 belthtblgttt
1297 4080 1558 4150 existimaretur
1578 4080 1710 4147 sentire
1731 4103 1811 4148 cum
1835 4074 2013 4148 Pharisais
2035 4093 2070 4149 et
2083 4068 2263 4149 Sacerdoti-

265 4180 340 4274 ΟΜ
355 4181 459 4252 0⁰¹>ssss
474 4176 661 4268 “bllllssllb
1296 4185 1382 4262 bus,
1409 4181 1472 4273 qui
1496 4181 1724 4250 damnabant.
1778 4177 1872 4268 Quia
1896 4182 2040 4273 quando
2057 4178 2151 4250 Deus
2173 4167 2264 4244 mittit

366 4288 397 4353 3.
449 4279 517 4353 uie
537 4276 766 4368 llintttthttuttt
793 4297 833 4369 gu
862 4272 936 4369 hod)
965 4274 1155 4369 belthtottett
1186 4278 1248 4350 suit
1296 4284 1464 4366 verbum,
1491 4281 1622 4370 singuli
1636 4283 1768 4352 debent
1785 4282 1968 4350 ostendere
1984 4279 2180 4352 testimonia
2194 4288 2261 4342 suae

265 4381 439 4474 ussitipea
459 4380 669 4475 [hasungen.
1102 4381 1104 4386 '
1297 4382 1539 4456 consessionis.
1799 4463 1801 4468 Ι

366 4483 448 4556 &inb
461 4483 540 4572 tisis
553 4480 692 4571 iltstigt
707 4477 900 4569 Scironis,
927 4480 1023 4571 [cies
1042 4481 1102 4554 uile
1118 4480 1248 4569 ilicum
1398 4489 1435 4556 2.
1486 4481 1582 4572 Quia
1605 4483 1719 4553 voluit
1738 4467 1940 4567 ostendere,
1967 4478 2036 4552 boc
2054 4477 2125 4552 asae
2140 4473 2262 4546 initium

266 4595 337 4673 teo,
364 4587 553 4678 ttnptteot,
580 4580 713 4675 enidius
728 4585 785 4654 tlt.
808 4582 874 4654 tuol
896 4583 1039 4668 metim,
1064 4587 1145 4656 bttttt
1162 4579 1248 4654 diost
1298 4585 1384 4656 novi
1395 4583 1631 4664 Testamenti,
1656 4597 1690 4653 et
1706 4584 1820 4654 voluit
1833 4587 2019 4655 ostendere
2033 4607 2070 4654 se
2086 4603 2156 4652 csse
2171 4593 2264 4646 metn-

267 4689 334 4784 ltlll
359 4688 435 4781 lolli)
458 4687 585 4780 ”litidfi
608 4683 692 4776 sithi
713 4681 920 4776 tugesstuffi,
952 4683 1132 4778 Quicquid
1155 4684 1248 4752 ludl—
1300 4690 1404 4758 hrum
1422 4681 1530 4756 huius
1547 4709 1658 4754 novae
1674 4681 1864 4754 Ecclesiae,

266 4791 448 4875 caventis,
473 4790 512 4858 in
528 4809 590 4856 vos
606 4785 832 4856 redundabit.
866 4872 875 4886 .
1399 4792 1435 4862 S.
1487 4786 1621 4868 Causa,
1647 4783 1767 4874 Quare
1787 4785 2003 4876 baptizatur,
2030 4809 2110 4856 cum
2132 4803 2199 4850 non
2216 4776 2263 4842 in·

376 4965 384 4982 .
595 4961 603 4977 .
864 4961 872 4976 .
1098 4957 1106 4974 ,
1170 4959 1178 4975 ,
1298 4888 1416 4980 digest
1432 4888 1639 4959 remissione
1656 4887 1903 4977 peccatorum?
1953 4885 2058 4967 ldeo,
2081 4884 2158 4978 quia
2176 4887 2264 4951 testa·

324 4955 636 5056 mmmm
663 4953 900 5029 ¹⁰h⁰m⁸²⁸
926 4964 970 5026 ‘t
995 4953 1189 5028 ‘mmm'
1298 5007 1358 5064 tur
1377 5015 1413 5062 se
1436 5012 1577 5084 quoque
1599 4988 1771 5080 baptizari
1794 4987 1832 5058 in
1855 5001 2025 5072 mortem,
2051 5001 2086 5058 et
2107 4981 2193 5054 mori
2209 4995 2262 5066 pro

548 5067 618 5156 ¹39⁰
640 5066 772 5154 ballum
795 5088 850 5134 ”⁰⁸
871 5089 967 5157 “iu“-
1298 5094 1449 5186 peccatis
1474 5091 1620 5174 nostris,
1643 5090 1734 5163 sicut
1754 5103 1876 5160 noster
1889 5090 2100 5181 baptismum
2116 5097 2165 5154 cst
2180 5073 2262 5150 testi·

369 5197 438 5268 llic
467 5209 642 5296 quaerunt
665 5197 778 5280 docti,
809 5219 900 5288 quae
920 5195 1029 5266 luerit
1050 5193 1249 5266 differentia
1299 5195 1482 5277 monium,
1514 5193 1610 5285 qnod
1639 5191 1678 5260 in
1707 5206 1859 5261 mortem
1890 5186 2023 5264 Christi
2054 5187 2262 5281 baptizemur,

268 5299 434 5394 baptismi
452 5297 621 5372 lobannis
637 5311 670 5369 et
687 5297 953 5390 Apostolorum.
1300 5310 1339 5367 ut
1356 5308 1534 5388 peccatum
1552 5295 1590 5364 in
1607 5291 1712 5365 nobis
1727 5293 1900 5369 deleatur.
