4714 5826
262 129 313 205 ss

816 79 822 86 ’
861 67 987 192 enm
1014 115 1133 196 uni.
1158 117 1369 196 scanne
1397 107 1698 200 amorrius.
1744 97 1752 118 ‘
1828 171 1831 174 -

249 269 328 370 'cui
344 295 471 370 titulus
488 305 540 362 est
554 257 799 373 Ecclesiastes,
826 313 900 362 csse
914 292 1134 377 doctrinam,
1153 294 1257 363 vide·
1282 305 1286 390 t

2243 130 2302 202 96

1414 293 1515 366 Talis
1538 319 1617 368 cum
1637 297 1683 369 sit
1698 297 1879 380 confusio,
1905 301 2085 392 quomodo
2103 299 2216 370 videri
2230 323 2302 390 po-

268 402 369 484 liret,
401 393 707 466 Asseverationem
732 393 776 463 de
799 393 1033 484 providentia.
1069 391 1071 396 ’
1091 389 1258 466 Affirmat
1281 391 1285 498 l
1308 408 1376 466 test
1394 397 1467 486 regi
1484 398 1592 468 vitae
1608 399 1693 470 Deo.
1746 397 1853 471 Extat
1868 396 1953 470 baec
1967 401 2110 494 querela
2126 403 2163 471 in
2181 402 2303 494 pluri-

269 523 344 574 esse
371 497 488 568 Deum
517 495 731 588 sapientem,
764 519 943 579 veracem,
979 496 1133 582 iustum,
1161 496 1258 567 iudi·
1306 521 1448 568 morum
1471 499 1630 592 scriptis,
1656 516 1697 572 ut
1717 515 1841 572 notum
1864 517 1925 574 est.
1976 498 2027 574 Et
2041 527 2145 572 nemo
2161 517 2214 575 est
2228 499 2303 574 ho-

270 625 368 686 cem,
394 599 574 669 liberrime
597 609 778 686 agentem,
804 598 992 668 colendum
1010 599 1105 669 iuxta
1123 597 1257 668 doctri-

268 727 353 775 nam
384 704 431 772 ab
459 701 536 791 ipso
566 700 750 782 traditam,
790 722 864 768 non
894 699 1013 784 aliter,
1048 701 1255 790 punientem

717 812 750 868 et
774 800 1036 871 misericordem
1058 825 1098 871 ac
1113 825 1257 872 servan·

269 816 534 878 contemnentes
554 800 690 891 ipsum,

268 923 341 980 tem
364 929 442 989 eos,
468 903 531 997 qui
552 903 667 993 ipsum
691 899 860 973 invocent
882 917 916 974 et
939 903 972 972 ei
997 903 1142 975 obedire
1165 905 1257 972 incr-

266 1011 383 1102 piunt.
450 1001 515 1074 Est
542 1004 651 1093 igitur
673 1002 902 1094 praecipuum
927 1027 1026 1096 opus·
1041 1001 1150 1076 buius
1170 1005 1256 1075 libri

270 1101 519 1208 δογματικὸν,
546 1103 730 1188 videlicet,
757 1099 980 1176 Asseveratio
998 1107 1044 1175 de
1061 1107 1257 1198 providen·
1330 1155 1334 1164 ,

241 1268 246 1274 .
268 1212 317 1282 tia
333 1223 456 1306 contra
467 1202 678 1298 Epicureas,
704 1202 943 1302 Pyrrhonias,
970 1206 1107 1278 Stoicas
1122 1223 1156 1280 et
1170 1203 1257 1278 alias
1309 1259 1317 1276 .

269 1311 516 1402 cogitationes,
564 1329 654 1400 quae
691 1307 906 1379 labefactant
942 1309 1179 1381 assensionem
1212 1311 1256 1378 de
1309 1359 1318 1378 .

268 1412 505 1507 providentia.
611 1490 614 1508 .

202 1601 207 1606 ,
372 1529 535 1621 Suntque
556 1549 735 1619 expressae
756 1528 1029 1598 asseverationes
1050 1529 1089 1597 in
1103 1523 1160 1597 bis
1176 1519 1263 1598 ver?

269 1632 326 1703 bis
350 1631 465 1722 capite
494 1628 632 1698 ultimo.
693 1626 828 1699 Cuncta
858 1654 947 1721 quae
976 1643 1078 1714 sunt,
1108 1631 1258 1699 adducet

176 1713 182 1730 ’
268 1732 366 1811 Deus
388 1733 426 1801 in
445 1730 636 1815 iudicium,
663 1725 798 1800 Omnia
814 1731 1020 1800 abscundita
1039 1732 1257 1801 iudicaturus

269 1845 339 1920 est,
367 1847 401 1904 et
421 1834 516 1903 bona
539 1845 573 1901 et
589 1832 691 1902 mala.
748 1828 836 1902 Item
855 1855 930 1920 cap.
948 1833 1021 1903 11.:
1049 1833 1145 1904 Scito
1162 1833 1256 1925 quod

268 1960 335 2029 pro
363 1934 533 2005 omnibus
561 1925 618 2001 bis
647 1934 796 2002 adducet
828 1946 862 2003 te
884 1934 983 2003 Deus
1007 1933 1045 2001 in
1073 1931 1256 2004 iudicium.

269 2035 318 2109 Et
333 2061 407 2128 cap.
422 2035 473 2105 5.:
501 2033 637 2108 lustum
653 2049 687 2105 et
702 2033 852 2123 impium
871 2035 1042 2105 iudicabit
1055 2032 1162 2105 Deus.
1216 2033 1259 2103 ln

268 2137 326 2212 his
348 2137 466 2206 verbis
487 2148 520 2204 et
543 2135 722 2205 similibus
743 2135 830 2206 scito
847 2137 1078 2228 principalem
1097 2137 1257 2229 proposi·

267 2242 403 2314 tionem
420 2238 528 2309 totius
543 2237 723 2307 concionis
739 2237 877 2306 recitari
896 2249 929 2308 et
945 2239 1068 2329 repeti.

372 2369 476 2440 Hanc
511 2367 802 2438 asseverationem
832 2369 994 2460 sequitur
1023 2370 1183 2440 doctrina
1214 2372 1259 2438 de

269 2473 482 2548 obedientia.
532 2466 624 2540 Cum
638 2466 736 2539 Deus
759 2470 896 2540 dederit
919 2469 1031 2558 legem
1055 2486 1089 2542 ct
1111 2470 1258 2538 addide-

269 2579 318 2649 rit
332 2571 640 2655 comminationes,
665 2570 801 2658 ingenti
817 2570 1058 2640 misericordia
1074 2571 1180 2640 etiam
1196 2597 1258 2640 vo·

269 2703 345 2750 cem
359 2672 544 2764 Evangelii
567 2675 612 2741 de
635 2672 944 2758 reconciliatione,
971 2688 1004 2743 et
1025 2673 1259 2764 amplissimas

146 2839 148 2848 .
271 2776 525 2874 promissiones
539 2775 703 2858 ediderit,
729 2787 763 2843 et
778 2789 873 2844 certo
891 2772 1015 2864 puniat
1029 2789 1259 2844 contemnen-

269 2896 323 2952 tes
345 2882 482 2972 ipsum,
508 2877 654 2966 recipiat
675 2898 758 2944 vero
777 2887 810 2946 et
826 2890 939 2946 servet
958 2877 1198 2964 confugientes
1214 2877 1258 2943 ad

271 2981 404 3054 Filium
421 2977 677 3059 Mediatorem,
702 2999 843 3045 necesse
864 2991 915 3046 est
940 2979 970 3046 ei
996 2979 1140 3048 obedire
1162 2978 1258 3047 iuxta

272 3109 372 3155 suam
395 3080 616 3163 doctrinam,
641 3077 687 3146 sit
710 3075 748 3144 in
772 3078 939 3149 cordibus
955 3078 1083 3149 Timor
1097 3092 1259 3149 metuens

242 3257 245 3264 ,
271 3187 348 3257 eius
371 3182 564 3268 iudicium,
589 3180 636 3250 sit
654 3178 741 3249 lides
758 3180 981 3272 acquiescens
996 3182 1032 3248 in
1049 3179 1260 3264 Mediatore,

271 3300 307 3357 et
326 3297 483 3357 statuens
506 3295 538 3350 te
558 3279 686 3372 recipi,
712 3278 889 3378 exaudiri,
914 3283 1049 3363 iuvari,
1072 3283 1208 3376 protegi
1225 3298 1260 3353 et

269 3387 422 3471 servari,
459 3397 493 3454 et
524 3384 708 3454 frenentur
733 3381 894 3453 membra
924 3409 970 3453 ne
1001 3400 1107 3456 ruant
1136 3399 1259 3455 contra

270 3491 436 3560 mandata
453 3483 534 3556 Dei.

375 3603 426 3675 lta
451 3603 611 3674 doctrina
634 3605 845 3673 transfertur
868 3607 910 3673 ad
931 3629 1055 3690 usum,
1080 3630 1159 3675 cum
1174 3605 1260 3675 obe-

272 3708 405 3782 dientia
435 3706 595 3799 sequitur
622 3703 859 3774 assensionem
883 3709 926 3773 de
949 3707 1191 3797 providentia,
1226 3720 1266 3775 et·

272 3815 312 3881 in
334 3810 395 3879 illa
417 3805 620 3879 obedientia
643 3806 750 3876 corda
774 3819 1017 3877 sustentantur
1037 3807 1158 3876 divina
1174 3831 1259 3877 con-

231 3967 234 3972 ·
272 3913 463 3994 solatione,
496 3921 529 3978 et
556 3907 756 3978 liberantur
778 3931 797 3975 a
820 3921 934 3978 morte
956 3923 1114 3992 aeterna,
1149 3923 1183 3978 et
1203 3909 1260 3976 in-

273 4031 397 4086 coatur
425 4009 583 4081 coelestis
610 4010 702 4094 vita,
736 4033 843 4102 quam
864 4009 1027 4081 ultimam
1051 4025 1180 4080 metam
1203 4011 1260 4079 in-

274 4117 365 4188 tueri
380 4136 446 4183 nos
461 4115 598 4182 necesse
612 4124 678 4181 cst.-

293 4311 297 4318 .
374 4247 442 4321 Sed
480 4247 732 4317 asseverationi
762 4247 808 4315 de
835 4247 1058 4344 providentia
1093 4248 1261 4318 videntur

247 4419 256 4435 ,
274 4351 452 4424 adversari
474 4350 605 4420 multae
630 4347 855 4417 confusiones
876 4347 915 4423 in
936 4350 1018 4420 vita.
1071 4347 1188 4420 Iustus
1203 4348 1260 4418 iu-

275 4458 435 4524 dexcum
461 4463 591 4541 potest,
624 4448 783 4518 defendit
804 4449 932 4534 iustos,
966 4466 1001 4521 et
1021 4451 1186 4542 reprimit
1206 4451 1259 4520 sa-

274 4570 393 4627 cturos
413 4553 572 4635 iniusta,
614 4563 649 4620 et
676 4573 735 4619 eos
767 4551 828 4642 qui
859 4552 1105 4641 deliquerunt,
1145 4555 1260 4645 punit.

276 4654 323 4729 At
344 4657 382 4724 in
407 4675 533 4744 genere
555 4649 711 4722 humano
735 4651 933 4745 plerunque
954 4654 1037 4724 iusti
1061 4655 1175 4724 iacent
1196 4678 1261 4745 op-

275 4759 386 4851 pressi
408 4756 544 4846 magnis
565 4753 754 4826 aerumnis.
807 4753 923 4842 Quam
948 4755 1058 4828 multa
1075 4756 1187 4840 millia
1204 4755 1260 4824 in-

275 4874 465 4932 nocentum
506 4856 704 4939 inlautum,
754 4853 965 4944 Virginurn,
1016 4869 1259 4928 matronarum

275 4963 435 5053 quotidie
457 4960 493 5028 in
517 4956 633 5040 bellis,
667 4955 859 5041 incendiis,
894 4973 928 5029 et
949 4958 1028 5029 aliis
1050 4960 1260 5030 calamitati·
1330 5009 1335 5022 .

274 5067 341 5136 bus
370 5074 529 5152 pereunt.
589 5055 725 5128 lnterea
754 5059 912 5129 scelerati
943 5085 1016 5130 non
1045 5055 1161 5131 solum
1186 5085 1260 5131 non

262 5165 535 5254 reprimuntur,
558 5162 615 5232 sed
640 5159 746 5231 etiarn
768 5159 896 5231 florent
914 5177 949 5233 et
966 5157 1097 5234 babent
1112 5162 1259 5256 imperia

274 5283 309 5339 et
324 5289 419 5358 opes.

1307 599 1464 691 minum,
1491 601 1553 694 qui
1569 623 1643 673 non
1658 597 1724 672 hac
1740 605 1981 694 disputatione
1997 605 2225 679 excrucietur.

1408 733 1591 808 Praeterea
1609 736 1777 808 videntur
1791 731 1955 807 homines
1972 738 2057 808 boni
2072 753 2107 809 et
2121 739 2206 809 mali
2220 740 2302 809 lur-

1306 836 1407 906 tuitis
1429 838 1568 908 casibus
1586 841 1721 929 perire,
1748 841 1838 910 sicut
1855 843 2110 913 conculcantur
2125 841 2242 912 violae
2258 839 2301 909 in

1306 951 1421 1110 perra,
1446 952 1513 1009 aut.
1530 940 1627 1011 venti
1650 941 1756 1012 liores
1778 956 1812 1012 et
1836 965 1940 1034 poma
1964 943 2150 1014 decutiunt
2171 944 2215 1012 ab
2237 966 2301 1012 ar·

1332 1041 1465 1114 oribus.

1392 1156 1521 1250 'Saepe
1542 1159 1648 1230 etiam
1673 1162 1870 1252 sapientum
1895 1178 1928 1232 et
1951 1163 2126 1234 iustorum
2149 1177 2301 1234 conatus

1307 1257 1399 1328 irriti
1424 1274 1523 1346 sunt,
1555 1276 1588 1333 et
1611 1261 1760 1332 vincunt
1780 1264 1877 1332 mali.
1928 1259 2016 1336 Erat
2037 1289 2119 1334 vera
2139 1263 2300 1336 Ecclesia

1306 1384 1345 1429 m
1371 1363 1515 1460 ‘populo
1535 1361 1766 1448 ludaeorum,
1797 1388 1877 1434 cum
1902 1363 2185 1457 Nabogdonosor
2213 1368 2302 1438 fecit

1308 1463 1504 1532 vastitatem
1538 1465 1577 1532 in
1606 1478 1678 1535 tota
1704 1464 1831 1536 iudaea
1861 1468 1987 1537 deletis
2011 1466 2239 1562 lerosolymis
2265 1484 2302 1542 et

1309 1563 1387 1632 aliis
1422 1565 1585 1636 urbibus.
1659 1564 1737 1635 Hoc
1766 1569 2004 1658 spectaculum
2036 1583 2122 1640 tunc
2152 1593 2301 1664 qnoque

1309 1667 1441 1736 multos
1465 1668 1595 1748 movit,
1629 1682 1668 1739 nt
1697 1669 1938 1742 existimarent
1959 1693 2036 1740 eam
2058 1683 2197 1762 gentem
2222 1688 2300 1742 non

1309 1789 1382 1836 esse
1399 1791 1503 1837 curae
1517 1770 1608 1839 Deo.
1965 1791 1966 1796 ’

1411 1881 1489 1955 Etsi
1506 1899 1621 1956 autern
1635 1887 1746 1956 multa
1762 1901 1845 1958 sunt
1860 1889 2064 1960 testimonia
2078 1894 2301 1981 praesentiae

1308 1983 1377 2055 Dei
1395 1987 1434 2054 in
1454 2000 1599 2070 natura,
1627 2001 1661 2057 et
1677 1989 1718 2056 in
1733 1990 2001 2060 conservatione
2016 1993 2154 2082 generis
2169 1989 2299 2065 huma-

1309 2088 1368 2172 ni,
1394 2103 1436 2158 ut
1457 2090 1546 2156 ordo
1570 2101 1732 2159 motuum
1754 2089 1978 2178 coelestium,
2004 2095 2157 2164 noticiae
2181 2111 2300 2168 certae

1309 2189 1349 2258 in
1371 2203 1508 2273 ruente,
1544 2192 1764 2260 conservatio
1787 2193 2003 2281 specierum,
2037 2217 2171 2285 poenae
2192 2219 2301 2288 regu-

1309 2291 1401 2360 lares
1417 2291 1590 2361 atrocium
1608 2293 1798 2376 scelerum,
1825 2308 1944 2364 tamen
1959 2291 2127 2387 Epicurei
2144 2297 2300 2370 difficul-

1311 2405 1364 2462 ter
1394 2393 1542 2461 relutari
1571 2407 1738 2482 possunt,
1770 2419 1851 2464 curn
1882 2410 2003 2467 eontra
2034 2399 2299 2487 providentiam

1310 2488 1395 2562 baec
1411 2493 1606 2584 spectacula
1624 2495 1874 2567 confusionum
1892 2498 2075 2588 colligunt.

1411 2626 1481 2698 Sed
1496 2626 1667 2699 Salomon
1683 2625 1743 2700 hic
1757 2633 1907 2722 opponit
1920 2636 2166 2725 responsiones
2180 2639 2301 2712 firmas

1310 2742 1343 2799 et
1362 2751 1481 2814 veras,
1509 2755 1599 2823 quac
1619 2754 1694 2800 non
1711 2747 1906 2804 nascuntur
1919 2735 1957 2804 in
1975 2730 2131 2808 humana
2145 2743 2301 2827 ratione,

1308 2832 1371 2928 sed
1401 2846 1486 2902 sunt
1514 2855 1582 2900 vox
1607 2831 1676 2902 Dei
1708 2835 2081 2908 deventuroiudicio
2105 2838 2302 2932 posthanc

1310 2934 1432 3006 vitam.
1483 2926 1537 3001 Ac
1553 2933 1708 3025 primum
1725 2935 1793 3020 ait,
1820 2937 1857 3004 in
1875 2932 1941 3006 hac
1958 2937 2029 3009 vita
2047 2966 2189 3035 quoque
2206 2948 2303 3016 niul-

1310 3048 1427 3106 torum
1450 3033 1579 3130 scelera
1603 3036 1743 3126 puniri,
1776 3051 1816 3107 ut
1839 3061 1910 3130 cap.
1927 3042 1963 3112 8.
1987 3041 2091 3112 dicit:
2123 3042 2204 3114 Nun
2229 3050 2301 3117 sal-

1310 3135 1407 3206 vabit
1422 3135 1585 3226 impietas
1598 3137 1761 3227 impium,
1786 3163 1856 3208 nec
1872 3139 1938 3210 erit
1954 3140 1984 3210 ei
2002 3143 2119 3214 evasio
2136 3146 2174 3214 in
2190 3147 2300 3218 bello.

1411 3269 1550 3340 Deinde
1586 3272 1715 3340 latetur
1747 3273 2004 3366 aliquantisper
2035 3277 2172 3350 differri
2205 3283 2303 3354 iudi-

1311 3371 1424 3457 cium,
1458 3385 1492 3440 et
1516 3372 1677 3464 queritur
1701 3368 1766 3440 bac
1791 3377 1953 3466 quamvis
1975 3378 2074 3448 brevi
2101 3367 2218 3470 mora,
2249 3400 2301 3456 ta·

1312 3497 1395 3542 men
1418 3474 1620 3542 confirmari
1643 3474 1825 3543 audaciam
1845 3478 2106 3550 sceleratorum.
2152 3473 2229 3554 'sed
2249 3500 2301 3556 ta-

1311 3599 1393 3644 men
1430 3575 1580 3665 opponit
1617 3576 1872 3652 aeternitatem.
1946 3576 2044 3650 Haec
2080 3585 2152 3654 vita
2182 3587 2301 3657 brevis

1313 3677 1437 3746 umbra
1467 3689 1528 3747 est.
1580 3671 1653 3744 Nec
1680 3701 1814 3768 poenae
1842 3679 1883 3747 in
1912 3676 1979 3751 bac
2007 3683 2079 3753 vita
2109 3685 2301 3758 diuturnae

1312 3793 1413 3863 sunt,
1442 3801 1505 3846 nec
1520 3775 1669 3847 laeticia.
1693 3827 1695 3830 -
1723 3777 1793 3849 Sed
1807 3793 1947 3851 aeterna
1962 3783 2054 3853 bona
2070 3799 2103 3856 et
2117 3787 2208 3858 mala
2225 3815 2301 3859 non

1311 3894 1394 3949 sunt
1422 3880 1561 3968 fugaces
1586 3879 1745 3954 umbrae.
1812 3877 1916 3952 Hanc
1936 3887 2178 3960 aeternitatem
2201 3893 2302 3962 iubet

1311 4004 1435 4050 omnes
1458 3978 1610 4064 intueri,
1642 3993 1676 4050 et
1700 4005 1840 4067 cavere,
1875 4009 1921 4054 ne
1942 3987 2104 4060 incidant
2126 3993 2163 4060 in
2188 4005 2301 4062 aeter-

1311 4107 1393 4151 nam
1412 4080 1480 4151 Dei
1501 4081 1609 4165 iram,
1635 4094 1671 4153 et
1692 4075 1891 4154 horrendos
1913 4088 2088 4159 'cruciatus
2115 4118 2299 4187 nunquam

1311 4184 1506 4264 desituros,
1529 4195 1568 4252 et
1583 4195 1719 4275 petere,
1745 4197 1779 4255 et
1794 4201 1974 4278 expectare
1992 4203 2133 4262 aeterua
2150 4196 2257 4271 bona.

1413 4315 1456 4385 ln
1469 4312 1535 4386 hac
1549 4319 1782 4407 responsione
1794 4322 1880 4390 fides
1894 4323 1931 4391 in
1944 4328 2122 4398 conversis
2132 4333 2176 4400 ad
2185 4328 2300 4402 Deum

1312 4419 1521 4512 acquiescit,
1547 4419 1636 4508 fugit
1660 4435 1836 4511 aeternam
1853 4421 1923 4494 Ilei
1946 4426 2054 4522 iram,
2076 4433 2171 4521 vpetit
2192 4448 2225 4502 et
2242 4459 2301 4504 ex-

1313 4525 1427 4613 pectat
1449 4534 1627 4591 aeternam
1652 4523 1818 4606 salutem,
1844 4524 1995 4618 ideoque
2019 4527 2094 4601 Deo
2117 4535 2300 4626 obtempe-

1313 4637 1382 4706 rat,
1409 4636 1442 4692 et
1464 4635 1635 4693 sustentat
1658 4647 1694 4692 se
1716 4624 1896 4712 agnitione
1919 4634 2137 4718 praesentiae
2153 4634 2240 4720 Dei,
2267 4650 2300 4704 et

1225 4749 1230 4754 ’
1312 4724 1434 4794 auxilii
1455 4722 1570 4793 divini
1588 4725 1625 4790 in
1645 4727 1888 4812 praesentibus
1903 4733 2094 4804 aerumnis.
2146 4735 2219 4807 Scit
2237 4761 2299 4808 an-

1311 4842 1381 4896 tem
1408 4823 1512 4894 etiam
1528 4822 1705 4910 Ecclesia,
1727 4840 1841 4920 'quare
1865 4830 1903 4900 in
1926 4825 1991 4900 bar
2008 4834 2079 4906 vita
2097 4851 2240 4909 onerata
2256 4838 2301 4906 sit

1312 4940 1409 4999 tanta
1425 4925 1518 4996 mole
1534 4925 1770 5002 miseriarum.
1886 5009 1889 5014 ¹

1413 5057 1491 5132 Etsi
1521 5057 1631 5148 igitur
1653 5055 1831 5152 Epicurus
1861 5064 1993 5136 rideret
2018 5067 2221 5145 Salomonis
2244 5099 2299 5144 re-

1312 5163 1561 5254 sponsionem,
1588 5176 1705 5232 tamen
1729 5163 1785 5254 pia
1809 5167 1909 5237 meir-s
1932 5173 2122 5243 assentitur
2143 5193 2176 5249 et
2190 5179 2299 5248 credit

1312 5261 1389 5336 Deo
1405 5264 1618 5336 asseveranti
1634 5264 1811 5336 defuturo
1832 5267 1975 5344 iudicio.
