4590 5808
72 339 125 388 nos
146 317 181 384 in
202 312 316 386 medio
340 335 538 398 annorum,
570 335 650 382 cum
671 310 849 390 irasceris,
876 305 1035 398 ¹Domine

70 418 232 490 recordare
247 415 509 486 misericordiae
526 426 617 486 tuae.

153 567 228 638 lloc
250 568 358 638 modo
377 590 440 638 vos
463 567 567 638 etiam
593 565 755 661 quotidie
777 564 1032 655 mitigationem
1124 613 1133 628 .

71 695 118 742 seu
136 669 338 741 levationem
366 691 559 762 poenarum
584 668 819 758 praesentium
844 682 877 736 et
894 667 1031 758 impen-

68 773 208 844 dentium
232 784 347 864 petere
365 771 511 842 debetis.
563 766 600 840 0
619 783 759 840 aeterne
777 768 873 840 Deus
890 783 1034 860 propter

68 874 215 944 dilectum
235 875 346 944 lilium
364 887 484 958 tuum,
509 885 544 942 et
559 885 599 943 ut
616 872 812 942 innotescat
829 884 862 939 et
877 871 1031 942 illustre-

66 991 113 1046 tur
131 976 236 1065 gloria
258 990 336 1064 tua,
362 977 546 1046 recordare
562 974 754 1044 immensae
771 972 1032 1048 misericordiae

66 1091 132 1148 tuae
152 1078 189 1146 in
210 1079 262 1147 ira
284 1077 494 1162 iustissima,
522 1099 622 1147 serva
645 1084 710 1145 not
730 1099 809 1146 cum
826 1070 981 1144 Ecclesia
997 1089 1032 1146 et

65 1180 95 1246 in
112 1177 267 1249 Ecclesia
288 1193 366 1271 tua,
402 1202 476 1248 non
505 1178 610 1247 ferias
640 1190 769 1248 terram
798 1171 1029 1262 anathemate,

16 1355 17 1360 ἵ
64 1303 123 1348 non
148 1281 238 1350 sinas
266 1280 344 1350 lieri
368 1279 542 1349 infinitam
569 1278 784 1363 vastitatem,
817 1277 1029 1372 autTurci-

16 1377 17 1462 J
65 1405 126 1449 cam
150 1397 182 1454 et
201 1380 434 1480 Cyclopicam
450 1382 650 1452 barbariem
672 1380 711 1449 in
737 1376 792 1449 bis
814 1381 1029 1470 regionibus,

15 1491 16 1560 ζ
63 1505 143 1552 serva
158 1498 194 1554 tu
208 1484 344 1553 bonum
360 1485 516 1574 regimen
531 1483 728 1572 politicum,
755 1483 942 1552 salutarem
959 1496 1028 1554 sta-

15 1655 16 1662 ,
63 1597 122 1652 tum
143 1581 335 1669 Ecclesiae,
369 1586 533 1675 publicae
561 1583 769 1675 disciplinae
798 1585 1028 1667 sanctitatem,

15 1685 16 1692 '
64 1700 184 1782 protege
214 1687 405 1756 familiolae
436 1700 592 1770 nostras,
625 1687 680 1755 fac
706 1709 762 1754 eas
784 1709 864 1754 vasa
890 1685 1027 1754 miseri-

63 1787 199 1867 cordiae,
226 1790 272 1858 da
289 1790 338 1859 eis
356 1787 507 1872 victum,
531 1810 711 1858 successus
728 1788 766 1856 in
783 1787 906 1857 officiis
923 1811 1027 1857 voca-

15 1927 17 1982 3
63 1887 198 1974 donum,
231 1903 266 1958 et
293 1905 426 1959 caetera
447 1889 541 1960 bona
564 1889 705 1980 corpori
728 1888 938 1969 necessaria,
963 1903 1027 1962 etc.

15 1991 16 2000 ’
63 1985 143 2058 Talis
161 1991 317 2081 precatio
343 2014 415 2060 non
440 2003 490 2059 εει
512 1991 630 2060 ἱιεειιίε
648 2003 681 2060 ει
707 1990 825 2059 irrita:
856 1990 1026 2081 quemad-

14 2161 15 2178 ,
63 2091 184 2160 modum
207 2114 274 2161 nec
288 2089 432 2176 Esaiae,
458 2088 659 2160 Hieremiae
682 2105 716 2161 et
738 2092 888 2160 aliorum
908 2114 1026 2180 preces

14 2225 15 2282 3
62 2189 182 2262 inutiles
203 2205 266 2263 aut
286 2194 406 2263 irritae
421 2194 577 2264 luerunt.
628 2187 705 2262 Etsi
722 2193 818 2260 enim
835 2216 908 2262 non
924 2217 1025 2281 pror-

61 2314 103 2360 sus
125 2295 281 2365 aufertur
307 2310 341 2367 et
364 2295 508 2365 tollitur
524 2317 656 2386 poena,
689 2294 822 2363 lenitur
846 2308 963 2363 tamen
987 2318 1025 2363 ac

14 2425 15 2430 ¹
60 2393 227 2485 mitigatur.

14 2557 16 2590 ι
117 2545 323 2619 .Praeterea
349 2571 489 2617 necesse
513 2562 564 2619 est
586 2546 784 2617 firmissime
805 2541 899 2616 hauc
920 2569 1024 2636 regu·

60 2645 114 2714 lam
133 2661 265 2722 tenere:
292 2645 411 2720 Etiam
435 2673 516 2719 cum
539 2645 724 2742 haeremus
747 2649 786 2717 in
808 2648 930 2738 poenis
947 2673 1026 2718 eor-

61 2750 237 2836 poralibus,
263 2750 421 2841 oppressi
445 2764 718 2844 quantacunque
738 2751 832 2820 mole
848 2750 1024 2821 calamita·
1044 2767 1046 2772 ’

288 139 380 214 xn.
436 107 829 222 aanorarronns
854 134 922 210 nr
949 131 1229 210 conctomss
1261 132 1313 206 ιιι
1344 134 1531 214 avane.
1558 139 1836 221 MATTHAut.

1192 303 1289 378 Haec
1314 306 1431 398 igitur
1461 304 1631 384 hactenus
1657 316 1702 386 de
1736 318 1896 393 iacienda
1928 324 2074 401 invoca·

1087 407 1183 478 tione
1207 431 1269 478 seu
1290 411 1475 501 petitione:
1503 416 1547 484 ad
1572 439 1679 509 quam
1700 440 1783 490 sane
1798 425 1996 498 doctrinam
2014 433 2072 500 in-

1086 509 1331 600 telligendam,
1364 515 1538 609 exercitiis
1564 543 1654 608 opus
1684 535 1746 595 est.
1805 521 1880 598 Aut
1907 532 2002 600 enim
2032 533 2070 603 in

1086 613 1253 698 mrseriis,
1280 616 1464 704 periculis,
1489 619 1776 694 solicitudinibus
1800 641 1834 696 et
1854 632 1945 700 veris
1967 634 2069 705 dolo-

1084 715 1203 798 ribus,
1234 727 1295 785 aut
1325 740 1509 811 nunquam
1535 723 1645 792 disces
1671 748 1735 793 nec
1759 727 1951 818 intelliges,
1981 737 2068 826 quid

1084 817 1129 886 sit
1145 817 1279 908 precari
1295 839 1335 886 ac
1349 823 1477 909 petere.
1534 820 1760 917 Quapropter
1775 832 1837 921 qui
1854 855 1927 902 non
1944 837 2068 906 furiosi

1084 931 1188 1008 sunt,
1230 931 1263 990 et
1294 923 1412 991 ment'e
1444 923 1555 1013 capti,
1598 943 1800 1020 proponant
1830 935 1959 1004 animis
1988 963 2067 1008 cum

1083 1020 1241 1110 publicas
1265 1035 1341 1093 tum
1363 1022 1516 1114 privatas
1537 1029 1776 1114 necessitates,
1801 1047 1906 1128 atque
1923 1029 2068 1110 calami-

1082 1134 1189 1202 tates,
1212 1136 1246 1193 ει
1261 1121 1461 1194 alliciantur
1475 1127 1702 1216 cogitatione,
1727 1157 1810 1203 cura
1825 1159 1864 1205 ac
1878 1157 2067 1233 conspectu

1082 1223 1318 1312 praesentium
1334 1227 1556 1298 miseriarum
1573 1232 1843 1323 multiplicium,
1868 1242 1974 1310 motis
1989 1245 2066 1314 bel-

1081 1325 1143 1407 lis,
1168 1326 1345 1432 distractis
1368 1329 1611 1402 voluntatibus
1635 1321 1837 1406 docentium
1863 1344 2063 1431 perfactio-

1080 1451 1143 1496 nes
1165 1441 1270 1522 atque
1293 1429 1458 1510 dissidia,
1485 1447 1662 1522 grassante
1679 1439 1791 1523 lame,
1814 1441 1968 1538 denique
1982 1457 2065 1537 pre-

1080 1541 1197 1599 mente
1213 1553 1337 1620 magna
1355 1532 1503 1601 aliarum
1517 1559 1712 1626 poenarum
1727 1542 1835 1609 mole:
1863 1559 1897 1614 et
1913 1551 2064 1618 exsusci-

1080 1643 1153 1700 tent
1185 1647 1327 1723 pectora
1357 1634 1401 1702 ad
1429 1658 1546 1704 veram
1580 1653 1614 1708 et
1644 1641 1769 1710 seriam
1793 1642 2065 1738 invocationem,

1079 1744 1183 1824 atque
1204 1735 1341 1805 discant
1364 1728 1431 1805 hoc
1452 1740 1558 1808 modo
1572 1733 1668 1810 hunc
1685 1765 1864 1816 summum
1880 1762 1914 1820 et
1930 1755 2064 1841 praeci-

1079 1857 1188 1924 puum
1204 1835 1273 1906 Dei
1290 1836 1424 1906 cultum
1439 1863 1599 1910 exercere
1616 1867 1654 1911 ac
1671 1859 1855 1933 praestare.

1271 2007 1338 2076 De
1362 2011 1638 2103 pretiorum
1666 2021 1902 2092 actione*

1182 2135 1224 2206 ln
1238 2141 1410 2230 superiori
1428 2143 1597 2214 concione
1611 2147 1695 2234 dixi,
1722 2150 1861 2222 duobus
1876 2160 2062 2244 generibus

1076 2261 1137 2307 seu
1173 2241 1341 2328 gradibus
1371 2243 1481 2314 tribui
1511 2248 1782 2338 appellationem
1812 2254 2061 2348 invocationis,

1076 2341 1292 2412 adorationis
1317 2357 1351 2415 et
1374 2347 1600 2435 precationis:
1637 2375 1783 2446 nempe,
1812 2359 1995 2449 petitioni,
2028 2381 2062 2438 et

1075 2441 1267 2532 gratiarum
1287 2445 1430 2519 actioni.
1480 2445 1536 2518 De
1557 2452 1727 2540 petitione
1744 2458 1887 2548 quidem
1903 2461 1972 2532 iam
1988 2469 2061 2537 dis-

1074 2545 1187 2628 serui,
1219 2547 1263 2614 de
1280 2569 1348 2640 qua
1364 2550 1504 2641 quoties
1518 2555 1651 2622 mentio
1667 2555 1722 2639 lit,
1746 2560 1831 2628 addi
1846 2562 1951 2635 debet
1965 2592 2061 2640 com-

1076 2647 1286 2717 monefactio
1302 2652 1345 2718 de
1359 2651 1551 2738 gratiarum
1566 2655 1713 2727 actione.
1767 2656 1840 2729 lam
1856 2665 1952 2735 scitis
1965 2695 2061 2740 com-

1075 2771 1184 2816 mune
1205 2771 1267 2818 sen
1291 2753 1483 2821 admodum
1505 2756 1648 2845 vulgare
1672 2759 1798 2830 vitium
1822 2787 1896 2834 esse
1913 2767 2061 2859 ingrati-

1994 149 2078 231 ‘742
2169 169 2173 194 ¹

60 2861 134 2936 tum,
158 2866 279 2922 nmen
302 2853 445 2922 interim
471 2876 544 2922 non
563 2853 797 2922 deficiendum
815 2851 1026 2938 esseaDeo,
1074 2849 1246 2920 tudinem.
1299 2848 1366 2936 Ut,
1392 2859 1535 2946 quando
1559 2860 1738 2932 decumbit
1761 2864 1890 2958 aliquis
1914 2895 2060 2962 oppres·

60 2971 108 3020 nec
128 2954 384 3056 desperandum
407 2955 451 3022 de
471 2954 570 3022 finali
584 2977 646 3022 seu
661 2954 787 3024 ultima
803 2953 1025 3037 liberatione,
1074 2972 1133 3019 sus
1155 2951 1300 3032 morbo,
1334 2975 1436 3045 saepe
1459 2957 1489 3026 is
1513 2959 1658 3050 quidem
1681 2985 1721 3032 ac
1743 2967 1909 3038 ardenter
1929 2977 2059 3063 petita

60 3065 241 3124 etaeterna
267 3054 399 3139 salute,
432 3056 522 3128 sicut
539 3052 626 3125 Saul
649 3055 791 3146 praeliis
813 3055 950 3146 aliquot
972 3055 1024 3124 vi·
1074 3049 1149 3120 Deo
1180 3049 1483 3144 recuperationem
1500 3060 1744 3135 valetudinis:
1777 3071 1837 3138 sed
1869 3072 1963 3142 idem
1988 3079 2060 3149 Dei
2123 3055 2128 3064 ¹

59 3164 133 3238 ctus,
158 3157 306 3226 reflante
328 3157 471 3226 fortuna
495 3179 640 3246 prorsus
656 3157 772 3226 delicit
787 3179 806 3225 a
823 3154 918 3239 Deo,
943 3179 1023 3226 sen·
1073 3151 1244 3224 beneficio
1277 3171 1453 3229 recreatus
1484 3185 1525 3230 ex
1554 3163 1653 3253 gravi
1675 3181 1709 3237 et
1729 3171 1900 3243 diuturno
1923 3181 2049 3251 morbo

58 3255 91 3323 tit
110 3278 141 3324 se
162 3259 200 3327 in
225 3271 411 3328 aeternum
435 3257 581 3326 exitium
605 3256 779 3328 abiectum
802 3280 892 3342 esse,
920 3270 1024 3350 atque
1074 3277 1220 3345 prorsus
1232 3257 1457 3331 obliviscitur
1469 3257 1553 3348 Dei,
1579 3267 1651 3336 imo
1667 3267 1766 3358 fingit
1780 3295 1816 3341 se
1831 3237 2061 3355 convaluisse¹

58 3353 94 3424 ita
111 3359 237 3433 amittit
260 3372 295 3430 et
315 3358 458 3442 abiicit,
483 3381 564 3428 cum
586 3359 855 3450 promissionem
878 3361 1023 3448 gratiae,
1073 3357 1309 3451 morbumque
1320 3361 1469 3433 lenitum
1484 3368 1737 3456 autdepulsum
1750 3376 1936 3468 praecipue
1945 3341 2060 3456 alliea-³

58 3467 116 3524 tum
134 3482 229 3552 spem
253 3460 390 3544 finalis,
414 3459 561 3531 ultimae
583 3483 623 3529 ac
645 3457 877 3549 sempiternae
891 3461 1022 3531 libera·
1073 3457 1126 3527 cie
1142 3459 1393 3545 remediorum,
1420 3478 1454 3535 et
1468 3465 1688 3539 medicorum
1704 3475 1855 3561 auxiliis,
1881 3487 2058 3568 autetiam

58 3555 154 3634 tionis.
202 3561 338 3632 Verum
355 3557 473 3631 David
495 3574 619 3632 exutus
639 3584 770 3652 regno,
796 3574 833 3632 et
854 3563 1020 3634 universa
1071 3571 1216 3630 naturae
1228 3562 1356 3634 robore
1368 3565 1578 3640 etfirmitate
1590 3589 1786 3662 superatam
1800 3585 2060 3659 eseevimmor-

56 3657 148 3742 gloria
163 3687 246 3747 sua,
272 3661 375 3733 offer,
389 3659 467 3732 Deo
485 3663 722 3734 obedientiam
741 3686 861 3748 guam,
885 3663 949 3732 ,nii
964 3689 1021 3734 nn.
1071 3661 1122 3745 bi,
1149 3684 1214 3730 nec
1227 3665 1356 3753 cogitat
1371 3668 1633 3742 restitutionem
1649 3677 1863 3762 valetudinis
1876 3697 1911 3755 et
1927 3687 2057 3759 virium
2143 3683 2147 3698 ’
2239 3661 2242 3670 ¹

56 3764 318 3838 conciliationem
342 3765 548 3856 promissam
572 3786 664 3850 esse,
697 3776 732 3837 et
753 3760 845 3834 hanc
868 3765 1021 3856 promis-
1071 3763 1233 3862 corporis
1252 3790 1333 3837 vere
1348 3763 1415 3837 Dei
1434 3771 1569 3842 donum
1590 3789 1623 3843 et
1645 3802 1735 3869 opus
1751 3806 1841 3876 esse,
1868 3786 1941 3856 imo
1956 3812 2057 3883 saepe

57 3861 173 3934 sionem
193 3869 264 3936 fide
286 3865 509 3938 retinendam
532 3888 624 3946 esse,
650 3865 788 3936 etiamsi
810 3878 882 3954 tota
901 3889 1020 3936 rerum
1073 3877 1192 3954 postea
1209 3867 1322 3939 multo
1337 3870 1377 3939 lit
1390 3873 1544 3943 deterior
1556 3900 1595 3945 ac
1613 3880 1836 3966 petulantior.
1888 3885 1966 3957 Hoc
1982 3893 2058 3982 ple-

57 3979 161 4036 uatura
184 3972 438 4050 adversaretur.
479 3963 563 4038 ldeo
586 3991 659 4037 non
675 3967 791 4037 deficit
806 3991 824 4036 a
840 3964 934 4055 Deo,
959 3971 1031 4038 sed·
1072 3967 1192 4060 risque
1212 3969 1380 4041 usitatum
1403 3986 1453 4043 est
1474 3973 1512 4042 in
1531 3975 1695 4065 plurimis
1711 3988 1879 4072 negotiis,
1905 4014 1943 4058 ac
1960 4000 2057 4086 quod

57 4083 210 4156 exspectnt
221 4083 400 4140 antennam
411 4067 561 4138 salutem
572 4082 606 4140 et
617 4068 879 4152 liberationem,
896 4071 1020 4140 etiam-
1071 4069 1332 4161 deplorandum
1349 4088 1418 4158 est,
1444 4097 1565 4146 omnes
1581 4072 1743 4152 bomines
1756 4087 1886 4176 ingrati
1900 4107 1993 4168 sunt.

55 4165 76 4230 si
92 4191 159 4238 non
178 4172 402 4243 reducendus
417 4193 457 4240 ac
473 4171 711 4242 resumendus
728 4170 774 4243 gig
787 4171 826 4238 5„
843 4193 947 4242 ,uum
962 4196 1021 4241 η.
1171 4167 1319 4243 Constat
1346 4188 1462 4244 autem
1489 4191 1524 4246 et
1549 4193 1600 4247 est
1621 4183 1965 4280 manifestissimum,
1999 4223 2055 4268 rc-

55 4285 157 4351 3num·
206 4270 261 4343 D,
275 4267 340 4344 h„
353 4269 453 4340 firma
468 4294 529 4364 spe
541 4271 664 4342 salutis
677 4285 839 4352 aeternae
856 4269 922 4342 lob
937 4273 1021 4344 clul-
1071 4272 1165 4364 quiri
1189 4298 1229 4342 ac
1253 4277 1407 4367 praecipi
1430 4301 1449 4346 a
1473 4277 1552 4349 Deo
1577 4285 1845 4374 gratitudinem,
1873 4318 1951 4363 cum
1975 4325 2055 4392 erga

55 4367 172 4442 einim,
194 4374 281 4444 dicit
298 4373 471 4466 nnp.13.:
503 4368 653 4442 Etiamsi
675 4368 772 4444 Deus
794 4374 931 4444 occidat
951 4399 1019 4456 me,
1070 4375 1205 4464 ipsum,
1239 4388 1314 4444 tum
1342 4401 1421 4467 erga
1451 4376 1628 4453 homines:
1669 4388 1768 4460 cuius
1794 4383 1941 4485 quidem
1971 4397 2056 4475 haec

56 4479 152 4542 nme„
175 4477 323 4569 ,perago
339 4475 377 4545 in
398 4499 497 4560 ,nnn
522 4470 674 4545 honest:
701 4473 782 4550 Scio
799 4477 1026 4554 voluntatem,
1071 4489 1154 4543 ειιιιι
1177 4477 1283 4546 verba
1301 4475 1441 4549 Psalmo
1457 4478 1536 4551 50.:
1566 4483 1704 4570 lnroca,
1718 4515 1773 4559 me
1796 4495 1832 4561 in
1857 4499 1916 4567 die
1940 4503 2055 4574 tribu-

55 4563 107 4639 Dei
134 4599 221 4664 esse,
253 4592 294 4648 ut
320 4577 563 4650 remissionem
593 4588 816 4668 peccatorum
846 4590 880 4648 et
910 4579 1017 4650 vitam
1071 4576 1236 4660 lationis,
1268 4594 1302 4650 et
1331 4579 1478 4671 eripiam
1509 4599 1561 4672 te,
1593 4604 1627 4659 et
1647 4587 1857 4678 glorificabis
1882 4625 1953 4688 me,
1989 4603 2055 4686 hoc

56 4685 227 4763 aeternam,
253 4703 315 4750 seu
328 4673 580 4750 haereditatem
596 4690 758 4748 aeternae
768 4679 900 4763 salutis,
923 4692 1018 4750 certo
1071 4691 1142 4758 est.
1175 4679 1345 4752 llbffllut
1374 4698 1411 4775 ,el
1434 4687 1596 4772 adium-t.
1628 4713 1792 4780 ³8008C0⁵
1817 4726 1930 4770 meam
1954 4730 2056 4795 prae-

58 4778 174 4846 sredam
197 4796 231 4854 et
246 4780 395 4851 firmiter
414 4794 626 4870 exspectem,
652 4781 725 4850 sive
741 4802 796 4849 res
810 4781 848 4847 in
864 4775 930 4849 hac
946 4781 1018 4850 vita
1071 4781 1236 4865 sentiam,
1260 4797 1389 4854 statues
1406 4811 1462 4856 me
1477 4790 1695 4862 exaudivisse
1710 4810 1790 4869 ιιιοε
1804 4805 1953 4891 gemitus
1998 4833 2055 4878 me

58 4873 114 4946 sint
132 4875 321 4967 gemnae,
347 4881 420 4951 nive
442 4886 633 4954 adversae.»
684 4877 768 4951 ldeo
792 4876 885 4951 hanc
906 4895 1018 4952 aeter·
1071 4882 1250 4952 invocanti
1281 4886 1493 4976 opitulatum
1522 4915 1612 4975 esse,
1642 4895 1806 4994 -ideoqno
1838 4929 1921 4974 veru
1953 4857 2053 4981 inotu

59 4995 123 5046 nan
154 4985 429 5084 consolationem
461 4986 530 5056 lide
563 4984 753 5075 amplectar
782 4999 816 5054 et
844 4983 1019 5068 retinebo,
1070 4985 1187 5052 cordis
1209 4981 1299 5054 mihi
1322 4989 1452 5077 gratias
1474 5015 1563 5081 ages.
1616 4994 1779 5072 Affirmat
1800 5007 1882 5075 item
1900 5005 1994 5080 Dens
2015 5015 2054 5083 in

61 5077 173 5151 etiamsi
200 5087 391 5158 amittenda
416 5087 489 5156 nint
515 5085 635 5156 omnia
658 5088 754 5156 bona
778 5086 953 5177 corporis,
985 5099 1020 5158 et
1069 5086 1192 5155 eodem
1224 5084 1389 5177 Psalmo,
1429 5086 1514 5164 haec
1546 5117 1619 5166 esse
1647 5103 1813 5174 sacrificia
1846 5111 2041 5198 spiritualia

60 5174 128 5264 mibi
144 5184 179 5255 in
195 5181 251 5256 his
267 5189 474 5260 morborum
488 5187 702 5260 cruciatibus
716 5213 755 5258 ac
769 5201 917 5280 egestate
932 5211 1018 5258 con·
1069 5181 1135 5256 bos
1157 5210 1231 5258 esse
1246 5193 1452 5286 praecipuos
1467 5197 1601 5283 cultus,
1629 5225 1693 5271 nec
1709 5191 1808 5293 posse
1822 5232 1886 5280 nos
1901 5211 1976 5285 Deo
1990 5172 2055 5287 tri:

59 5280 280 5360 tabescendum
298 5293 353 5364 sit.
1068 5289 1175 5360 buere
1199 5293 1507 5464 quicquan4s⁷aliud
1531 5318 1669 5392 praeter
1689 5301 1753 5376 lros
1766 5331 1922 5384 summos
1939 5311 2053 5389 hono-
