4580 5814
25 227 86 302 m
255 222 334 300 ιιι.
385 215 781 297 xuuorarrouas
807 215 876 293 nr
901 198 1183 293 coacturus
1211 212 1472 293 :unvano
1499 183 1777 297 narratur.
1957 225 2032 300 ace

25 415 53 470 et
73 395 287 480 erudiamur,
311 397 408 488 quod
433 418 572 488 semper
592 396 632 464 in
652 419 697 465 eo
721 407 823 466 coetu
844 419 906 471 seu
928 417 992 486 po-
1017 421 1021 471 t
1043 390 1200 459 missima
1232 391 1434 472 assensione
1463 405 1632 462 statuere:
1671 397 1785 487 quod,
1826 418 2029 490 quanquam

25 502 112 592 pulo,
144 498 205 594 qui
234 499 442 567 nominatur
465 493 641 583 Ecclesia,
670 499 741 568 sint
771 499 843 568 duo
865 520 993 590 genera

24 602 210 673 bominum:
240 601 413 685 alterum,
446 623 594 692 magnae
616 599 857 671 multitudinis
878 596 993 694 hypo-

24 705 192 777 critarum:
225 701 396 786 alterum,
428 701 543 791 exigui
568 703 719 793 agminis
742 725 824 772 vere
845 704 993 773 creden-

23 809 115 890 tium,
153 815 325 898 verosque
360 804 476 874 cultus
513 801 590 876 Deo
630 806 688 896 pie
725 803 993 902 praestantium.

22 909 119 980 Porro
140 903 226 976 haec
246 906 519 1002 dissimilitudo,
542 922 577 979 et
598 901 667 979 hoc
682 907 887 977 scandalum
904 929 994 999 pau-

23 1011 122 1080 citatis
143 1032 224 1079 vere
249 1008 472 1104 credentium
493 1009 641 1100 mirifice
666 1022 821 1094 exercet,
847 1022 993 1080 contur-

24 1116 89 1194 bat,
119 1123 151 1180 et
172 1109 327 1181 offendit
350 1111 573 1201 singulomm
596 1112 754 1197 animos,
782 1125 821 1184 ut
843 1111 993 1182 manife-

24 1230 101 1286 stum
122 1225 172 1284 est
196 1213 235 1281 in
254 1209 410 1283 Ecclesia
433 1208 501 1282 hoc
525 1227 682 1305 tempore
703 1215 897 1304 plurimum
920 1235 993 1282 esse

24 1314 287 1388 tristissimarum
313 1315 583 1402 confusionum,
610 1317 802 1408 plurimum
823 1316 993 1386 dilacera-

24 1419 163 1501 tiouum,
204 1417 455 1503 dissidiorum,
495 1413 711 1501 lactionum,
751 1412 992 1503 schismatum,

25 1545 89 1590 eum
112 1519 173 1588 alii
193 1517 310 1589 videri
332 1519 444 1590 velint
465 1518 653 1610 Papistici,
678 1519 741 1590 alii
767 1520 934 1590 simulent
957 1541 994 1588 se

24 1622 169 1714 amplecti
201 1616 398 1712 Sphingem
430 1617 693 1711 Augustalium,
734 1623 835 1692 cuius
868 1621 994 1693 titulus

25 1738 65 1794 est
85 1717 256 1808 Interim,
289 1723 351 1791 alii
377 1738 611 1795 numerentur
634 1725 729 1794 inter
750 1719 993 1813 Evangelicos‚

24 1826 75 1896 alii
97 1825 247 1916 probent
267 1825 503 1895 fanaticorum
520 1824 833 1917 Anabaptistarum
850 1825 992 1895 deliria:

24 1928 159 1998 breviter
175 1922 258 2024 '(ne
288 1927 391 2018 plura
412 1948 549 2026 genera
580 1943 752 2000 sectarum
782 1941 888 2028 atque
912 1949 997 2018 par-.

25 2031 96 2100 tium
115 2028 362 2100 distractarum
384 2025 607 2122 enumerem)
623 2023 681 2111 hi,
709 2052 798 2123 quos
812 2030 920 2099 modo
937 2028 994 2097 di-'

25 2131 66 2215 ri,
94 2155 212 2202 omnes
242 2131 472 2223 quantumvis
501 2131 656 2221 graviter
684 2132 778 2201 iuter
801 2153 838 2199 se
862 2132 905 2199 de
927 2131 994 2199 do-

27 2233 118 2302 ctrina
140 2231 406 2311 dissentientes,
433 2246 554 2303 tamen
573 2247 741 2322 arrogant
762 2231 833 2304 sibi
848 2231 994 2303 titulum

28 2332 179 2404 Ecclesiae
194 2347 231 2406 et
250 2335 373 2426 populi
391 2331 471 2407 Dei.

107 2449 206 2523 Hanc
225 2451 483 2544 deplorandam
502 2451 844 2537 dissimilitudinem,
870 2463 903 2520 et
919 2473 993 2520 sae·

28 2576 88 2620 vam
108 2555 396 2626 dilacerationem
417 2549 528 2625 huius
551 2555 730 2644 corporis,
754 2556 851 2646 quod
875 2554 993 2621 nomi-

29 2673 113 2726 natur
124 2653 301 2742 Ecclesia,
327 2679 407 2726 cum
431 2651 596 2727 homines
615 2658 820 2737 intuentur,
847 2653 994 2748 plurimi

30 2770 101 2826 certe
110 2751 332 2830 horribiliter
346 2757 589 2843 offenduntur,
612 2761 771 2852 adeoque
780 2759 993 2848 perturban-

29 2870 86 2942 tur,
108 2876 145 2932 ut
164 2861 336 2934 fluctibns
355 2861 619 2932 dubitationum
641 2862 799 2952 oppressi
814 2871 994 2952 nequeant

31 2960 200 3034 diiudicare
222 2986 288 3032 seu
312 2975 482 3048 statuere,
507 2963 678 3056 adquam
696 2958 822 3034 harum
839 2961 993 3054 partium

31 3060 86 3129 sive
93 3079 261 3138 sectarum
272 3065 466 3155 adiungere
476 3086 512 3134 se
522 3065 687 3149 debeant,
704 3088 767 3135 seu
778 3065 872 3158 quod
885 3085 994 3154 genus

30 3163 184 3238 doetrinae
200 3166 357 3238 debeant
370 3166 549 3258 amplecti.
587 3164 713 3263 Multi
726 3189 870 3258 prorsus
884 3191 902 3234 a
916 3163 994 3238 Deo

31 3266 190 3362 deliciunt,
225 3284 432 3362 propterea,
467 3270 563 3362 quod
593 3269 767 3358 cogitant,
798 3289 920 3338 omnes
949 3267 993 3335 de

7 3417 8 3420 ,
31 3367 175 3456 religione
190 3370 453 3442 controversias
468 3371 600 3462 pariter
615 3371 777 3454 incertas,
800 3370 995 3457 ambiguas,

31 3471 205 3564 perplexas,
247 3485 282 3544 et
312 3471 572 3544 inextricabiles
600 3493 693 3558 esse,
724 3467 884 3564 proinde
904 3471 995 3540 liunt

31 3567 188 3662 insigniter
212 3574 379 3668 profani,
404 3574 522 3660 efferi,
547 3573 732 3668 Cyclopici
756 3586 994 3646 contemtores

30 3664 96 3754 Ilei,
119 3689 150 3747 et
165 3678 280 3768 palam
299 3672 491 3769 Epicurei,
516 3699 579 3747 seu
592 3669 716 3748 Athei·

111 3810 228 3900 Quid?
255 3814 351 3904 quod
376 3809 555 3882 Pontificii
569 3833 644 3882 seu
668 3807 834 3905 Papistae
856 3805 994 3880 accomss

31 3912 152 3984 modant
173 3915 245 3984 sibi
270 3913 475 4002 plausibiles
498 3925 533 3984 et
556 3913 731 4003 gloriosos
751 3913 874 3984 titulos
889 3925 994 4006 atque

32 4017 226 4096 praetextus?
259 4014 419 4086 iactitant
445 4039 483 4087 se
508 4028 629 4086 tenere
655 4016 873 4085 ordinariam
895 4029 994 4107 pote-

32 4124 130 4185 statem
152 4119 189 4186 in
210 4117 431 4194 successione
448 4118 616 4190 contiuua
636 4139 698 4187 seu
716 4129 884 4208 perpetua
900 4117 995 4187 mul-

14 4221 125 4294 zlomm
145 4221 365 4303 seculorum,
396 4231 575 4290 ostentant
599 4219 873 4308 concinnitatem
897 4242 993 4288 cere-

15 4319 221 4408 tnoniarum,
253 4320 518 4392 distinctionem
549 4323 723 4410 aeduum
754 4335 788 4391 et
813 4343 992 4390 sacrorum

16 4413 192 4508 'ordinum,
224 4423 384 4514 pulcram
415 4423 568 4516 denique
597 4422 747 4514 speciem
776 4423 994 4515 spectaculo·

18 4537 112 4616 ,turm
142 4525 457 4616 supplicationum,
488 4547 551 4594 seu
573 4548 785 4617 pomparum
809 4524 994 4614 religiosa-

18 4623 20 4636 l

18 4639 20 4646 ι

18 4649 20 4665 Ι

19 4637 109 4763 lmm’
132 4641 163 4698 et
177 4627 328 4698 aliarum
346 4627 642 4699 constitutionum
657 4626 982 4698 ecclesiasticarum.

20 4769 22 4840 ζ
63 4821 68 4826 ,
114 4757 157 4828 At
178 4759 433 4850 Anabaptistae
464 4761 577 4831 multo
605 4759 766 4829 inflatius
788 4761 994 4851 praedicant

21 4851 263 4936 ,enthusiasmos
287 4873 321 4932 et
341 4861 484 4933 'afflatus
501 4862 659 4947 divinos,
685 4863 900 4954 capiuntque
914 4863 993 4930 ani-

22 4973 95 5026 uos
112 4957 291 5034 bominum
311 4965 514 5056 prodigiosa
540 4965 767 5037 simulatione
788 4965 994 5051 sanctitatis,

23 5045 217 5156 ,humilitatis
233 5079 266 5136 et
284 5067 481 5158 patientiae.

53 5185 59 5204 ¹
114 5178 176 5252 llic
204 5208 341 5255 necesse
372 5200 422 5255 est
453 5187 546 5255 veris
576 5187 816 5258 fundamentis
838 5187 992 5269 innixos,

38 5273 122 5350 mltos
145 5299 175 5356 et
196 5301 404 5358 sustentatos
428 5288 588 5377 piorum,
621 5313 682 5360 seu
704 5286 992 5362 'Christianorum

41 5379 149 5489 animos
164 5401 278 5460 tenere
296 5385 387 5464 banc
402 5391 539 5460 firmam
557 5393 856 5480 consolationem,
883 5405 916 5466 et
931 5393 992 5462 fir-

1017 481 1021 526 *
1044 494 1177 563 multae
1195 493 1464 564 dilacerationes
1479 496 1588 564 factae
1603 509 1705 581 sunt,
1726 511 1761 567 et
1776 521 1871 568 nunc
1888 523 2030 593 quoque
2057 593 2060 598 Ι

1029 595 1201 694 ¹dissidiis
1217 598 1441 682 docentium,
1466 597 1620 688 populus
1636 597 1675 666 in
1689 599 1845 670 diversas
1860 603 2031 672 factiones

1045 695 1275 785 distrahitur,
1300 713 1419 769 tamen
1434 695 1531 769 Deus
1554 701 1592 768 in
1614 713 1710 778 tauta
1728 703 1936 774 confusione
1951 705 2031 796 opi-

1044 800 1215 886 nionum,
1247 825 1287 870 ac
1312 801 1518 888 turbatione
1547 801 1596 894 pii
1619 825 1830 892 consensus,
1862 819 2031 898 perpetuo

1044 895 1113 972 sibi
1134 903 1277 993 colligat
1297 917 1331 972 et
1354 917 1468 973 servet
1492 903 1531 972 in
1554 927 1680 994 genere
1703 901 1859 977 humano
1875 908 2033 1001 aliquam

1044 1027 1162 1076 veram
1181 1017 1215 1074 et
1230 1018 1408 1076 aeternam
1426 1001 1632 1081 Ecclesiam.
1684 1005 1873 1102 Propterea
1893 1033 2034 1081 necesse

1045 1122 1114 1190 est,
1139 1101 1361 1192 Christianos
1378 1107 1643 1200 circumspicere
1657 1132 1697 1180 ac
1713 1112 1821 1197 scire,
1846 1131 2032 1205 quaenam,

1044 1209 1179 1301 qualis,
1205 1222 1239 1279 et
1261 1209 1323 1280 ubi
1343 1210 1390 1279 sit
1404 1205 1590 1295 Ecclesia,
1607 1211 1645 1280 iu
1667 1236 1738 1304 quo
1758 1228 1878 1298 coetu,
1904 1214 1942 1283 in
1961 1237 2033 1306 qua

1044 1311 1231 1401 societate,
1260 1312 1447 1398 colligatur
1468 1325 1608 1384 aeterna
1631 1309 1828 1388 haereditas
1849 1315 1924 1385 filio
1946 1315 2032 1400 Dei,

1045 1412 1083 1482 in
1107 1437 1177 1505 quo
1200 1436 1348 1506 corpore
1370 1414 1442 1485 sint
1462 1437 1545 1483 vera
1568 1429 1604 1486 et
1628 1415 1708 1487 viva
1723 1417 1882 1488 membra
1896 1413 2033 1490 Christi

1045 1529 1076 1584 et
1094 1511 1291 1600 Ecclesiae,
1316 1515 1501 1601 videlicet,
1527 1516 1565 1584 in
1587 1541 1628 1587 eo
1653 1534 1772 1605 coetu,
1798 1543 1859 1590 seu
1886 1543 2033 1612 corpore

1045 1617 1290 1711 (quantumvis
1311 1617 1472 1710 squalido
1497 1630 1533 1690 et
1553 1617 1686 1715 lacero)
1704 1621 1743 1689 in
1760 1647 1831 1716 quo
1847 1638 1949 1695 sonat
1963 1645 2033 1692 vox
2103 1695 2106 1700 Δ

1045 1742 1148 1789 verae
1165 1720 1346 1790 doctrinae
1365 1719 1589 1811 incorrupta,
1615 1745 1682 1792 nee
1696 1724 1937 1795 defenduntur
1951 1748 2033 1815 per-

1045 1821 1209 1892 tinaciter
1224 1821 1333 1908 idola,
1358 1835 1542 1894 stercores
1558 1837 1755 1914 pugnantes
1771 1849 1852 1897 cum
1868 1849 1952 1896 voce
1967 1826 2033 1894 filii

1044 1921 1131 2010 Dei,
1158 1925 1456 2016 quemadmodum
1482 1922 1671 1996 Dominus
1688 1927 1857 2016 affirmat,
1882 1921 2034 2001 lohann.

1049 2024 1123 2098 10.:
1151 2020 1249 2095 Oves
1269 2049 1368 2096 meae
1389 2049 1510 2096 vocem
1533 2049 1648 2097 meam
1665 2029 1837 2115 audiunt,
1861 2044 1928 2104 etc.
1980 2027 2035 2102 Ac

1045 2127 1122 2197 sine
1138 2127 1214 2198 ulla
1232 2126 1455 2199 dubitatione
1469 2142 1709 2218 persecutores
1727 2155 1832 2202 verae
1848 2131 2033 2203 doctrinae

1046 2243 1150 2324 atque
1166 2229 1367 2310 defensores
1385 2227 1580 2310 idolorum,
1606 2234 1835 2324 quantumvis
1848 2234 2034 2305 venditent

1046 2355 1082 2402 se
1113 2330 1297 2424 plausibili
1317 2345 1352 2402 et
1375 2331 1469 2401 bella
1494 2332 1609 2423 specie
1633 2335 1863 2407 successionis
1886 2336 2034 2406 ordina-

1045 2433 1130 2516 riae,
1153 2434 1367 2523 elegautium
1384 2435 1676 2521 ceremoniarum,
1702 2437 1940 2509 distinctionis
1953 2461 2033 2529 gra-

1046 2539 1157 2606 duum
1188 2550 1222 2608 et
1243 2534 1511 2620 exercitiorum,
1544 2539 1773 2630 quantumvis
1793 2541 1897 2611 etiam
1921 2539 2034 2609 simu-

1045 2640 1120 2708 lent
1143 2639 1307 2730 pietatem
1332 2637 1486 2728 gestibus
1508 2641 1680 2721 externis,
1712 2643 1946 2714 clamitantes:
1973 2638 2035 2712 Ab

1044 2740 1199 2810 Domine
1221 2738 1339 2821 Deus,
1380 2736 1579 2812 oDomine
1602 2739 1778 2830 Domine,
1818 2759 1882 2819 etc.
1915 2757 2033 2814 tamen

1046 2865 1267 2936 nequaquam
1294 2855 1377 2914 sunt
1399 2843 1558 2916 membra
1583 2845 1709 2939 populi
1725 2842 1793 2918 Ilei
1809 2861 1843 2918 et
1858 2847 1951 2918 cives
1965 2845 2062 2918 Ec„

1045 2943 1170 3014 clasiae
1185 2937 1331 3014 Christi.

1148 3044 1389 3135 Quamobrem
1402 3073 1466 3119 nec
1477 3048 1649 3139 elegantia
1660 3049 1951 3138 ceremoniarum,
1969 3075 2034 3123 nee

1045 3147 1217 3219 autoritas
1239 3149 1309 3219 loci
1328 3151 1521 3232 ordinarii,
1548 3174 1614 3222 uec
1627 3152 1797 3246 splendor
1810 3177 2034 3247 pomparum,

1045 3251 1346 3342 spectaculorum,
1377 3253 1694 3349 supplicationum,
1719 3279 1932 3350 quemqnam
1948 3281 2035 3327 con-

1044 3353 1165 3424 turbet
1185 3366 1247 3423 aut
1266 3367 1424 3440 moveat,
1449 3367 1490 3424 ut
1511 3356 1721 3426 adversariis
1742 3358 1819 3448 piae
1840 3361 2036 3445 doctrinae,

1046 3454 1273 3546 pertinaciter
1300 3455 1398 3526 idola
1430 3455 1632 3541 tuentibus,
1662 3458 1719 3526 vel
1743 3461 1956 3533 assentiatur
1977 3461 2035 3531 vel

1046 3556 1249 3650 applaudat.
1299 3555 1372 3628 Sed
1401 3557 1533 3648 singuli
1564 3581 1683 3628 veram
1706 3559 1924 3660 doctrinam,
1958 3564 2035 3634 sine

1045 3657 1255 3748 corruptelis
1290 3660 1462 3750 amplexi,
1499 3657 1653 3731 fideliter
1690 3674 1796 3757 atque
1833 3680 2035 3738 constanter

1045 3761 1267 3845 custodiant,
1298 3761 1553 3848 confiteantur,
1584 3776 1618 3833 et
1641 3772 1791 3859 utraque
1813 3789 1940 3854 mauu,
1972 3791 2035 3840 seu

1044 3862 1165 3956 potius
1182 3875 1258 3933 toto
1273 3877 1433 3954 pectore,
1458 3863 1645 3936 retineant.

1147 3961 1334 4035 Caeterum
1359 3989 1435 4036 non
1451 3965 1596 4054 exiguus
1612 3977 1664 4036 est
1680 3990 1850 4040 numerus
1865 3965 2035 4064 hypocri-

1045 4079 1161 4137 tarum
1177 4067 1283 4138 etiam
1298 4067 1337 4135 in
1355 4068 1487 4138 nostris
1501 4062 1688 4158 Ecclesiis,
1716 4068 1755 4138 in
1771 4070 1902 4162 quibus
1914 4086 2034 4144 tamen

1044 4166 1113 4241 Dei
1138 4169 1307 4239 beneficio
1327 4193 1393 4239 vox
1408 4167 1592 4257 Evangelii
1608 4184 1709 4240 sonat
1724 4169 1946 4263 incorrupta:
1973 4179 2035 4247 sed

1045 4283 1170 4341 notum
1185 4271 1232 4341 sit
1246 4271 1448 4345 discrimen.
1501 4270 1643 4361 Singuli
1659 4272 1766 4358 enim,
1784 4299 1936 4367 quorum
1955 4301 2035 4347 cor-

1045 4374 1090 4442 da
1114 4373 1272 4443 sentiunt
1293 4396 1395 4443 veros
1417 4396 1566 4465 pavores
1589 4397 1630 4443 ac
1650 4377 1809 4462 dolores,
1841 4380 1958 4468 agnita
1981 4380 2035 4451 ira

1044 4471 1113 4544 Dei
1128 4475 1297 4544 adversus
1315 4489 1513 4564 peccatum,
1541 4490 1573 4546 et
1587 4500 1710 4548 rursus
1724 4479 1926 4568 eriguntur,
1948 4506 2035 4552 con·

1045 4589 1215 4670 septaque
1235 4576 1477 4648 consolatione
1500 4578 1700 4650 liberantur
1720 4605 1760 4650 ex
1776 4583 1962 4655 doloribus
1977 4587 2033 4654 in-

1044 4679 1202 4748 ferorum
1228 4678 1487 4771 acquiescentes
1508 4680 1637 4750 fiducia
1660 4677 1796 4754 Christi
1813 4683 2035 4775 Mediatoris,

1045 4792 1151 4872 atqua
1168 4779 1215 4849 ita
1233 4774 1364 4851 habent
1383 4781 1483 4852 initia
1502 4780 1741 4874 poenitentiae
1756 4810 1817 4857 seu
1833 4789 2034 4858 conversio-

1045 4882 1101 4950 nis
1132 4883 1176 4949 ad
1201 4880 1334 4968 Deum,
1368 4877 1408 4951 hi
1437 4883 1595 4956 universi
1621 4883 1800 4981 (inquam)
1831 4904 1924 4959 certo
1950 4905 2035 4963 sunt

1045 4981 1109 5051 filii
1125 4979 1211 5068 Dei,
1238 4979 1416 5054 haeredes
1429 4999 1591 5057 aeternae
1608 4987 1752 5072 salutis,
1778 5005 1812 5060 et
1830 4991 1908 5060 viva
1923 5015 2051 5062 mem--

1044 5086 1108 5154 bra
1147 5109 1250 5154 verae
1285 5084 1463 5158 Ecclesiae
1501 5083 1657 5170 Christi,
1703 5089 1785 5183 qui,
1832 5116 2036 5186 quanquam

1046 5208 1124 5256 suas
1147 5181 1279 5258 habent
1303 5188 1526 5260 infirmitates
1549 5215 1614 5260 nee
1630 5191 1788 5281 exiguas,
1813 5184 2036 5288 etnrbltipli-
2125 5213 2131 5220 “

1045 5311 1118 5372 ces,
1144 5303 1262 5360 tamen
1285 5290 1389 5378 nullo
1411 5295 1518 5362 modo
1543 5294 1687 5364 suntin
1711 5295 1875 5367 societate
1890 5313 1951 5370 aut
1966 5323 2037 5370 nn-

1045 5415 1142 5462 mero
1171 5416 1246 5464 nou
1274 5405 1479 5464 renatorum
1511 5419 1572 5465 seu
1601 5395 1813 5470 relectorum
1836 5395 2039 5496 hypocrita·
2075 5390 2085 5399 ⁶

1689 5729 1886 5769 ,-......Ι
