4622 5818
68 159 203 240 oss·
311 79 1242 235 r11.asuorar10nr.surcoruonrs
1267 145 1321 225 u
1345 142 1532 228 uvare.
1558 146 1839 232 uarvuau.
2009 164 2089 246 om

153 328 270 405 David
291 327 397 400 etiam
427 324 590 422 loquitor
609 349 700 399 eum
725 348 787 414 eo,
818 333 855 396 et
884 323 1048 398 nominat
1101 321 1610 424 exerceamusucontugiamus
1625 325 1670 397 ad
1686 347 1767 400 eum
1786 329 1825 400 io
1842 331 2009 411 omnibus
2027 361 2089 432 pe.

63 459 136 508 eum
153 430 317 504 Palmoni
331 443 366 500 et
385 425 555 504 Michaet.
580 426 766 516 Palmoui,
789 424 828 498 id
843 439 911 500 est:
937 427 1048 502 mira·
1100 425 1224 496 riculis
1245 437 1280 495 et
1295 425 1463 515 negotiis,
1489 423 1581 497 sicut
1602 427 1678 519 ipse
1696 429 1799 504 dixit:
1828 431 1956 510 Venite
1970 441 2013 512 ad
2032 464 2088 512 me

64 537 157 621 bitte,
182 531 454 626 nasamones,
479 525 761 626 bononuntio.
1098 547 1242 611 omnes,
1267 526 1330 622 qui
1345 524 1484 600 onerati
1498 526 1581 598 estis
1604 542 1639 600 et
1653 530 1842 619 laboratis,
1866 550 1900 607 et
1919 559 1983 630 ego
2008 543 2089 624 reb,-

65 691 72 702 .
153 616 331 722 Micha'e'l,
356 635 436 728 quis
451 633 542 704 sicut
563 630 685 704 Deus?
711 631 812 727 quasi
831 632 939 705 dieat:
974 625 1044 704 Iste
1099 629 1189 699 ciam
1217 650 1293 702 vos.
1349 625 1486 701 Omnes
1511 643 1629 716 vocat,
1664 631 1702 703 'et
1725 657 1846 706 revera
1878 639 1955 711 vult
1983 667 2088 734 opem

62 737 230 810 Dominus
261 749 313 806 est
344 737 437 807 sicut
448 732 565 820 Deus,
604 734 762 828 aequalis
783 731 900 820 Patri,
926 747 961 804 et
983 756 1047 825 per
1098 731 1207 816 ferre,
1230 753 1305 799 non
1319 743 1457 800 tantum
1472 727 1601 801 Davidi
1610 785 1619 816 ,
1645 737 1707 803 sed
1732 737 1836 806 etiam
1853 735 1940 810 mihi
1958 757 1992 815 et
2007 745 2087 832 tibi,

63 837 150 912 hunc
173 852 208 910 et
225 850 369 930 propter
389 831 486 934 hune
512 833 610 908 Deus
634 857 701 906 nos
723 835 850 929 recipit
867 850 902 909 et
919 847 1046 915 servat,
1098 848 1133 904 et
1158 832 1264 902 nobis
1295 832 1462 903 omnibus
1489 831 1738 925 invocantibus
1777 863 1876 930 eum,
1927 854 1961 912 et
1994 861 2087 917 reete

62 957 91 1012 er
108 943 221 1012 salvos
240 939 336 1011 facit.
1098 933 1387 1023 agnoscentibus,
1420 933 1501 1027 quis
1523 933 1587 1014 sit,
1618 935 1800 1024 videlieet,
1828 945 1922 1033 quod
1942 945 1988 1017 sit
2005 971 2086 1019 vere

64 1081 69 1092 ·
153 1040 252 1113 Haec
279 1051 377 1112 tanta
400 1036 602 1109 testimonia
631 1038 751 1109 omnia
778 1032 959 1108 Pharisaei
980 1057 1046 1104 ne·
1097 1035 1191 1104 filius
1208 1031 1299 1120 Dei,
1325 1048 1359 1104 et
1375 1034 1420 1104 sit
1441 1035 1653 1107 constitutus
1667 1036 1865 1127 Mediator,
1890 1041 2087 1121 Redemtor

64 1145 241 1234 glexerunt
263 1154 297 1211 et
315 1153 568 1232 corruperunt,
589 1153 636 1211 'et
658 1141 860 1230 cogitabant
883 1138 1043 1208 nondum
1097 1150 1129 1206 et
1148 1135 1336 1220 Salvator,
1372 1148 1411 1207 ut
1433 1157 1497 1227 per
1517 1159 1598 1205 eum
1620 1152 1656 1209 et
1679 1155 1825 1232 propter
1845 1167 1924 1215 eum
1954 1150 2085 1220 dentur

65 1267 131 1316 esse
155 1243 325 1316 Messiam
347 1243 385 1310 in
409 1241 475 1311 ista
497 1237 654 1311 Ecclesia
680 1239 806 1327 lsrael,
839 1264 905 1310 nee
936 1239 1043 1308 fuisse
1096 1237 1200 1307 nobis
1220 1237 1382 1306 remissio
1398 1248 1637 1327 peccatorum,
1663 1240 1814 1328 iustitia,
1838 1260 1872 1315 et
1887 1247 1957 1319 vita
1972 1265 2085 1322 aeter-

62 1347 149 1440 apud
189 1343 325 1420 Patres.
391 1341 468 1414 Hae
505 1344 670 1414 tenebrae
711 1345 868 1438 profecto
899 1343 1045 1412 luerunt
1096 1363 1161 1419 na,
1196 1353 1229 1408 et
1251 1351 1291 1409 ut
1317 1362 1379 1430 per
1404 1361 1484 1406 eum
1506 1353 1540 1409 ct
1566 1353 1710 1432 propter
1729 1368 1808 1413 eum
1831 1346 1934 1416 etiarn
1958 1351 1997 1421 in
2019 1349 2084 1424 hac

62 1471 212 1539 magnae,
682 1467 684 1478 ·
1097 1441 1169 1509 vita
1191 1453 1428 1535 protegamur.
1490 1434 1538 1510 Et
1561 1441 1730 1528 sciamus,
1758 1449 1854 1539 quod
1876 1469 1972 1522 nune
1993 1479 2084 1547 quo·

152 1549 317 1620 Secunda
334 1543 475 1632 solutio,
498 1541 647 1615 Messias
664 1545 743 1616 ideo
760 1558 810 1616 est
827 1567 950 1643 revera
964 1543 1043 1614 Do·
1096 1565 1165 1634 que
1188 1564 1269 1612 vere
1292 1539 1382 1612 adsit
1404 1539 1526 1624 nobis,
1552 1556 1585 1613 et
1607 1545 1780 1616 custodiat
1802 1571 1867 1618 nos
1892 1551 2078 1647 sicutipse

62 1649 172 1720 minus
189 1649 356 1734 Davidis,
380 1647 463 1740 quia
480 1669 628 1736 regnum
645 1648 743 1718 aliud
760 1647 914 1718 instituit
930 1659 1043 1716 aeter·
1096 1642 1201 1715 dicit:
1245 1637 1355 1722 Ecce,
1386 1665 1449 1732 ego
1472 1641 1654 1740 vpbistum
1678 1669 1755 1718 sum
1783 1672 1894 1744 usque
1922 1657 1967 1724 ad
1996 1681 2083 1728 con-

61 1775 161 1836 num,
196 1753 294 1845 quod
320 1751 427 1838 longe
460 1762 602 1839 superat
630 1771 779 1838 regnum
801 1749 973 1834 Davidis,
1009 1761 1043 1817 et
1094 1743 1364 1816 summationem
1383 1743 1503 1828 seculi,
1523 1758 1587 1815 etc.
1642 1744 1746 1818 Item:
1783 1748 1994 1849 Ubicunque
2010 1761 2083 1830 duo

62 1857 115 1924 dat
128 1853 374 1922 liberationem
392 1862 582 1935 aeternam,
610 1862 644 1920 et
657 1851 751 1920 bona
768 1867 930 1934 aeterna,
954 1872 1042 1934 non,
1095 1860 1156 1916 aut
1171 1859 1241 1915 tres
1256 1845 1455 1936 congregati
1470 1859 1555 1916 sunt
1570 1847 1608 1916 in
1624 1849 1771 1919 nomine
1788 1876 1886 1939 meo,
1911 1856 1949 1925 in
1966 1862 2082 1932 medio

62 1954 143 2027 sicut
156 1954 298 2041 David,
323 1965 464 2026 tantum
477 1963 678 2043 praesentes
693 1966 726 2024 et
741 1952 907 2024 mortales
922 1947 1042 2022 hostes
1096 1971 1219 2018 eorum
1251 1969 1349 2032 sum,
1387 1960 1452 2017 etc.
1516 1944 1613 2020 Haec
1655 1951 1694 2020 in
1729 1953 1954 2030 invocatione
1988 1963 2085 2053 cogi-

63 2056 231 2148 repressit.
275 2130 278 2138 ,
600 2119 604 2126 ,
1094 2051 1201 2122 tanda
1225 2060 1334 2123 sunt,

152 2155 218 2228 Est
250 2155 361 2246 igitur
385 2151 535 2226 Messias
559 2150 736 2224 Dominus
757 2152 924 2239 Davidis,
958 2153 1041 2249 quia

62 2258 99 2326 in
118 2257 181 2328 illo
203 2271 348 2329 aeterno
370 2279 479 2347 regno
505 2256 599 2328 delet
620 2268 801 2354 peccatum
827 2269 861 2326 et
876 2269 1042 2338 mortem,
1229 2308 1237 2328 .

64 2372 93 2430 et
105 2361 222 2432 reddit
237 2356 371 2430 Davidi
387 2370 421 2428 et
443 2357 609 2428 omnibus
624 2358 849 2428 credentibus
869 2356 1040 2427 iustitiam
1415 2317 1554 2430 capul
1597 2319 1761 2406 xxm·

63 2473 92 2530 θ’
110 2461 215 2532 Vllflm
239 2473 430 2532 aelefflam·
494 2457 571 2530 ¹⁰¹⁰
596 2470 631 2529 ‘l
650 2458 689 2526 5¹¹
711 2453 873 2552 hlssll’sa
897 2458 1042 2549 P⁰¹l¹l⁸³
1096 2492 1102 2516 ‘
1143 2479 1373 2557 Tunclesus
1398 2483 1539 2558 locutus
1562 2495 1613 2558 est
1635 2481 1691 2556 ad
1711 2486 1859 2572 turbas,
1892 2500 1924 2563 et
1946 2490 2003 2565 ad
2026 2493 2084 2568 dt-

63 2558 484 2652 gubernationeDavidis,
510 2555 753 2631 hieDominus
766 2559 916 2630 Messias
931 2561 1041 2643 adest,
1197 2587 1253 2658 m·
1278 2584 1360 2657 ηχος
1391 2611 1494 2674 suos,
1528 2581 1668 2658 dmm,
1709 2586 1760 2660 In
1785 2585 1961 2667 mmmm
1978 2597 2086 2672 Mon.

62 2665 141 2753 regit
155 2665 192 2732 in
210 2662 355 2756 praeliis
373 2664 529 2733 dextram
545 2660 711 2748 Davidis,
738 2676 918 2732 estcustos
934 2661 1042 2732 totius
1195 2611 1319 2760 sedem
1334 2682 1748 2761 Scrpgmfflgartmi
1792 2679 1843 2764 epo

61 2759 158 2834 huius
171 2762 369 2849 Ecclesiae,
395 2777 431 2834 et
452 2785 529 2844 earn
551 2763 654 2834 valde
677 2763 813 2854 diligit,
837 2787 904 2857 pro
926 2785 965 2832 ea
982 2786 1042 2832 ae·
1755 2748 1766 2778 ’
1843 2746 1854 2768 ⁶

62 2879 192 2937 ternum
217 2863 360 2936 Patrem
383 2866 609 2957 deprecetur,
651 2866 827 2950 defendit,
867 2878 901 2937 et
929 2864 1042 2933 salvat
1112 2947 1122 2964 ο
1159 2894 1164 2906 ’
1195 2843 1408 2936 ffit'vlnssllllt
1428 2843 1571 2930 ⁰⁰⁰⁰l⁰2
1603 2867 1693 2964 ‘1¹¹3‘
1713 2847 1885 2939 Praecipit
1907 2849 2085 2923 diiudica-

64 2991 130 3038 eam
153 2982 240 3038 tune
263 2989 424 3060 quoque,
465 2963 683 3038 eumDavid
710 2966 828 3037 etalii
859 2989 956 3055 reges
986 2987 1045 3035 re-
1096 2961 1229 3017 l¹⁰¹¹⁸ffl
1247 2948 1447 3032 d⁰⁶lfl¹¹³02
1474 2961 1506 3016 el
1529 2947 1703 3038 ostendat,
1729 2948 1844 3043 qualis
1863 2951 1911 3022 sit
1931 2966 2085 3045 potestas

64 3081 180 3158 gnaut,
208 3069 272 3160 qui
288 3090 410 3138 omnes
425 3079 510 3138 sunt
531 3079 669 3140 tantum
684 3064 846 3139 Ministri
862 3081 896 3138 et
911 3088 1043 3158 organa
1095 3047 1301 3121 d⁰⁰²¹¹¹l¹¹¹¹¹
1316 3049 1356 3116 5¹¹
1372 3045 1540 3120 Εῑῑῖθδῖθ·

63 3171 150 3242 illius
164 3169 360 3260 superioris
375 3167 543 3252 Domini,
569 3169 631 3263 qui
644 3181 695 3239 est
709 3169 803 3240 filius
818 3166 897 3244 Dei.
1196 3145 1245 3222 Εῑ
1266 3150 1422 3243 Ptimum
1448 3172 1585 3242 5ΗΒΡῊ
1607 3149 1646 3218 ln
1668 3149 1740 3220 Vll‘l
1765 3151 1919 3224 dimini
1946 3171 2086 3246 οΡοῐῑθῑ

152 3269 252 3342 Haec
272 3271 475 3341 nesciebant
498 3267 689 3340 Pharisaei,
741 3269 861 3358 Quare
883 3294 963 3342 cum
984 3294 1043 3341 ar.
1096 3253 1293 3324 doctrinam
1321 3248 1442 3322 tineo
1474 3251 1679 3342 pilieldclattt
1717 3254 1761 3322 tle
1786 3279 1867 3326 Vera
1903 3261 2086 3348 &guillone

63 3372 201 3444 ticulum
226 3371 309 3443 fidei
331 3372 558 3464 praecipuum
582 3373 627 3441 de
650 3371 723 3440 blio
745 3371 832 3456 Dei,
864 3387 898 3442 et
922 3375 966 3442 de
986 3395 1043 3440 re.
1096 3355 1205 3445 ipsius
1226 3366 1259 3423 et
1281 3354 1523 3437 invocatione,
1554 3366 1588 3423 et
1605 3352 1812 3424 traditiones
1834 3351 2086 3458 humanas,¹et

63 3473 219 3545 missione
251 3485 474 3567 peccatorum
505 3471 769 3562 ignoraverint,
817 3475 1043 3543 manifestum
1096 3457 1279 3573 Stlessdtjm
1304 3469 1373 3537 ⁶⁸12
1407 3455 1495 3549 quid
1519 3454 1564 3523 ί18
1589 3467 1740 3547 uimque
1771 3479 1899 3548 genere
1929 3465 2085 3536 sentien-

65 3590 125 3656 est,
149 3599 208 3647 eos
230 3600 306 3646 non
324 3574 432 3645 luisse
454 3575 615 3673 membra
636 3569 833 3660 Ecclesiae,
858 3577 917 3644 sed
943 3587 1043 3644 erant
1096 3559 1183 3628 dum
1206 3570 1266 3629 ⁵¹²·
1304 3618 1310 3628 ·

64 3673 261 3772 hypocritae
283 3675 415 3748 similes
437 3672 565 3748 Turris
586 3689 622 3748 et
643 3677 762 3769 impiis
775 3675 913 3747 ludaeis
937 3670 1043 3746 huius

67 3782 239 3872 temporis.

156 3879 255 3952 Haec
276 3878 394 3950 brevis
426 3878 617 3948 declaratio
648 3877 720 3948 iam
748 3881 910 3951 sufficiat.
971 3877 1041 3950 Sed

67 4003 124 4053 nos
137 3978 224 4052 haec
239 3983 312 4052 duo
329 3980 399 4048 iam
418 3979 689 4049 consideremus.
1196 3977 1304 4048 Nulla
1328 3981 1488 4052 doctrina
1514 3983 1557 4051 de
1575 3979 1643 4052 Dei
1665 3983 1811 4052 essentia
1837 3997 1872 4055 et
1894 3988 2086 4081 voluntate,

154 4083 316 4153 Primum
347 4082 391 4149 de
413 4103 539 4170 magna
562 4081 726 4152 coecitate
749 4078 788 4148 in
811 4081 943 4171 populo
964 4079 1042 4154 Dei.
1097 4095 1131 4152 et
1148 4083 1191 4150 de
1207 4096 1329 4150 nostra
1353 4083 1484 4167 salute,
1511 4085 1711 4174 recipienda
1735 4098 1786 4155 est
1808 4086 1863 4155 vel
1882 4089 2085 4180 adproban-

67 4177 149 4252 Cum
163 4185 272 4256 fuerit
293 4196 379 4255 tune
395 4194 492 4253 tauta
509 4182 658 4252 coecitas
680 4184 718 4251 in
734 4182 797 4251 illo
812 4184 944 4274 populo
962 4207 1045 4274 eru·-
1096 4184 1159 4266 da,
1184 4182 1255 4250 nisi
1271 4183 1345 4251 sola
1359 4178 1445 4253 haee
1465 4187 1626 4254 doctrina
1649 4181 1853 4274 Evangelii,
1880 4194 2008 4264 tradita
2020 4221 2085 4288 per

69 4283 135 4354 dito
151 4300 184 4357 et
199 4286 406 4369 exercitato,
433 4284 543 4356 simus
565 4305 631 4352 nos
646 4284 851 4381 vigilantes,
877 4299 909 4352 et
928 4283 1043 4355 Deum
1097 4280 1279 4356 Christum
1294 4297 1331 4354 et
1344 4280 1540 4376 Prophetas
1555 4301 1589 4356 et
1603 4283 1804 4375 Apostolos.

69 4407 216 4477 oremus,
241 4400 283 4460 ut
301 4409 375 4456 uon
391 4385 486 4458 sinat
500 4385 659 4476 extingui
679 4387 793 4455 lucem
815 4386 973 4457 veritatis
988 4387 1044 4455 in·
1198 4381 1294 4454 Huic
1321 4386 1389 4455 soli
1416 4388 1599 4459 doctrinae
1619 4385 1715 4458 Deus
1743 4389 1946 4462 testimonia
1974 4398 2084 4488 dedit,

70 4496 203 4559 ternos.
271 4519 274 4526 ⁴
891 4529 895 4536 =
982 4499 992 4520 ‘
1098 4489 1191 4580 quod
1210 4486 1343 4577 abipso
1359 4489 1510 4559 revelata
1527 4489 1592 4568 sit,
1615 4488 1711 4558 iuxta
1725 4489 1834 4560 illud:
1861 4489 1996 4585 Filius,
2021 4504 2084 4596 qui

158 4589 343 4675 Secundo,
369 4587 460 4659 sieut
474 4586 590 4659 David
606 4586 736 4658 fatetur
753 4579 849 4658 hunc
864 4584 1046 4671 Messinm,
1099 4605 1149 4660 est
1162 4590 1201 4658 in
1219 4588 1300 4657 siou
1316 4586 1452 4674 Patris,
1477 4591 1551 4680 ipse
1568 4591 1744 4662 enarravit
1757 4592 1872 4663 nohis.

71 4687 197 4784 dequo
220 4692 401 4786 loquitur,
428 4711 501 4760 esse
523 4686 740 4772 Dominum,
774 4689 841 4779 ipsi
866 4688 1045 4778 imperan-
1199 4685 1246 4760 Et
1261 4686 1352 4758 hanc
1369 4693 1524 4782 regulam
1548 4691 1732 4763 confirmat
1748 4695 1881 4764 dietum
1896 4693 2017 4771 Pauli:
2044 4699 2085 4774 Si

73 4801 152 4876 tem,
183 4807 336 4885 etaquo
353 4791 439 4862 velit
460 4791 537 4881 regi
558 4805 594 4861 et
614 4789 761 4861 salvari:
800 4789 847 4858 ita
868 4811 934 4857 nos
956 4814 1046 4882 quo·
1099 4791 1242 4881 angelus
1263 4793 1306 4860 de
1330 4795 1427 4866 coelo
1448 4793 1546 4863 aliud
1560 4788 1793 4884 Evangelium
1816 4796 1977 4884 docebit,
1999 4825 2085 4874 ana-

74 4913 133 4980 que
148 4894 250 4966 firma
270 4895 339 4964 tide
361 4907 575 4979 statuamus,
599 4888 696 4962 hunc
710 4893 864 4961 eundem
879 4888 1046 4960 Messinm
1099 4890 1215 4964 thema
1232 4893 1287 4961 sit.
2057 4927 2078 4934 --

8 5010 16 5054 5
72 4985 254 5066 Dominum
267 4992 435 5081 Davidis,
460 5017 533 5066 esse
556 4994 660 5065 nobis
674 4991 889 5078 Dominum,
913 5006 949 5062 et
971 5015 1047 5063 cre·
1199 4991 1407 5064 Reiicieuda
1422 5005 1472 5064 est
1484 4993 1592 5083 igitur
1606 5007 1807 5067 constanter
1822 4999 1940 5068 omnis
1954 5001 2087 5073 doctri·

1449 3721 1571 3776 Prtrrs
1603 3723 1742 3788 regule.

1321 3843 1377 3915 Sit
1391 3867 1473 3962 ergo
1490 3838 1577 3916 haee
1594 3845 1710 3938 prima
1726 3845 1859 3936 regula.

74 5091 187 5166 damus
199 5122 280 5169 eum
296 5097 401 5169 nobis
422 5097 562 5184 adesse,
586 5094 691 5167 nobis
715 5098 799 5164 dare
819 5095 917 5164 bona·
935 5109 1048 5164 aeter·
1100 5118 1166 5173 na,
1201 5097 1376 5165 contraria
1399 5093 1612 5188 Evangelio,
1638 5098 1712 5168 sive
1734 5099 1940 5172 nominetur
1956 5099 2087 5176 Mah'o-
2192 5159 2194 5170 .

76 5213 133 5279 lta,
163 5199 331 5270 iustitiam
363 5212 398 5269 et
423 5198 553 5284 vitam,
584 5189 772 5270 defendere
794 5196 898 5267 etiam
920 5217 987 5266 nos
1007 5197 1049 5266 iu
1100 5197 1243 5281 metica,
1274 5195 1348 5268 sive
1375 5193 1569 5288 Papistica,
1608 5199 1681 5268 sive
1711 5199 1871 5290 Iudaica,
1901 5204 1977 5274 sive
2002 5205 2085 5280 Mo-

75 5284 134 5366 hae
158 5300 238 5376 rita.
303 5297 407 5372 Hanc
431 5299 537 5372 fidem
563 5299 724 5396 quotidie
757 5297 797 5370 iu
826 5297 1049 5372 invocatione
1100 5297 1255 5384 nastico,
1278 5299 1354 5371 sive
1367 5299 1532 5473 Ariansp,1
1546 5301 1620 5441 pise
1633 5296 1883 5404 Manichaea.¹
