4674 5822
78 215 177 290 raet
364 205 447 280 xu.
502 196 901 328 ausorarrouus
926 199 993 272 ur
1021 145 1314 276 coacturus
1332 199 1385 272 ne
1411 195 1595 274 avane.
1622 194 1839 276 roauurs.
2021 203 2121 296 1ιιις

80 383 261 462 reantur,
293 380 474 474 quianon
501 391 552 448 est
577 375 816 446 ministerium
846 373 987 457 literae,
1022 373 1083 442 sed
1123 373 1285 444 clararet
1300 387 1400 465 pater
1415 372 1562 462 gloriam
1582 397 1699 458 suam,
1725 374 1965 465 auspicaretur
1981 399 2130 464 regnum

80 499 134 556 est
152 483 360 572 simpliciter
375 482 530 571 acceptio
550 478 706 567 Spiritus
729 478 853 547 sanctii
905 475 1083 558 Secundo,
1134 471 1321 563 Christus,
1358 499 1463 569 quem
1497 488 1572 544 tum
1596 477 1739 544 demum
1763 501 1845 562 vere
1867 481 2129 566 cognoscerent,

82 611 167 676 ergo
191 609 264 654 non
296 598 410 676 potest
432 582 603 670 intelligi,
643 583 739 674 quod
763 574 919 668 Spiritus
943 591 1083 648 sanetus
1136 600 1215 647 curn
1236 593 1410 668 regnaret.
1461 573 1553 646 Caro
1578 565 1872 648 consuetudinem
1894 575 2046 665 Christi,
2072 582 2128 650 iu-

81 713 216 758 novam
233 688 387 780 aliquam
404 685 604 754 doctrinam
629 680 801 762 sanxerit,
827 704 917 772 quae
940 705 1014 748 non
1038 680 1084 749 sit
1135 680 1378 750 stificationem
1396 679 1478 754 ,sine
1501 677 1774 750 mortificatione
1796 681 1985 753 desiderat,
2045 681 2130 772 Spi-

82 791 226 882 prodita
274 789 469 877 scripturis.
540 781 683 868 Tertio,
732 783 885 874 ideoque
920 776 1083 853 Christus
1136 783 1225 852 ritus
1243 785 1365 862 sentit,
1392 765 1595 872 non'posse
1619 785 1781 882 cognosci
1798 781 2005 872 Christum,
2032 785 2129 878 quod

82 889 218 962 Matth.
244 891 372 960 ultimo
394 889 497 957 dicit:
534 884 683 968 Docete,
717 907 811 978 quae
834 905 898 972 ego
920 883 1083 974 praecepi
1135 885 1324 955 carnaliter
1341 886 1775 974 cognoscitur„cognosci
1788 901 1925 972 autem,
1950 911 2031 958 eum
2050 910 2130 954 sen-

83 994 202 1063 vobis.
253 991 387 1075 Porro,
414 991 442 1058 si
460 989 656 1058 necessaria
676 1001 772 1075 esset,
788 987 909 1079 aliqua
927 986 996 1056 elia
1015 986 1083 1055 do·
1135 988 1243 1055 timus
1280 1013 1360 1058 eum
1401 989 1498 1056 intus
1537 990 1778 1057 consolantem
1818 1003 1852 1058 et
1881 986 2129 1070 vivificantem,

80 1097 220 1178 ctrina,
247 1092 405 1184 oportuit
422 1093 547 1160 eteius
563 1092 640 1159 lieri
657 1089 888 1159 mentionem.
930 1087 1082 1176 Quarto,
1135 1089 1320 1183 quodnon
1335 1091 1393 1174 fit,
1423 1087 1492 1156 nisi
1517 1091 1778 1160 mortificemur,
1831 1085 2021 1182 Propterea
2043 1115 2129 1180 gau·

82 1201 181 1291 quod
201 1212 251 1265 est
267 1196 378 1284 igitur
395 1195 551 1264 officium
567 1193 713 1283 spiritus
728 1190 866 1260 sancti?
916 1188 1082 1280 Respou-
1135 1194 1373 1282 detspiritus,
1399 1186 1579 1262 Christum
1598 1194 1696 1262 abire
1719 1195 1762 1262 ad
1782 1207 1934 1284 patrem,
1969 1187 2130 1282 regnare,

83 1305 172 1368 deo:
202 1299 373 1387 Accipere
388 1296 553 1386 spiritum
569 1307 748 1374 sanctum,
774 1307 825 1362 est
839 1293 988 1361 inscribi
1003 1315 1083 1360 eor·
1135 1294 1219 1387 quia
1245 1308 1320 1364 turn
1345 1296 1487 1364 demum
1512 1296 1619 1366 sentit
1642 1297 1717 1364 eius
1742 1285 1955 1385 potentiam,
1981 1289 2048 1364 hoc
2066 1309 2129 1378 est,

81 1405 191 1470 dibus
230 1401 341 1489 legem
372 1399 457 1480 Dei,
491 1395 691 1466 Hieremiae
720 1393 851 1464 XXXI.
910 1393 989 1463 Hoc
1019 1407 1083 1478 est,
1136 1399 1231 1488 quod
1256 1397 1349 1464 infra
1380 1397 1445 1466 ait:
1487 1393 1639 1486 Expedit
1670 1399 1791 1488 vobis,
1833 1412 1872 1468 ut
1900 1419 1963 1486 ego
1989 1397 2127 1466 vadam.

83 1507 181 1596 quod
201 1499 261 1571 hic
285 1503 403 1595 inquit
417 1496 598 1570 Christus:
637 1497 700 1566 llle
715 1521 777 1566 vos
793 1498 935 1566 docebit
949 1497 1082 1574 omnia,
1134 1495 1246 1567 Vides
1276 1513 1413 1584 autem,
1453 1523 1560 1591 quarn
1589 1502 1746 1569 streviter
1772 1501 1996 1568 commendet
2025 1501 2129 1567 nobis

83 1607 160 1674 scil.
187 1630 246 1690 eo,
287 1606 383 1696 quod
414 1603 560 1671 aurihus
592 1601 708 1670 carnis
741 1601 888 1668 verhurn
912 1599 979 1668 Dei
1008 1622 1083 1666 non
1136 1624 1292 1686 crucem,
1318 1602 1403 1670 durn
1429 1624 1465 1668 se
1488 1603 1568 1670 ideo
1594 1602 1690 1672 ahire
1709 1625 1748 1670 ae
1765 1604 1924 1670 deserere
1940 1625 2004 1669 nos
2023 1614 2127 1670 testa-

85 1719 200 1797 potest
242 1705 378 1787 audiri,
429 1705 512 1782 ille,
557 1721 768 1791 regenerans
806 1724 887 1784 vos,
930 1700 1083 1779 docebit,
1136 1715 1215 1786 tur,
1241 1718 1281 1772 ut
1306 1727 1385 1772 vere
1411 1704 1631 1792 consoletur,
1658 1719 1697 1774 ut
1722 1728 1803 1772 vere
1829 1703 1983 1772 declaret
2004 1725 2041 1770 se
2063 1728 2128 1772 uo-

84 1811 171 1900 quia
193 1807 390 1897 spiritualia
415 1806 647 1896 spiritualiter
672 1804 879 1894 capiuntur,
905 1817 943 1874 ut
965 1805 996 1876 1.
1012 1799 1084 1871 Co·
1136 1804 1201 1875 his.
1255 1803 1362 1872 Vides
1379 1807 1481 1888 item,
1506 1830 1614 1897 quum
1630 1801 1723 1874 nihil
1738 1807 1783 1874 sit
1797 1803 1948 1876 carnalis
1964 1806 2090 1876 cultus.

85 1907 197 1980 rinth.
224 1908 266 1982 ll.

1428 1967 1532 2069 Quia
1553 1970 1676 2042 maior
1699 1981 1750 2042 est
1774 1997 1840 2060 me,
1943 2031 1947 2038 ,

194 2071 326 2148 P‘mm
352 2073 520 2175 'dm‘lu‘'
547 2071 669 2160 ⁹⁰b¹52
691 2097 818 2171 ΡΜη
842 2099 972 2156 ''mm”
1137 2109 1285 2191 scilicet,
1329 2135 1533 2204 quanquam
1555 2133 1618 2198 ego
1642 2111 1795 2192 morior,
1835 2123 1952 2180 tamen
1974 2109 2035 2177 ille
2056 2109 2129 2180 vita

83 2217 122 2284 id
141 2230 212 2296 est,
240 2217 347 2284 vitam
374 2227 406 2282 et
426 2213 597 2303 gaudium
614 2211 769 2304 Spiritus
791 2212 913 2280 sancti.
964 2205 1108 2280 Estet'
1136 2225 1198 2282 est.
1251 2211 1345 2280 Mira
1368 2238 1452 2281 vero
1476 2215 1744 2304 consequentia:
1785 2211 1825 2281 Si
1842 2211 2036 2298 diligeretis
2060 2235 2129 2291 me,

84 2316 174 2386 haee
189 2315 378 2408 Evangelii
395 2339 541 2387 summa.
575 2311 649 2386 Lex
668 2313 757 2382 iram
776 2315 971 2404 praedicat,
1000 2315 1083 2405 quia
1137 2315 1336 2403 gauderetis
1350 2316 1486 2408 utique,
1511 2319 1606 2407 quod
1630 2317 1673 2383 ad
1700 2329 1833 2404 patrem
1856 2315 1956 2380 vado.
2009 2310 2130 2400 Quare

85 2418 632 2510 peceatumrevelatetiudirat.
669 2413 781 2508 quue
798 2415 970 2483 iudicium
986 2439 1084 2493 mors
1137 2417 1361 2504 gauderetis?
1400 2419 1482 2510 quia
1510 2418 1743 2512 patertrnaiur
1768 2439 1824 2482 me
1852 2431 1920 2494 est,
1954 2415 2023 2487 i.e.
2046 2415 2128 2482 ideo

84 2537 156 2600 cst,
185 2536 224 2590 ut
239 2533 382 2609 apparet
400 2521 433 2590 1.
448 2513 612 2588 Corinth.
632 2517 711 2590 XV.
765 2515 1003 2605 Evangelium
1022 2541 1085 2606 pa-
1136 2518 1349 2607 gauderetis,
1376 2522 1458 2611 quia
1478 2533 1575 2609 pater
1589 2519 1849 2608 glorificaturus
1863 2530 1915 2587 cst
1929 2542 1997 2596 me,
2024 2539 2129 2610 quem

83 2624 380 2712 compraedicat,
414 2622 436 2690 i.
454 2646 483 2689 e.
507 2621 616 2715 vitam
646 2635 680 2691 et
703 2621 885 2708 gaudium.
945 2619 1015 2688 Sed
1044 2643 1084 2688 ea
1137 2643 1202 2710 ego
1232 2622 1302 2688 iam
1334 2622 1493 2710 glorifico
1524 2623 1635 2690 faetus
1667 2621 1721 2689 illi
1755 2620 1924 2714 obediens
1947 2641 2058 2710 usque
2084 2618 2128 2684 ad

84 2728 180 2809 vita,
207 2725 243 2792 id
260 2727 429 2814 gaudium
449 2725 566 2814 quoad
581 2725 685 2790 durat
700 2736 856 2792 vetustas
873 2722 1005 2805 carnis,
1033 2734 1085 2790 te·
1118 2736 1300 2798 'morteuu
1352 2722 1431 2794 Hoc
1450 2723 1669 2812 gauderetis,
1696 2725 1794 2814 quod
1812 2736 1911 2814 pater
1931 2721 1975 2788 sit
1993 2719 2128 2812 glorifi-
2185 2740 2189 2748 ·

85 2843 182 2898 ctum
201 2841 380 2896 estcruce.
432 2823 688 2917 Hocestquod
713 2825 778 2892 ait:
810 2821 930 2892 Meam
950 2847 1085 2914 pacern,
1137 2838 1280 2895 caturus
1303 2850 1379 2910 rue,
1412 2827 1653 2895 declaraturus
1684 2849 1738 2892 me
1762 2824 1863 2894 vohis
1878 2847 1940 2914 per
1955 2821 2130 2911 Spiritum

82 2933 108 3004 i.
126 2955 159 3000 e.
176 2929 305 3011 vitam,
331 2952 436 3019 quam
458 2949 522 3018 ego
536 2928 637 3007 vivo,
663 2925 832 3014 gaudium
857 2926 953 3017 quod
980 2926 1084 3017 spiri·
1137 2941 1317 3011 sanctum,
1359 2935 1435 2997 tum
1463 2931 1607 2998 demum
1630 2927 1845 3016 cognoscetis
1873 2950 1947 3012 me;
1984 2910 2128 2992 iuterim

82 3047 143 3103 tus
159 3055 258 3100 meus
274 3031 388 3122 parit,
413 3031 473 3097 sed
492 3031 532 3096 in
548 3029 676 3096 mediis
693 3027 960 3097 afflictionibus.
1137 3031 1223 3098 dum
1255 3030 1443 3100 carnaliter
1475 3031 1606 3109 nostis,
1647 3031 1808 3098 nondum
1831 3028 1953 3100 nostis.
2021 3025 2129 3116 Quod

1137 3133 1231 3199 euim
1265 3132 1367 3201 dicit:
1406 3130 1511 3201 Pater
1535 3133 1648 3200 maior
1668 3157 1723 3200 rne
1748 3146 1821 3221 est,
1847 3154 1920 3198 nou
1947 3129 2032 3196 sinit
2050 3149 2130 3198 sen·

1137 3234 1246 3303 tentia
1265 3229 1314 3328 ¹⁴)
1329 3235 1372 3302 ad
1389 3248 1551 3304 naturam
1567 3235 1709 3312 referri,
1736 3236 1795 3302 sed
1813 3234 1855 3301 ad
1875 3231 2128 3310 conditionem,

192 3337 275 3408 ldeo
306 3359 383 3404 non
413 3334 610 3404 turbemini
636 3335 731 3426 quod
756 3353 820 3420 ego
846 3331 937 3398 diri:
982 3327 1086 3412 Vade,
1137 3335 1267 3420 idest,
1300 3360 1502 3428 quanquam
1532 3359 1588 3404 me
1611 3336 1759 3404 videatis
1790 3335 1945 3422 crucifigi
1977 3348 2010 3402 et
2033 3345 2147 3400 exte-'

85 3459 122 3514 et
141 3442 246 3510 venio
271 3441 314 3507 ad
331 3461 412 3520 vos,
443 3437 525 3528 quia
548 3459 610 3524 ego
632 3437 720 3504 abeo
745 3455 895 3521 regnum
919 3445 1085 3522 acceptu·
1136 3438 1260 3518 nuari,
1286 3451 1387 3529 pater
1402 3437 1538 3520 tamen,
1560 3440 1621 3530 qui
1639 3438 1869 3528 glorificabit,
1895 3437 1924 3504 is
1939 3437 2053 3504 maine
2068 3445 2130 3502 est.

85 3567 162 3616 rue.
222 3541 315 3630 Quia
348 3541 442 3608 enim
466 3534 631 3608 Christus
658 3549 800 3626 regnat,
842 3537 1005 3624 superior
1033 3546 1086 3603 est
1904 3541 1908 3548 ’

85 3643 260 3717 omnibus
276 3635 463 3726 creaturis3
490 3641 582 3710 vitae
601 3653 637 3707 et
655 3638 780 3708 mortis
795 3633 862 3732 1²),
893 3649 933 3705 ut
958 3658 1084 3705 nocere

86 3750 191 3820 nulla
209 3759 368 3815 meatura
390 3745 501 3834 possit
523 3743 663 3840 corpori
683 3737 829 3811 Christi.
881 3737 988 3812 Rom.
1005 3735 1083 3812 Vll.
1138 3739 1220 3833 quia
1237 3743 1377 3832 oportet
1390 3762 1452 3810 vos
1469 3741 1576 3808 verbo
1594 3753 1748 3807 armatos
1762 3738 1808 3830 ¹⁶)
1822 3759 1904 3808 esse.

308 3192 399 3270 Non
423 3193 588 3267 turbetur
612 3218 672 3265 cor
696 3204 865 3269 restrum.

1419 3603 1474 3676 Et
1498 3631 1595 3676 nune
1617 3600 1705 3674 dixi
1729 3598 1842 3684 vohis,

192 3914 239 3988 Si
263 3911 466 4010 diligeretis
489 3937 563 4000 me,
596 3906 811 4008 gauderetis
834 3907 990 4006 utique..
1394 3903 1447 3978 Ut
1471 3931 1550 3977 cum
1565 3905 1717 4005 saelum
1734 3902 1869 4004 suerit,
1906 3861 1915 3872 Η

187 4055 296 4126 ·Sicut
329 4075 435 4144 supra
465 4049 609 4122 Petrum
630 4045 797 4121 Christus
817 4047 952 4137 arguit,
987 4045 1084 4138 quod
1137 4048 1288 4132 scilicet,
1313 4069 1392 4116 cum
1410 4069 1467 4116 me
1483 4045 1635 4116 abeunte
1659 4043 1793 4131 ingruit
1816 4039 1982 4127 tentatio,
2008 4051 2049 4109 ut
2071 4061 2130 4108 su·
2249 4048 2257 4066 ‘

89 4161 204 4230 nollet
219 4157 408 4227 admittere
426 4155 596 4233 loturum,
617 4155 665 4224 ita
680 4148 740 4221 hie
755 4150 889 4221 cultum
907 4147 1084 4218 carnalem
1137 4175 1201 4242 pra
1234 4151 1460 4218 dictumest:
1510 4145 1664 4218 Creditis
1691 4147 1731 4214 in
1752 4142 1888 4227 Deu'm,
1935 4154 1969 4210 et
2001 4142 2048 4208 in*
2074 4163 2128 4209 mc

91 4267 250 4334 damnet.
303 4255 467 4328 Cariralis
482 4257 598 4327 cultus
613 4251 673 4325 hic
689 4268 758 4338 est,
780 4277 861 4322 enm
877 4273 960 4322 cero
978 4245 1085 4319 habet
1138 4253 1281 4324 credite.

89 4363 267 4437 honorem
283 4357 427 4431 Christo
443 4359 645 4428 carnalibus
670 4357 797 4426 officiis
812 4369 847 4425 et
861 4353 1085 4444 cogitationi·

88 4471 180 4557 hus,
221 4463 436 4551 imaginatur
466 4485 546 4531 eum
580 4483 654 4529 esse
684 4472 864 4537 sanctum,
900 4468 1084 4548 propterea

89 4565 188 4640 nihil
213 4566 332 4633 minus
356 4565 549 4633 convenire
570 4564 625 4651 ei,
658 4585 764 4656 quam
788 4576 828 4630 ut
848 4558 1085 4652 curcifigatur.
1138 4561 1272 4642 idest,
1304 4547 1524 4624 instathora
1552 4551 1737 4642 passienis.
1795 4549 1892 4620 Haec
1914 4563 1965 4619 est
1987 4569 2130 4641 praero-
2194 4558 2197 4563 '

90 4673 201 4749 ltem,
237 4669 335 4756 eupit
367 4689 447 4733 caro
479 4667 621 4750 audire,
657 4661 839 4734 Christum
866 4661 1093 4732 sanctificare*
1139 4662 1257 4754 gativa
1284 4654 1425 4728 >Christi
1449 4671 1481 4726 et
1505 4657 1614 4725 totius
1637 4653 1794 4743 eorporis
1819 4653 1885 4724 sui.
1953 4647 2041 4722 Caro
2076 4659 2130 4742 cst

93 4776 172 4844 sine
208 4768 497 4852 mortificatione,
546 4793 626 4838 cum
659 4767 751 4837 citra·
779 4759 1085 4834 mortificationem
1139 4769 1306 4834 damnata
1321 4760 1463 4844 mortis,
1489 4771 1523 4828 et
1539 4759 1675 4848 captiva
1692 4769 1742 4825 est
1764 4769 1946 4845 portarum
1969 4749 2127 4817 inferna·

91 4872 258 4947 Christus
292 4873 457 4960 cognosci
496 4893 573 4940 non
604 4871 728 4961 possit.
793 4866 853 4938 Sic
887 4863 1088 4946 sentiebant
1139 4892 1230 4938 rum.
1281 4865 1331 4934 At
1354 4857 1516 4936 Christus
1531 4861 1647 4938 venit,
1673 4873 1714 4929 ut
1729 4859 1886 4927 destruat
1901 4874 2046 4940 regnum
2062 4847 2127 4920 Sa-

91 4975 281 5068 Apostoli,
309 4976 477 5043 dolebant
493 4999 566 5042 rem
591 4973 778 5061 indignam
801 4969 958 5038 accidere
978 4963 1087 5038 Chri·
1139 4985 1260 5052 tanae,
1295 4965 1484 5054 sicutipse
1508 4986 1612 5053 supra
1641 4962 1704 5030 ait:
1744 4957 1849 5050 Nunc
1882 4953 2054 5022 iudicium
2078 4969 2128 5024 est

89 5093 166 5162 sto,
201 5077 370 5145 dolebant
394 5099 429 5145 se
455 5075 577 5145 divelli
602 5069 803 5156 aChristo,
834 5095 914 5141 cnm
934 5070 983 5138 sie
1006 5090 1087 5137 sen·
1140 5071 1286 5153 mundi,
1313 5091 1406 5138 nunc
1432 5068 1595 5158 princeps
1615 5064 1741 5132 mundi
1767 5058 1872 5128 huius
1895 5055 2056 5124 eiicietur
2071 5052 2128 5122 lo·

88 5182 162 5256 tire
185 5178 409 5260 debuissent,
442 5180 615 5269 gaudere,
647 5177 742 5271 quod
767 5199 828 5266 per
851 5186 1000 5242 mortem
1024 5173 1086 5241 de·
1139 5199 1208 5248 ras.
1259 5169 1339 5240 Hoc
1352 5183 1403 5239 est
1418 5171 1514 5264 quod
1530 5168 1594 5238 ait:
1623 5165 1788 5253 Princeps
1807 5159 2128 5252 mundioppugnat

1272 4413 1317 4490 V
1311 4412 1385 4514 enit
1413 4412 1509 4484 enim
1527 4411 1696 4513 princeps
1718 4406 1852 4483 mundi
1872 4404 1996 4494 leuius,

1141 5333 1335 5352 ω’·-

129 5421 180 5484 ιι)
197 5415 342 5474 ttxotttsse
361 5393 484 5470 vitetur:
507 5409 652 5472 aaran.
1177 5411 1225 5470 ιι)
1244 5407 1313 5460 rut.
1330 5406 1512 5460 ιοιιιιιιιιαη.
1618 5400 1666 5461 ιι)
1683 5399 1782 5452 secer.
1800 5394 1977 5448 οιιιιιιιιιιιι.
