4616 5818
46 195 107 270 soo
571 171 656 264 xit
693 179 1091 262 ouuouauoutts
1116 183 1169 260 1u
1193 181 1498 264 uvauouum.

1972 203 2051 276 270

45 359 281 461 propterDeum
297 355 454 430 studebit
468 377 571 427 verae
579 350 760 428 Ecclesiae
773 351 1004 470 eoncordiam
1029 360 1035 418 t
1056 348 1112 422 iro
1147 348 1231 471 liei,
1261 353 1593 477 fcqndemnotiqne,
1634 372 1758 481 'morte
1785 361 2048 438 calamitatibus

45 466 133 551 tueri,
155 487 228 534 non
251 459 463 545 ambitione,
494 471 556 530 ant
575 457 655 528 aliis
679 473 800 546 premo
815 453 1010 530 affantur
1056 476 1174 525 omors
1199 477 1354 546 genens,
1389 460 1579 552 tyrannide
1607 461 1754 538 diaboli.
1812 462 1901 536 Cum
1925 480 2047 552 autem

45 567 174 640 movebit
205 563 415 648 certamina,
455 583 546 654 quae
571 551 785 632 distrahunt·
805 557 1006 636 monteses
1056 549 1221 628 Christus
1234 571 1376 650 superat
1391 573 1559 642 mortem,
1585 576 1620 635 et
1634 565 1741 636 solvit
1763 589 1829 658 pro
1854 567 1958 639 uob'n
1979 562 2043 642 λύ-

43 673 288 762 gobcrnetorum
304 679 366 737 aut
382 663 519 762 populi.

1053 680 1144 752 apo,
1159 660 1254 732 cedit
1271 661 1326 730 lex
1342 661 1580 755 maledicens,
1598 679 1634 738 et
1649 691 1732 736 oves
1748 668 1895 738 emisme
1912 692 1952 739 ex
1967 694 2045 740 car·

121 769 189 840 Nec
211 768 260 842 ita
284 765 463 849 vivemus,
487 762 587 835 velut
608 779 770 844 errones,
789 771 858 830 eut
880 757 1005 830 solita·
1054 783 1150 848 cere,
1175 761 1245 830 iam
1265 762 1378 833 laetae
1392 777 1568 855 pastorem
1582 780 1616 838 et
1631 769 1756 839 ducem
1774 785 1995 863 sequuntur:

42 876 89 961 rii,
111 875 325 961 ignorantes,
352 863 526 938 sosimus
542 863 582 932 in
596 857 775 942 Ecclesia,
801 873 862 932 aut
878 860 916 928 in
934 883 1004 953 qua

41 975 169 1055 Ecclesia
184 995 258 1058 esse
272 970 433 1042 velimus.
467 965 538 1040 Sed
553 965 683 1046 simus,
698 977 738 1035 ut
749 959 882 1034 Paulus
899 985 1002 1053 prae·

41 1079 123 1169 cipit,
159 1073 354 1166 συμολῖται
384 1063 505 1168 ἁγίων
542 1060 607 1140 καὶ
637 1065 765 1136 olarios
794 1067 864 1136 τοῦ
894 1062 1002 1139 θεοῦ.

40 1179 108 1250 Cum
132 1172 255 1267 loseph
278 1175 451 1245 abductus
475 1183 564 1244 esset
585 1163 855 1261 inAegyptum,
881 1178 1001 1236 tomen

40 1271 327 1370 eratovpnote'eqc
341 1271 518 1344 Ecclesiae
542 1269 599 1342 sui
622 1268 734 1367 patris
752 1266 877 1352 laceb,
902 1281 937 1338 et
962 1267 1002 1336 in

39 1383 171 1476 Aegypto
197 1379 329 1450 multos
356 1376 401 1446 od
431 1373 632 1444 societatem
654 1371 731 1441 eius
761 1367 913 1440 civitatis
936 1371 1000 1439 ad·

39 1485 141 1554 iunxit.
551 1525 556 1533 -

117 1581 154 1654 si
170 1598 293 1655 sumus
308 1575 348 1649 iu
362 1569 552 1657 Ecclesiis,
577 1570 617 1642 in
637 1570 767 1666 quibus
788 1583 892 1642 sonat
906 1595 996 1664 pura

38 1710 88 1754 vox
97 1678 294 1778 Evangelii,
319 1698 462 1768 agamus
476 1675 553 1746 Deo
567 1675 713 1764 gratias,
739 1673 911 1745 laetemur
930 1676 998 1744 ali-

37 1808 183 1879 qmsesse
198 1792 319 1855 coetus
342 1799 424 1848 vere
450 1778 656 1848 invocantes
669 1771 804 1855 Deum,
831 1797 999 1864 agnosca·

38 1911 95 1957 mos
112 1906 275 1976 magnum
297 1901 371 1950 esse
392 1879 622 1963 beneficium,
646 1877 744 1971 quod
767 1899 840 1946 una
861 1877 997 1959 sumtis,

37 2001 67 2058 ot
81 1989 114 2056 io
131 1987 271 2058 Psalmo
293 1981 443 2052 dicitur:
479 1978 598 2069 Quam
621 1980 748 2050 dilecte
771 1980 998 2050 tabernacula

38 2101 82 2158 tos
103 2086 269 2166 Domine,
300 2081 422 2169 Beati,
447 2082 510 2175 qui
537 2076 700 2152 habitant
728 2079 768 2146 in
792 2081 900 2150 domo
922 2093 995 2152 tua.

7 2228 8 2284 l
37 2185 71 2258 Et
88 2185 236 2262 Christos
258 2185 396 2279 inquit:
422 2181 495 2256 Ubi
518 2183 591 2252 duo
613 2195 675 2253 aut
698 2193 771 2254 tres
791 2183 996 2270 congregati

7 2297 8 2356 l
37 2303 117 2362 emet
129 2289 319 2362 innomine
334 2309 422 2370 meo,
434 2283 600 2355 inmedio
611 2305 733 2354 eorum
749 2305 842 2368 sum,
869 2280 996 2371 Quan-

38 2403 94 2460 tum
110 2394 236 2464 bonum
259 2399 313 2458 est
333 2387 465 2456 versari
490 2386 529 2454 in
553 2385 616 2454 tali
638 2393 760 2468 coetu,
785 2407 891 2476 qoem
907 2385 997 2456 scias

37 2489 91 2561 Deo
103 2517 196 2564 curae
212 2514 300 2574 esse,
326 2511 345 2558 a
363 2486 440 2558 Deo
456 2485 627 2558 custodiri
643 2497 717 2570 eto,
739 2500 780 2556 ut
798 2486 837 2554 in
852 2484 996 2558 Psalmo

37 2593 150 2666 didtor:
174 2595 273 2666 Deus
287 2591 327 2660 in
340 2591 461 2660 medio
475 2588 563 2661 eius.
673 2631 676 2640 ·

110 2695 144 2766 ld
167 2699 209 2766 de
238 2705 347 2766 coetu
377 2689 528 2782 cogites,
561 2687 699 2783 quoties
728 2688 829 2760 venis
857 2690 897 2760 in
925 2689 995 2760 tale

7 2797 188 2892 quopiam,
220 2798 265 2866 in
288 2792 395 2864 talem
425 2787 580 2862 scholam
607 2803 643 2860 et
675 2811 897 2876 consessum,
929 2793 994 2861 ubi

7 2893 8 2898 ’
36 2913 109 2968 sonat
122 2895 377 2985 voxEvangelii
395 2917 496 2987 pura,
512 2906 547 2964 et
561 2915 636 2962 uon
650 2892 897 2964 defenduntur
913 2915 994 2983 per-

35 2999 162 3072 tinaciter
179 3019 331 3072 errores.
383 2993 432 3067 Et
458 3017 634 3064 unacum
657 2987 725 3066 hoo
749 3007 852 3066 coetu
874 2991 993 3065 Deum

34 3099 146 3186 iocosa,
167 3099 424 3195 professionem
441 3096 580 3166 declara
592 3117 659 3164 usu
681 3109 993 3176 sacramentorum,

34 3195 205 3275 ethonestis
216 3201 346 3274 officiis
362 3199 547 3284 omnibus,
571 3208 606 3267 et
621 3195 739 3267 foveto
755 3199 992 3273 concordiam.

33 3298 79 3369 Sin
92 3318 196 3376 autem
212 3302 343 3399 procul
357 3303 458 3387 abes,
483 3300 605 3370 animo
621 3299 825 3384 voluntate,
850 3301 991 3391 proles-

33 3403 119 3489 sionc,
140 3405 367 3478 invocatione
382 3418 416 3476 te
432 3405 478 3475 ad
491 3402 574 3472 illos
590 3397 668 3494 pios
681 3413 801 3474 coetus
814 3414 908 3473 reete
924 3403 990 3473 do-

33 3507 327 3600 seutesadiungito.

391 3687 439 3739 lle
456 3686 598 3752 quarto.

247 3787 306 3856 De
326 3788 474 3850 ianitore
494 3805 554 3849 sees
572 3788 725 3852 ostiario.

104 3907 142 3978 lo
160 3907 463 3983 similitudinibus
482 3929 556 3976 non
581 3905 691 3976 nimis
710 3905 813 3976 auxie
828 3903 986 3996 singola-

33 4023 87 4075 tum
105 4013 256 4108 partium
274 4009 531 4108 applicationes
550 4011 772 4100 quaerendae
796 4021 898 4094 suot,
923 4011 986 4080 sed

32 4105 56 4172 'u
73 4131 192 4185 summa
221 4105 418 4201 congrue're
440 4109 526 4181 sotis
552 4120 602 4179 est
626 4109 832 4199 praecipuas
846 4123 981 4202 partes:

33 4205 87 4278 ideo
98 4206 150 4282 bic
165 4215 283 4289 omitti
300 4211 467 4303 allegoria
480 4209 643 4284 ianitoris
659 4224 788 4303 posset.
839 4211 912 4283 Sed
929 4226 984 4284 to-

29 4323 86 4378 oeo
111 4337 179 4384 non
201 4316 367 4407 vitupero
390 4311 612 4404 diligentiam
635 4335 783 4398 eorum,
816 4313 879 4406 qui
904 4337 982 4386 eam

30 4417 197 4490 lactarunt.

101 4514 220 4611 Aliqui
238 4515 427 4588 ianitorem
447 4513 653 4604 intelligunt
667 4511 841 4605 Spiritum
855 4515 894 4591 S.
918 4517 981 4610 qui
1061 4553 1081 4570 ο

30 4631 85 4682 tum
103 4619 144 4689 sit
156 4620 276 4689 efficax
295 4619 334 4708 in
356 4616 617 4709 praedicatione
632 4613 842 4706 Evangelii,
866 4621 980 4711 aperit

30 4706 139 4788 Christo
165 4735 303 4792 mentes
332 4715 537 4804 hominum,
577 4732 611 4789 et
639 4741 697 4788 eas
729 4720 906 4806 accendit,
938 4735 980 4794 ut

29 4801 97 4885 hooc
115 4836 283 4910 pastorem
307 4833 516 4911 agnoscant,
542 4833 754 4913 sequantur,
790 4835 823 4890 et
848 4835 977 4894 ament.

29 4903 97 4987 llaec
111 4924 275 5014 expositio
289 4923 395 5016 plana
408 4935 443 4994 et
457 4925 616 5013 expedita
632 4935 695 4997 est.

101 5021 215 5096 Altera
229 5025 401 5115 expositio
418 5018 509 5092 mihi
525 5047 598 5093 non
614 5024 797 5115 displicet,
823 5024 888 5094 etsi
911 5025 976 5094 ob-

30 5121 130 5192 sorim
152 5140 219 5213 est,
246 5126 395 5214 intelligi
418 5125 624 5204 ianitorem,
650 5125 779 5214 legem,
806 5149 896 5218 quae
919 5151 976 5196 ce-

30 5215 126 5292 dituni
140 5224 292 5301 Christo.
343 5226 458 5312 Tenet
470 5227 528 5296 lex
540 5227 715 5296 inclusum
733 5239 845 5297 totum
866 5250 976 5318 genus
998 5257 1001 5304 t

31 5306 205 5416 humanum,
240 5351 303 5404 soo
333 5351 487 5415 carcere,
521 5329 785 5414 maledictione,
820 5323 888 5400 hoc
911 5311 1002 5416 sebi

1325 1012 1545 1100 Domiuiea
1572 1014 1764 1104 lubilate.

1285 1157 1524 1252 Evangelium
1548 1159 1721 1238 lobannis
1749 1165 1808 1240 to.

1100 1319 1220 1394 Dixit
1243 1318 1352 1394 lesus
1380 1319 1575 1423 discipulis
1607 1329 1706 1400 suis:
1757 1323 1976 1418 Modicum,
2010 1343 2043 1408 et

1151 1449 1226 1496 non
1254 1418 1382 1495 uidetis
1409 1450 1482 1509 me,
1509 1429 1693 1504 etiterum
1719 1429 1901 1506 modicum
1928 1446 1961 1507 et
1987 1438 2042 1508 ai·

1151 1521 1244 1596 detis
1270 1550 1346 1620 me,
1372 1526 1471 1627 'quia
1499 1524 1594 1604 uado
1627 1527 1684 1604 ad
1701 1544 1857 1633 patrem.
1915 1535 2041 1612 Dixe-

1150 1637 1236 1699 runt
1262 1653 1347 1726 ergo
1371 1626 1527 1728 quidum
1554 1657 1601 1706 ea·
1623 1629 1818 1734 discipulis
1843 1638 1920 1710 eius
1947 1640 2041 1713 inter

1148 1754 1202 1800 se:
1228 1723 1336 1828 Quid
1352 1740 1402 1801 est
1421 1727 1508 1817 loc,
1531 1731 1634 1834 quod
1658 1731 1746 1810 dicit
1769 1737 1895 1824 nobis,
1921 1739 2042 1814 modi·

1147 1855 1227 1902 eum
1253 1841 1286 1904 et
1313 1856 1388 1904 non
1416 1832 1546 1906 videtis
1570 1861 1646 1924 me,
1677 1849 1709 1910 et
1737 1863 1886 1926 rursus,
1919 1840 2040 1917 modi-

1146 1957 1227 2005 cum
1252 1945 1284 2006 et
1311 1929 1480 2007 uidebitis
1499 1961 1574 2023 me,
1600 1948 1631 2012 et
1658 1939 1748 2040 quia
1775 1967 1840 2040 ego
1868 1940 1963 2018 uado
1989 1943 2044 2022 a'd

1145 2035 1319 2134 patrem?
1373 2033 1563 2109 Dicebant
1588 2063 1692 2136 ergo:
1736 2038 1844 2139 Quid
1874 2056 1925 2118 est
1958 2043 2041 2132 hoo,

1148 2132 1252 2235 quod
1276 2132 1382 2221 dicit,
1407 2135 1619 2211 modicum?
1665 2138 1860 2218 Nescimus
1872 2144 1969 2245 quid
1980 2149 2037 2222 lo-

1138 2305 1140 2310 .
1174 2245 1298 2314 natur.
1351 2241 1528 2336 Cognovit
1553 2252 1675 2314 autem
1701 2243 1825 2331 Iesus,
1859 2252 1948 2344 quia
1977 2276 2037 2320 eo-

1146 2262 1271 2412 iebant
1300 2340 1421 2438 ipsum
1443 2342 1689 2442 interrogare,
1717 2357 1748 2418 et
1764 2345 1863 2420 dixit
1879 2350 1948 2421 eis:
1975 2349 2040 2423 De

1146 2436 1215 2514 lsoe
1240 2443 1420 2543 quaeritis
1447 2443 1542 2518 inter
1563 2472 1644 2537 vos,
1669 2444 1773 2549 quod
1791 2444 1891 2535 deal,
1917 2449 2037 2524 modi-

1145 2567 1237 2632 cum,
1272 2555 1304 2616 et
1320 2571 1395 2617 non
1411 2542 1540 2620 uidetis
1555 2571 1623 2638 me,
1648 2560 1679 2620 et
1696 2553 1826 2623 iterum
1843 2551 2040 2644 modicum,

1146 2655 1179 2716 et
1211 2643 1380 2719 videbitis
1413 2671 1480 2719 me.
1536 2647 1652 2721 Amen
1678 2676 1785 2724 amen
1813 2651 1894 2728 dieu
1920 2656 2033 2746 cobis,

1143 2741 1354 2821 Plorahitis
1385 2759 1416 2820 el
1433 2749 1577 2850 flebitis
1605 2777 1685 2842 uos,
1720 2752 1881 2828 mundus
1907 2769 2034 2830 eontra

1142 2847 1334 2944 gaudebit.
1391 2849 1433 2924 V
1430 2877 1470 2924 os
1485 2863 1606 2926 autem
1621 2857 1946 2944 contristabimini,
1970 2857 2038 2932 sed

1143 2951 1301 3024 tristitia
1328 2963 1446 3024 vestra
1474 2965 1627 3027 certetur
1653 2956 1693 3029 in
1718 2955 1912 3055 gaudium.

1093 3047 1243 3126 Mulier
1262 3078 1340 3125 eum
1354 3057 1477 3153 parit,
1500 3057 1693 3131 tristitiam
1706 3056 1835 3145 hahet,
1862 3062 1953 3164 quia
1977 3087 2033 3135 ee-

1108 3201 1114 3214 ,
1144 3156 1200 3225 nit
1219 3151 1315 3226 liora
1333 3159 1420 3230 eius.
1472 3154 1566 3231 Cum
1581 3172 1702 3233 autem
1713 3165 1850 3263 peperit
1868 3189 2031 3261 puerum,

1143 3255 1220 3328 iam
1246 3284 1321 3330 non
1345 3260 1510 3332 meminit
1540 3286 1734 3360 pressurae
1761 3277 1910 3367 propter
1934 3293 2031 3364 gaa-

1144 3356 1265 3444 dium,
1291 3361 1387 3461 ¹quia
1411 3371 1523 3436 natus
1550 3373 1601 3435 est
1626 3360 1736 3438 homo
1771 3369 1812 3439 in
1838 3366 2029 3448 mundum.
2158 3405 2167 3418 *

1104 3501 1106 3504 ·
1141 3459 1196 3532 Et
1224 3488 1285 3534 vos
1311 3463 1428 3558 igitur
1453 3489 1551 3537 nuno
1600 3464 1720 3543 uidem
1745 3467 1942 3544 tristiciam
1957 3469 2030 3545 lta-

1137 3562 1249 3651 hetis,
1282 3563 1349 3637 sed
1368 3565 1498 3637 ilerum
1525 3491 1650 3641 uidebo
1677 3595 1757 3660 vos,
1790 3582 1822 3644 et
1844 3571 2029 3669 gaudium

1142 3675 1297 3738 uestrum
1323 3693 1429 3740 nemo
1455 3666 1559 3741 tollet
1585 3698 1610 3742 a
1637 3673 1749 3746 uobis.
1809 3672 1864 3746 Et
1891 3676 1931 3747 in
1959 3677 2029 3749 illo

1140 3765 1200 3840 die
1226 3794 1280 3840 me
1304 3796 1380 3844 non
1405 3770 1683 3869 interrogabitis
1706 3775 1915 3880 quicquam.

1088 3929 1182 4004 Duo
1208 3951 1291 4010 sunt
1315 3938 1398 4008 loci.

1157 4113 1162 4124 ·
1189 4069 1218 4160 I.
1244 4072 1463 4145 Praedicetio
1481 4075 1525 4144 de
1544 4075 1799 4150 afflictionibus
1812 4075 2000 4154 Ecclesiae.

1189 4169 1234 4247 ll.
1258 4169 1465 4250 Consolatio
1480 4177 1518 4246 in
1536 4171 1593 4246 his
1607 4177 1870 4256 afflictionibus.

1319 4421 1540 4510 Dominico
1566 4422 1760 4512 Caritate.

1268 4565 1502 4664 Evangelium
1528 4569 1698 4646 Iohannis
1726 4573 1784 4647 16.

1079 4711 1192 4792 Nune
1214 4726 1335 4792 autem
1360 4715 1455 4789 vado
1479 4715 1535 4791 ad
1554 4743 1651 4806 eum,
1676 4722 1744 4824 qui
1762 4722 1865 4796 misit
1885 4750 1961 4812 me,
1990 4741 2024 4805 et

1129 4842 1234 4890 nemo
1255 4845 1302 4892 ex
1329 4819 1430 4892 vohis
1452 4822 1654 4918 interrogat
1677 4849 1751 4908 me,
1776 4850 1850 4928 quo
1874 4825 2029 4912 roslara.¹

1128 4916 1207 4991 Sed
1225 4922 1315 5021 quia
1339 4917 1431 4993 lsaee
1455 4923 1597 4996 locutus
1620 4949 1703 4996 sum
1726 4927 1847 5016 votas,
1872 4934 2020 5004 moesti-

1128 5017 1217 5095 tudo
1240 5021 1402 5121 impleuit
1418 5051 1478 5097 eor
1493 5036 1660 5103 uestrum.
1701 5025 1793 5112 ¹Setl
1806 5053 1870 5124 ego
1886 5033 2020 5106 uerita.
2098 5123 2101 5130 Ι

1126 5134 1196 5194 iem
1219 5120 1300 5198 dico
1323 5123 1441 5212 vobis,
1475 5125 1621 5224 expedit
1647 5129 1767 5215 vobis,
1799 5140 1840 5200 ut
1863 5154 1928 5229 ego
1955 5163 2021 5207 aa·

1127 5221 1226 5298 dam.
1276 5227 1325 5300 Si
1339 5230 1434 5300 enim
1449 5255 1522 5302 non
1538 5229 1683 5312 abiero,
1707 5221 1933 5307 Consolator
1952 5237 2020 5310 ille

1125 5352 1199 5400 non
1221 5331 1335 5402 veniet
1349 5327 1405 5402 ad
1419 5357 1492 5408 aas.
1542 5329 1613 5404 Sin
1629 5341 1750 5407 autem
1767 5331 1905 5426 abiero,
1930 5337 2017 5409 mit-
