4714 5826
227 111 278 190 tt

232 284 350 353 sioues
371 283 460 353 vitat
484 306 504 350 a
528 244 610 351 Deo*
629 273 852 370 prohibitas,
878 289 913 348 et
928 289 981 350 est
997 277 1036 347 in
1055 276 1222 368 coniugio

233 407 373 454 servare
389 385 468 454 iura
487 380 658 472 coniugii.
711 378 964 472 Temperantia
995 393 1046 450 est
1060 381 1224 450 modera-

232 488 285 556 tio
320 488 359 556 in
385 487 466 556 cibo
495 498 531 556 et
556 497 664 576 potu,
698 495 846 552 naturae
877 505 1068 580 corporum
1094 505 1225 553 conve·
1262 564 1265 570 Ι

234 611 352 661 niens.

339 725 471 796 Tradit
494 725 604 816 igitur
625 721 759 794 Paulos
792 720 1034 796 dulcissimam
1064 721 1227 790 consola-

236 831 372 900 tionem
389 828 638 920 opponeodam
655 822 836 919 hypocrisi
845 816 1121 908 Monachorum‚
1144 823 1226 915 quia

237 953 397 1023 expresse
411 930 582 1015 affirmat,
608 924 897 998 Matreslamilias
913 925 951 992 in
966 925 1146 1015 coniugio,
1170 949 1228 993 re-

237 1033 390 1105 tinentes
422 1032 528 1101 fidem
563 1045 597 1102 et
631 1031 763 1098 bonam
797 1027 1071 1112 conscientiam,
1114 1029 1229 1096 salvas

203 1168 207 1178 ·
237 1135 326 1204 beri.
378 1131 482 1206 Hanc
497 1133 698 1203 doctrinam
717 1143 834 1199 extare
858 1129 898 1197 in
914 1126 1071 1198 Ecclesia
1088 1152 1228 1204 necesse

238 1251 289 1306 est
313 1249 438 1306 contra
466 1235 639 1306 fanaticos
660 1228 842 1315 homines,
878 1230 940 1323 qui
969 1231 1134 1322 coniugia
1166 1232 1230 1300 da-

237 1353 419 1411 mnarunt.

341 1470 573 1543 Removenda
595 1479 646 1538 est
666 1467 770 1536 etiam
788 1466 856 1536 alia
873 1465 1050 1537 cavillatio
1072 1467 1230 1551 illorum,

232 1575 302 1667 -qui
325 1570 393 1643 hoc
417 1574 512 1642 dicto
537 1569 640 1640 Pauli
665 1571 863 1639 abutuntur
883 1570 928 1638 ad
949 1568 1227 1638 confirmandam

239 1675 449 1767 opinionem
470 1668 754 1756 Monachornm,
782 1695 872 1762 quae
888 1671 989 1760 fingit
1004 1671 1097 1740 bona
1122 1695 1228 1764 opera

240 1799 314 1846 esse
348 1777 472 1846 merita
498 1789 533 1845 et
555 1773 714 1866 precium
741 1772 832 1842 vitae
854 1785 1034 1857 aeternae,
1067 1772 1150 1866 quia
1173 1773 1229 1842 di-

240 1891 334 1948 ctum
351 1879 413 1948 sit:
441 1877 609 1949 Salvator
625 1875 754 1944 mulier
778 1897 841 1962 per
856 1874 1012 1943 liliorum
1029 1873 1230 1962 generatio-

240 2002 337 2052 nem.
390 1977 624 2072 Nequaquam
649 1977 744 2046 enirn
768 1972 901 2046 Paulus
922 1975 1083 2046 mulieris
1114 1974 1228 2045 officia
1277 2011 1347 2079 fid,
1365 2012 1659 2104 etdeoperibu,‚

241 2081 328 2152 dicit
345 2082 420 2152 esse'
432 2081 559 2152 merita
573 2093 633 2149 aut
652 2077 810 2169 precium
821 2078 914 2147 vitae
930 2091 1104 2168 aeternae,
1120 2102 1229 2172 quare
1252 2108 1255 2198 p

241 2197 277 2254 et
293 2185 410 2255 statim
425 2183 508 2252 fidei
530 2182 748 2251 mentionem
765 2180 860 2254 lacit.
914 2179 1006 2276 Cum
1032 2193 1148 2249 autem
1173 2181 1228 2249 di·
1252 2202 1255 2248 ῑ

240 2286 307 2371 cit,
331 2287 361 2356 si
379 2285 550 2355 manserit
564 2285 602 2351 iri
619 2283 707 2366 fide,
733 2281 769 2349 id
788 2295 858 2360 est,
884 2282 1066 2371 agnitione
1084 2282 1168 2361 Dei,
1196 2296 1228 2351 et

241 2388 370 2459 fiducia
393 2385 626 2472 Mediatoris,
661 2406 743 2451 mox
766 2382 921 2455 excludit

241 2489 377 2561 meritis
394 2511 554 2579 operum.

342 2605 505 2694 sielsoe
533 2621 658 2704 sentit,
693 2620 789 2711 quod
811 2618 1227 2710 saepissimerepetitum

832 101 960 226 eun.
987 99 1104 180 nur.
1126 39 1339 180 scatere
1364 101 1666 182 amoenos.

2216 115 2272 186 88

1274 279 1370 352 tiam.
1422 276 1527 350 ltem:
1555 277 1676 352 Nolite
1702 302 1839 368 errare,
1864 296 2094 371 scortatores,
2119 285 2272 357 adulte-

1274 381 1327 462 ri,
1354 376 1554 452 homicidae
1567 397 1631 454 etc.
1655 407 1731 454 non
1754 399 1838 455 sunt
1851 381 2022 456 haeredes
2035 387 2132 458 vitae
2148 400 2272 458 aeter-

1274 505 1352 554 nae.
1413 481 1562 575 Semper
1584 498 1703 556 autem
1733 486 1773 556 in
1795 488 2063 559 enumeratione
2090 488 2274 560 virtutum

1275 585 1314 655 lit
1336 585 1471 656 mentio
1495 610 1665 678 operum,
1691 611 1782 680 quae
1800 603 1883 660 sunt
1898 590 2045 682 propria
2062 591 2269 662 vocationis

1275 686 1515 777 singulorum,
1547 702 1588 759 ut
1609 682 1788 760 lohannes
1808 691 1896 762 dicit
1920 691 2112 763 militibus:
2139 689 2273 762 Nemi-

1275 813 1357 858 nem
1378 789 1608 875 concntiatis,
1641 815 1756 885 neque
1787 793 2079 874 calumniamini,
2113 806 2148 863 et
2178 817 2273 865 con-

1277 889 1367 961 tenti
1391 905 1500 963 estote
1523 891 1709 984 stipendiis
1726 894 1863 968 vestris.
1917 893 1966 966 Ut
1979 895 2089 985 igitur
2104 894 2273 986 singulos

1277 995 1322 1062 de
1346 1016 1428 1062 suae
1452 994 1648 1066 vocationis
1673 995 1799 1064 officiis
1825 998 2017 1066 admonere
2041 1020 2181 1068 necesse
2204 993 2288 1082 esi,¹

1277 1096 1327 1164 ita
1344 1089 1404 1162 hic
1421 1092 1553 1165 Paulus
1573 1095 1996 1170 matribus-concionatur
2014 1101 2058 1168 de
2082 1098 2274 1170 laboribus

1277 1209 1416 1289 partus,
1450 1196 1698 1268 nutricationis
1728 1211 1764 1268 et
1785 1200 2016 1273 educationis.
2075 1197 2124 1270 Et
2146 1215 2272 1272 tamen

1278 1311 1395 1367 manet
1411 1298 1510 1366 lirma
1528 1300 1718 1383 sententia,
1744 1315 1889 1392 propter
1906 1299 2143 1372 Mediatorem
2160 1303 2274 1392 gratis

1279 1399 1352 1469 sola
1370 1399 1437 1468 lide
1456 1401 1565 1492 recipi
1583 1415 1617 1471 et
1633 1403 1769 1491 placere
1785 1426 1992 1495 personam,
2019 1425 2095 1472 non
2121 1417 2273 1494 propter

1279 1500 1458 1592 propriam
1483 1503 1709 1591 dignitatem,
1731 1505 1822 1574 sicut
1843 1519 1877 1574 et
1898 1505 1936 1573 in
1954 1502 2096 1574 Psalmo
2121 1504 2274 1575 dicitnr:

1277 1602 1360 1673 Non
1381 1601 1633 1675 iustificabitur
1654 1605 1692 1674 in
1709 1621 1899 1700 conspectu
1917 1619 1979 1678 tuo
1996 1605 2115 1675 omnis
2132 1607 2273 1678 vivens.

1280 1705 1388 1789 ltem,
1411 1703 1519 1800 Rom.
1539 1711 1591 1780 da
1619 1703 1756 1777 Omnes
1778 1721 1881 1799 egent
1908 1708 2018 1796 gloria
2046 1704 2132 1788 Dei,
2166 1708 2275 1778 iusti-

1278 1807 1425 1877 ficantur
1442 1821 1559 1878 autem
1573 1809 1683 1898 gratis
1701 1809 1770 1878 lide
1788 1822 1934 1903 propter
1949 1807 2082 1880 Filium
2099 1821 2165 1883 etc.
2195 1811 2275 1880 Hie

1278 1921 1396 1978 mente
1421 1924 1582 2002 repetant
1612 1911 1764 1981 studiosi
1789 1912 1962 2002 integram
1988 1911 2189 1981 doctrinam
2226 1914 2275 1982 de

1685 2024 1725 2083 ut
1739 2012 1778 2081 in
1795 2013 2015 2085 confessione
2029 2008 2274 2085 Ecclesiarum

1279 2125 1481 2184 nostrarum
1498 2115 1677 2188 recitatur.

1380 2211 1434 2285 De
1469 2231 1711 2286 matronarum
1754 2217 1879 2285 officiis
1912 2217 2022 2287 multa
2066 2213 2276 2288 dulcissime

1279 2317 1408 2407 scripta
1424 2331 1505 2388 srrnt
1522 2319 1559 2386 in
1577 2319 1773 2389 multorum
1789 2319 1943 2409 scriptis.
1990 2316 2077 2388 lude
2100 2320 2144 2388 ad
2161 2313 2275 2388 buius

951 2383 1157 2473 ⁰Pi¹¹i⁰¹¹²m
1184 2384 1229 2451 (ὴ
1278 2415 1349 2486 1οοὶ
1382 2419 1643 2488 enarrationem
1676 2420 1862 2490 transferri
1905 2419 2050 2509 longior
2082 2419 2275 2510 explicatio

1193 2541 1203 2552 ·
1279 2531 1407 2609 posset.
1459 2518 1529 2589 Sed
1547 2521 1649 2590 nolui
1664 2520 1837 2612 prolixior
1855 2544 1941 2595 esse.
1974 2515 2052 2592 Oro
2072 2534 2189 2593 antem
2209 2515 2276 2590 Fi-

1279 2620 1368 2690 lium
1385 2620 1457 2691 Dei
1468 2619 1668 2692 Dominum
1688 2635 1849 2692 nostrum
1861 2620 1977 2696 lesum
1987 2619 2170 2694 Christum
2187 2646 2276 2693 cru-

242 2737 294 2794 est
314 2725 352 2795 in
368 2724 600 2796 concionibus
617 2719 773 2806 Christi,
798 2715 1059 2811 Prophetarum
1078 2735 1112 2793 et
1129 2717 1228 2812 Apo·
1279 2721 1419 2790 cilixum
1444 2748 1510 2815 pro
1525 2723 1633 2794 nobis
1650 2737 1685 2794 et
1700 2724 1972 2808 resuscitatum,
1999 2726 2183 2797 custodem
2198 2720 2276 2794 Ec-

242 2827 435 2911 stolorum,
462 2840 624 2918 oportere
648 2825 687 2895 io
709 2822 842 2892 renatis
865 2823 939 2892 esse
963 2823 1086 2906 fidem,
1112 2837 1147 2893 et
1173 2822 1229 2892 iu·
1279 2823 1405 2892 clesiac
1420 2847 1522 2910 suae,
1551 2839 1594 2897 ut
1615 2827 1806 2896 clementer
1824 2839 1860 2896 et
1874 2823 2051 2897 Ecclesiae
2069 2839 2106 2897 et
2121 2824 2276 2894 Politias

241 2927 379 3000 stiriam
406 2930 522 2999 bonae
545 2926 799 3010 conscientiae,
826 2925 918 2996 sicut
941 2923 1075 3018 inquit:
1106 2923 1229 2996 Milite
1279 2919 1563 2997 etOeconomias
1574 2941 1713 3001 nostras
1723 2929 1938 3016 gubernetet
1949 2941 2118 3019 protegat.
2136 2921 2273 3003 Amen.

241 3031 373 3102 bonam
388 3029 554 3101 militiam
572 3023 713 3098 habens
725 3026 829 3098 iidem
848 3041 881 3096 et
897 3028 1027 3097 bonam
1046 3027 1228 3096 conscien-

1693 3063 1769 3112 Lsns
1793 3060 1860 3112 Deo.
