4616 5818
58 211 120 290 285

58 385 90 451 in
102 404 158 451 soa
171 377 427 474 promissione,
453 388 487 447 et
502 398 578 446 non
592 374 669 445 sine
683 375 893 458 certamine,
918 395 958 442 ac
975 371 1026 442 la·

24 556 30 566 ,
58 487 145 567 bore,
169 505 231 552 cor
247 477 302 553 hie
315 478 529 553 testimoniis
544 477 715 558 vincitur,
741 491 781 546 ut
797 477 1001 568 acquiessat.

143 583 184 654 ln
201 579 269 654 hoc
283 581 473 654 certamine
489 603 571 650 vere
585 593 637 650 est
647 578 766 648 efficax
776 575 933 674 Spiritus
943 599 1025 645 san-

61 701 139 771 ctus,
163 699 197 758 et
211 685 318 755 corda
334 683 443 754 flectit
461 695 501 754 ut
516 681 749 774 acquiescant.
801 677 853 752 lta
871 677 1024 750 sciamus

59 811 111 859 nos
125 787 236 858 iuvari
251 808 271 855 a
286 785 425 877 Spiritu
440 795 581 863 sancto,
605 781 644 851 in
665 780 910 866 invocatione,
936 779 1027 849 sicut

58 889 130 960 dicit
152 891 188 958 in
211 882 401 958 Zacharia:
432 882 626 956 Effundam
647 906 754 975 super
778 906 839 953 eos
861 883 1025 974 spiritum

58 990 172 1080 gratiae
184 1003 217 1060 et
242 1013 398 1080 precum.
446 983 494 1057 Et
517 986 619 1056 utin
642 984 887 1066 invocatione,
912 985 963 1054 sic
986 982 1026 1054 in

58 1093 208 1164 omnibus
222 1091 354 1162 nostris
375 1087 543 1184 periculis
569 1102 604 1159 et
628 1086 846 1170 actionibus,
871 1080 940 1155 hoc
961 1107 1025 1154 au·

58 1193 164 1264 silium
188 1207 348 1284 petamus
378 1202 414 1260 et
443 1201 675 1281 expectemus.
732 1187 833 1261 Sicut
859 1181 1022 1257 Christus

58 1294 173 1387 inquit:
200 1292 305 1365 Dabo
329 1292 432 1362 vobis
451 1291 615 1383 spiritum
638 1289 872 1382 paracletum,
897 1311 1027 1380 suppe-

57 1396 208 1466 ditantem
223 1395 411 1466 consilinm
427 1407 461 1464 et
476 1392 668 1476 auxilium,
693 1405 735 1463 ut
752 1387 924 1459 Davidem
939 1412 1026 1460 exu-

56 1496 169 1567 lantem
189 1509 382 1584 sustentat,
417 1518 461 1564 ne
475 1497 659 1584 desperet,
690 1508 725 1564 et
744 1492 852 1562 flectit
873 1492 918 1562 ad
939 1515 1025 1562 cort-

12 1645 13 1652 .
58 1597 122 1667 silia
136 1599 301 1683 meliora,
328 1609 363 1668 et
378 1595 524 1666 adiuvat
538 1595 576 1664 in
594 1593 679 1686 ipsis
694 1593 860 1682 negociis.

143 1729 236 1802 Haec
252 1731 381 1802 melius
401 1731 669 1819 intelliguntur,
694 1753 774 1798 cum
799 1728 836 1796 in
859 1725 1026 1819 perieulis

60 1827 139 1902 hunc
153 1835 445 1923 gubernatorem,
465 1855 548 1902 vera
565 1830 790 1901 invocatione
806 1829 1025 1923 quaerimus:

59 1935 228 2022 cogitemus
257 1949 374 2006 antem
398 1931 512 2004 Deum
541 1956 615 2002 non
642 1934 772 2003 frustra
800 1944 914 2001 tantas
942 1954 1026 2023 pro-

61 2035 222 2106 missiones
238 2033 459 2120 exhibuisse,
487 2035 565 2104 vult
579 2056 637 2103 eas
654 2039 741 2126 pett.
788 2030 872 2103 Non
894 2031 1025 2103 frustra

11 2201 12 2216 ,
60 2135 136 2206 nisit
150 2135 307 2226 Filium,
332 2139 392 2208 sed
407 2135 484 2206 vult
499 2159 581 2205 enm
604 2134 764 2225 agnosci,
797 2156 871 2204 non
895 2134 1025 2204 frustra

11 2237 12 2256 ¹
61 2238 211 2324 promittit
228 2236 337 2308 nobis
355 2236 523 2308 omnibus
543 2229 613 2306 hoc
636 2238 759 2324 ingens
782 2258 931 2318 munus,
957 2235 1025 2304 sci-

61 2335 140 2416 licet,
164 2341 369 2410 societatem
380 2361 464 2408 auae
478 2352 641 2422 naturae,
655 2337 767 2406 effuso
783 2335 820 2403 in
838 2338 942 2406 corda
959 2359 1025 2406 no-

61 2451 132 2522 stra,
154 2464 216 2511 suo
232 2441 361 2510 divino
379 2439 527 2531 spiritu,
552 2439 642 2528 sicut
658 2438 805 2508 dicitur:
832 2431 1025 2508 Effundam

61 2539 94 2608 de
105 2565 174 2612 meo
188 2543 319 2634 spiritu
334 2557 399 2614 etc.
451 2533 539 2610 Vult
554 2535 774 2610 hortantum
792 2540 926 2609 donum
939 2538 1025 2631 peti,

11 2651 12 2700 ἶ
61 2654 86 2709 et
109 2646 162 2716 dat
191 2645 416 2736 petentibus,
455 2656 496 2712 ut
519 2635 682 2712 Christus
709 2641 845 2732 inquit:
880 2639 1023 2729 Quanto

61 2745 148 2832 magis
175 2759 278 2837 pater
307 2759 422 2815 vester
442 2741 601 2814 coelestis
622 2742 722 2813 dabit
747 2740 920 2832 Spiritum
943 2764 1024 2810 san-

62 2857 136 2913 ctum
151 2846 365 2937 petentibus.
407 2842 455 2915 Et
470 2842 602 2937 quibus
616 2843 694 2930 det,
713 2844 781 2912 iam
799 2843 892 2928 dixi,
906 2844 1024 2911 ornni-

10 2969 11 3014 t
62 2941 113 3013 bus
126 2950 182 3040 qui
200 2961 462 3018 convertuntur
475 2945 520 3015 ad
536 2945 676 3026 Deum,
700 2960 732 3016 et
752 2957 891 3035 petunt.
940 2941 1024 3014 Non

61 3043 107 3115 dat
120 3049 320 3120 nolentibus
336 3063 474 3140 petere,
506 3047 777 3138 aspernantibus
799 3060 934 3116 tantum
958 3047 1023 3117 do-

61 3165 146 3234 num,
167 3150 374 3221 nolentibus
396 3147 554 3219 converti
578 3153 622 3216 ad
644 3145 771 3218 Deum.
823 3143 1024 3219 Exciternus

10 3263 11 3310 ῑ
60 3245 148 3332 igitur
165 3275 229 3321 nos
250 3254 298 3321 ad
322 3249 598 3344 poenitentiam,
638 3265 673 3320 et
695 3250 886 3341 petendum
909 3247 1024 3342 Spiri-

10 3359 12 3424 ἑ
62 3359 120 3418 tun
134 3369 304 3428 sanctum.

384 3517 670 3583 ltaquerto.

10 3643 11 3720 ζ
141 3621 322 3696 Postrema
341 3648 423 3715 pars
441 3619 546 3695 buius
562 3621 725 3694 lectionis
746 3624 792 3693 de
813 3647 916 3694 cruce
938 3648 1024 3694 con-

10 3721 11 3738 ³
60 3723 208 3797 donatur.
267 3721 477 3818 Opponitur
504 3725 600 3794 enim
625 3725 861 3817 praemonitio
885 3725 1023 3816 vulgari

60 3820 253 3898 ludaeorum
267 3827 534 3916 imaginationi,
556 3825 618 3920 qui
632 3826 847 3898 simulabant
863 3827 901 3896 in
916 3849 1023 3918 regno

61 3922 208 4018 Maniae,
235 3953 272 3999 se
287 3927 436 4021 imperia
454 3942 689 4018 occupaturus
705 3951 800 4015 esse,
825 3945 859 4002 et
879 3923 1023 4000 habitu-

61 4050 107 4096 tot
132 4031 367 4100 dulcissimam
396 4029 712 4124 tranquillitatem:
745 4025 843 4104 hune
866 4056 1023 4101 errorem

10 4169 11 4232 p
61 4141 151 4217 taxat,
192 4147 227 4204 et
251 4145 474 4224 praemonet,
508 4133 614 4226 quale
636 4132 682 4202 sit
702 4155 851 4223 regnum
872 4133 1025 4204 Messiae

10 4233 11 4294 l
60 4229 196 4302 laturum
215 4249 297 4306 ante
319 4235 625 4307 resurrectionem.
678 4231 848 4324 Spargarn
874 4259 1024 4328 pervus

10 4347 11 4358 ¹
60 4323 273 4424 Evangelinm
288 4361 425 4422 meum,
459 4337 627 4408 intutum
651 4339 848 4422 mundum,
883 4355 922 4408 nt
950 4337 1023 4408 eol-

60 4430 146 4520 ligam
159 4433 351 4507 Ecclesiam
369 4440 570 4508 credentem
594 4431 704 4521 mihi,
738 4451 775 4510 et
797 4439 1021 4511 confitentem

61 4556 121 4613 me,
152 4561 256 4632 qnam
283 4537 421 4628 Spiritu
444 4556 564 4612 saneto
586 4561 725 4628 regam,
761 4553 802 4610 ut
825 4541 863 4610 in
888 4542 938 4610 eis
964 4543 1023 4610 in·

62 4637 190 4708 caintur
202 4663 295 4710 nova
310 4641 468 4726 iusticia,
484 4655 518 4711 et
537 4640 610 4711 vita
627 4651 782 4715 aeterna.
821 4641 902 4713 Non
920 4645 1021 4714 mitto

62 4758 109 4804 vos
123 4743 164 4808 ad
179 4741 325 4833 imperia
349 4744 574 4834 occupanda,
605 4743 666 4813 sed
690 4742 889 4837 plerunque
910 4745 1022 4835 impe-

61 4835 101 4905 ria
127 4839 162 4908 in
189 4866 272 4928 vos,
305 4857 340 4914 et
367 4841 561 4916 Ecclesiam
595 4845 807 4915 exercebunt
830 4845 1022 4938 saevitiam,

62 4933 184 5011 iruulric
200 4944 273 5034 ipse
289 4946 443 5037 populns
466 4947 595 5024 Israie'l,
630 4947 692 5040 qui
718 4948 892 5037 gloriatur
914 4947 1018 5018 titulo

62 5043 162 5131 populi
179 5045 268 5132 Dei,
293 5049 395 5118 vobis
408 5049 669 5119 adversabitur:
696 5043 824 5120 Eiiciet
842 5073 904 5118 vos
926 5067 1020 5122 extra

62 5131 231 5216 Ecclesiam
249 5171 366 5234 snam,
392 5164 559 5244 tanquam
575 5145 787 5242 liostesDei.
840 5149 910 5222 Sed
925 5175 1021 5222 nnnc

10 5281 11 5310 i
63 5259 252 5326 praemoneo
281 5276 362 5336 vos,
399 5266 441 5324 ut
468 5253 586 5324 sciatis
612 5275 733 5322 veram
754 5248 948 5324 Ecclesiam
969 5252 1021 5324 ibi

10 5351 12 5372 ’
65 5362 139 5432 ene,
168 5350 231 5422 ubi
253 5347 488 5445 Evangelium
510 5379 630 5427 meum
652 5355 737 5444 erit,
777 5369 812 5427 et
842 5355 1020 5430 invocatio

582 199 665 276 Xll.
718 195 1113 275 ANNOTATIONES
1141 195 1192 272 ΙΝ
1216 193 1550 272 Evaunum·

1990 197 2066 273 286

1077 367 1165 454 Dei,
1191 393 1256 468 per
1273 393 1404 442 nornen
1420 393 1558 456 meum,
1586 371 1676 442 sicut
1698 371 1879 464 aliquanto
1904 385 1985 442 ante
2007 372 2065 440 di-

1077 485 1190 544 xerat:
1218 472 1258 544 Si
1274 473 1472 546 manseritis
1488 475 1526 543 in
1544 496 1622 558 me,
1645 487 1677 544 et
1702 476 1809 544 verba
1835 497 1912 543 mea
1932 473 1977 542 'in
1999 498 2063 542 vo·

1078 574 1133 643 bis
1162 577 1377 655 manserint,
1409 576 1580 668 quicquid
1613 575 1815 661 volueritis,
1848 575 1994 666 petetis,
2027 589 2062 644 et

1077 675 1134 746 bet
1151 677 1261 748 vobis.
1314 675 1419 748 ltem:
1447 675 1489 746 ln
1511 675 1578 747 ltoc
1600 677 1816 764 glorificatur
1840 691 1941 774 pater
1965 701 2062 745 meris

1077 779 1255 858 coelestis,
1281 791 1321 849 nt
1334 781 1489 848 fructum
1506 781 1657 851 multum
1674 779 1811 862 ieratis,
1837 791 1872 849 et
1886 779 1976 849 fiatis
1991 779 2061 847 mei

1077 877 1253 973 discipuli.

1178 1009 1279 1085 Nihil
1295 1015 1431 1086 tristius
1447 1028 1509 1101 est,
1522 1040 1627 1110 qnam
1645 1015 1725 1085 eiici
1740 1039 1781 1086 ex
1788 1011 1958 1103 Ecclesia,
1973 1042 2062 1110 quae

1078 1141 1159 1187 vere
1175 1117 1225 1188 sic
1240 1116 1381 1186 dieitur.
1435 1117 1519 1189 ldeo
1534 1119 1709 1189 discamus
1725 1143 1815 1212 qnae
1831 1119 1876 1189 sit
1893 1143 1974 1190 vera
1990 1116 2061 1189 Ec·

1078 1217 1204 1288 clesia:
1229 1219 1369 1296 [deinde
1391 1220 1496 1290 etiam
1519 1232 1717 1311 repetamus
1738 1220 1934 1292 doctrinam
1956 1245 2062 1308 gene-

1079 1320 1187 1392 ralem
1203 1321 1247 1390 de
1262 1343 1384 1406 cruce,
1418 1345 1526 1415 quare
1545 1319 1640 1392 Deus
1665 1336 1746 1393 aute
1769 1323 2061 1392 resurrectionem

1078 1423 1164 1494 velit
1186 1419 1380 1492 Ecclesiam
1414 1425 1605 1492 subiectam
1641 1446 1715 1494 esse
1741 1425 1855 1508 cruci,
1887 1423 2062 1508 videlicet,

1078 1525 1161 1618 quia
1178 1538 1295 1594 manet
1311 1537 1490 1612 peceatum
1507 1520 1619 1595 inbac
1629 1524 1799 1596 imbecilli
1811 1538 1948 1609 natura,
1965 1529 2061 1618 quod

1079 1628 1156 1696 vult
1178 1626 1340 1714 agnosci,
1380 1628 1532 1696 coiirceri
1556 1627 1832 1712 calamitatibus,
1866 1641 1899 1697 et
1925 1627 2061 1697 aboleri

1078 1741 1211 1814 morte,
1234 1739 1275 1798 ut
1291 1725 1424 1797 Paulns
1445 1729 1578 1820 inquit:
1612 1727 1749 1820 Corpus
1773 1729 1986 1800 destinatum
2009 1743 2062 1798 est

1079 1830 1204 1915 morti,
1244 1841 1392 1921 propter
1416 1842 1618 1921 peccatum,
1661 1831 1812 1918 scilicet,
1850 1825 2000 1900 haerens
2022 1830 2061 1898 in

1077 1955 1193 2005 carne.

1178 2065 1267 2135 Vult
1281 2064 1491 2135 aillictiones
1508 2068 1647 2138 assidua
1662 2068 1823 2140 exercitia
1839 2092 1913 2138 esse
1935 2069 2064 2159 poeniss

1077 2165 1205 2239 tentiae
1220 2181 1255 2236 et
1267 2165 1521 2251 invocationis,
1547 2169 1622 2239 vult
1639 2169 1723 2241 item
1737 2193 1795 2238 eas
1812 2192 1884 2238 esse
1901 2171 2060 2242 testimo-

1077 2269 1137 2338 nia
1152 2265 1353 2349 doctrinae,
1380 2292 1460 2336 cum
1476 2265 1674 2359 Prophetae
1690 2285 1723 2341 et
1738 2271 1900 2363 Apostoli
1922 2271 2060 2340 malunt

1079 2369 1189 2456 mori,
1227 2392 1334 2462 qnam
1360 2369 1512 2440 abiicere
1538 2373 1754 2458 doctrinam,
1796 2375 1989 2443 ostendunt
2022 2395 2059 2440 se

1077 2498 1159 2543 vere
1174 2471 1322 2556 sentire,
1348 2473 1443 2561 quod
1459 2475 1600 2548 docent.
1652 2473 1740 2545 Vult
1757 2475 1839 2546 item
1860 2473 2061 2546 testimonia

1077 2599 1168 2660 esse,
1202 2575 1299 2666 quod
1321 2571 1417 2643 aliud
1442 2574 1613 2644 iudicium
1637 2571 1752 2649 restet.
1809 2573 1903 2666 Quia
1926 2571 1985 2646 hic
2005 2575 2060 2644 vi-

1076 2679 1207 2748 dentur
1222 2676 1260 2745 in
1280 2688 1394 2745 morte
1409 2676 1574 2765 neglecti,
1599 2673 1743 2768 Esaias,
1767 2677 1951 2762 ieremias,
1965 2676 2060 2748 Pau·

1077 2781 1148 2865 lus,
1164 2800 1252 2873 qnos
1269 2772 1366 2846 Deus
1380 2779 1533 2848 ostendit
1548 2792 1650 2848 antea
1668 2779 1737 2850 sibi
1750 2802 1854 2850 curae
1869 2802 1955 2854 esse.
1985 2777 2060 2848 Ne·

1076 2905 1169 2952 cesse
1186 2894 1238 2950 est
1250 2878 1360 2967 igitur
1375 2878 1470 2950 aliud
1488 2880 1658 2951 iudicium
1673 2894 1823 2966 restare,
1849 2881 1887 2950 in
1903 2904 1975 2974 quo
1991 2905 2058 2971 pu·
2089 2902 2102 2972 j

1077 2983 1221 3052 nientur
1236 2980 1397 3075 tyranni,
1433 2982 1495 3075 qui
1511 2983 1549 3050 in
1566 3007 1625 3054 eos
1640 2983 1858 3064 saevierunt,
1883 2981 1946 3052 nbi
1961 2981 2058 3054 Dens

1076 3085 1267 3156 discrimen
1282 3083 1442 3166 ostendet
1456 3107 1538 3154 suae
1552 3081 1731 3156 Ecclesiae
1750 3077 1785 3156 et
1804 3075 2007 3180 impiorum.

1307 3303 1360 3386 ln
1403 3303 1486 3390 Die
1530 3305 1822 3392 pentecostes.

1315 3445 1550 3542 Evangelium
1566 3449 1740 3525 Iohannis
1757 3455 1816 3528 14.

1126 3581 1269 3682 Siquis
1288 3579 1417 3680 diligit
1434 3611 1507 3674 me,
1530 3611 1729 3660 sermonem
1749 3613 1865 3662 meum
1885 3586 2058 3680 servabat,

1175 3695 1207 3756 et
1222 3695 1328 3784 pater
1341 3711 1442 3760 meus
1456 3686 1586 3785 diliget
1602 3717 1700 3774 eunt,
1730 3702 1762 3763 et
1779 3687 1835 3762 ad
1848 3716 1926 3763 eum
1942 3690 2058 3761 venie-

1175 3813 1277 3881 mus,
1312 3791 1602 3863 et'mansionem
1633 3789 1740 3891 apud
1763 3817 1841 3865 eum
1859 3793 2056 3894 sociemus.

1176 3885 1257 3988 Qui
1286 3916 1360 3962 nun
1393 3889 1520 3986 diligit
1548 3919 1621 3978 me,
1660 3919 1842 3966 sermones
1862 3918 1959 3964 meos
1982 3917 2056 3961 acin

1176 4002 1315 4080 servat,
1341 3991 1396 4064 Et
1412 4019 1612 4065 sermonem
1637 4020 1741 4095 quem
1763 3991 1947 4082 audistis,
1982 4017 2057 4064 non

1175 4103 1226 4164 est
1240 4117 1359 4182 meus,
1384 4091 1452 4166 scd
1465 4095 1542 4167 eius
1555 4097 1622 4196 qai
1634 4098 1736 4168 misit
1748 4121 1803 4168 me
1815 4093 1950 4194 patris.

1123 4211 1387 4285 Haeclocutus
1409 4239 1492 4285 sum
1519 4214 1638 4299 vobis,
1681 4213 1787 4318 apud
1807 4241 1868 4287 vos
1891 4240 2056 4286 manens.

1174 4310 1394 4386 Paracletus
1415 4327 1536 4388 autem
1560 4315 1725 4416 Spiritus
1746 4328 1915 4400 sanctus,
1950 4341 2054 4416 quem

1173 4417 1286 4488 mittit
1306 4419 1470 4514 paterio
1487 4420 1631 4494 numine
1655 4445 1750 4506 mea,
1783 4419 1848 4492 ille
1870 4445 1930 4492 vos
1954 4421 2055 4490 dace-

1175 4518 1388 4606 dilemma,
1414 4531 1446 4592 ct
1459 4534 1627 4619 suggeret
1643 4521 1744 4596 vobis
1763 4523 1910 4606 omnia,
1942 4545 2053 4622 quae-

1174 4645 1311 4720 cunque
1327 4618 1415 4694 diat
1429 4623 1541 4701 vobis.

1121 4733 1252 4812 Pacem
1270 4737 1438 4840 relinquo
1454 4741 1571 4827 vobis,
1601 4767 1726 4840 pacem
1741 4771 1858 4816 meam
1875 4741 1922 4815 do
1945 4740 2056 4829 vobis,

1172 4839 1262 4917 Non
1277 4840 1459 4940 quomoda
1481 4841 1643 4948 mundus
1663 4844 1749 4931 dat,
1785 4872 1850 4944 ego
1872 4841 1920 4915 da
1944 4844 2053 4917 vobis.

1171 4941 1262 5018 Non
1277 4943 1442 5016 turbetur
1459 4959 1704 5036 currentum,
1731 4974 1844 5048 neque
1859 4943 2054 5046 formidet.

1133 5127 1137 5135 ,
1172 5043 1527 5148 Audistisquodego
1543 5047 1630 5122 diat
1643 5051 1755 5138 vobis,
1779 5047 1823 5122 V
1817 5049 1892 5120 ado
1906 5058 1938 5119 et
1955 5049 2057 5119 venio

1169 5147 1310 5226 advos.
1363 5147 1411 5220 Si
1423 5147 1625 5246 diligeretis
1647 5178 1720 5240 mc,
1743 5147 1955 5246 gauderetis
1983 5150 2056 5220 uti-

1172 5278 1259 5352 que,
1283 5251 1374 5350 quia
1388 5248 1490 5334 dc'asi,
1513 5253 1554 5328 V
1552 5252 1626 5326 ado
1639 5250 1696 5325 ad
1702 5263 1866 5353 patrem,
1880 5252 1970 5354 quia
1984 5277 2055 5348 pa-

1170 5353 1503 5429 mmmmm
1828 5365 1834 5380 '
