4622 5818
17 163 90 242 865
263 161 346 244 llll.
406 159 805 243 ANNOTATIONES'
825 159 896 242 ΕΤ
919 161 1205 246 CONCIONES
1229 165 1281 244 ΙΝ
1305 162 1488 244 EVANG.
1516 166 1798 294 Marsuam
1971 191 2048 266 866

17 334 176 426 vocatio,
203 331 414 414 exercitium
429 337 528 425 lidei,
552 341 626 412 no'n
642 352 693 413 est
708 337 782 414 otio
795 339 910 428 locos,
937 362 1012 411 non
1059 334 1162 414 Circa
1177 337 1411 423 Pentecosten
1430 341 1571 414 nullum
1586 342 1664 416 lore
1676 343 1920 428 Lutheraunor
1936 325 1975 432 in
1990 357 2048 437 his
2083 409 2088 426 .

14 440 203 526 avaritiae,
233 463 306 512 non
322 438 521 513 ambitioni.
572 440 633 514 Sic
648 443 753 515 durat
767 439 937 531 Ecclesia,
960 441 1011 514 sic
1059 443 1180 536 terris.

15 557 252 614 conservatur
271 537 508 634 Evangelinm
532 543 571 614 in
592 543 724 616 talibus
746 544 939 626 exercitiis,
970 557 1012 617 ut
1160 541 1232 616 Sed
1262 559 1380 618 tamen
1409 539 1507 616 Deus
1536 547 1701 635 promisit
1728 553 1832 626 nohis
1860 561 2046 654 auxilium,

14 642 49 712 io
64 639 261 740 Babylone
282 657 358 716 erat
381 645 496 717 maior
517 645 629 735 gloria
646 643 823 716 Ecclesiae
838 645 1011 732 adflictae,
1057 647 1195 719 etiamsi
1215 670 1337 720 snmus
1356 647 1510 730 infirmi,
1535 646 1632 719 Deus
1646 653 1759 725 aderit
1775 668 1913 746 tamen,
1938 678 1972 738 et
1985 666 2044 738 iu.

14 741 175 816 Danielis
210 760 249 817 et
274 746 446 835 aliorum,
475 748 546 844 ·qui
575 747 746 818 nolebant
766 749 914 820 adorare
936 761 1010 822 sta-
1055 747 1156 821 vabit
1179 773 1262 838 nos,
1288 763 1329 822 nt
1350 749 1596 842 proficiamus,
1621 764 1657 824 et
1677 758 1830 830 servabit
1846 759 1960 836 lucem
1976 767 2044 840 do-

12 860 128 942 tuam,
156 863 266 921 antea
282 847 398 922 fuerat
414 847 455 921 iu
470 849 545 924 otio
564 846 802 944 lerosolymis.
1055 851 1201 922 ctrinae.

110 961 396 1046 concluduntur
416 991 497 1039 eum
518 961 790 1048 adhortatione,
815 979 857 1041 ut
871 979 1008 1040 mema-
1159 950 1260 1044 Tilllss
1287 965 1339 1022 tsi
1359 965 1393 1023 el
1415 952 1454 1022 in
1475 929 1609 1046 ‘Marto'
1623 953 1684 1024 ille
1705 957 1767 1050 qui
1789 941 1893 1037 diclli
1914 965 2042 1045 'credo

14 1092 89 1142 mus
100 1083 242 1163 poenas
255 1063 314 1140 hic
324 1069 469 1160 positas:
496 1066 753 1142 Videntesnon
765 1068 920 1158 videant,
943 1081 1008 1142 etc.
1053 1049 1228 1142 D⁰¹¹¹3¹¹02
1254 1057 1313 1126 ⁸0⁶
1333 1055 1463 1126 adiuva
1485 1055 1768 1130 incredulitatem
1789 1087 1914 1144 meam.
1965 1069 2042 1145 lla-

1054 1155 1117 1226 bes
1129 1155 1253 1241 initia,
1279 1155 1308 1226 si
1322 1179 1395 1226 non
1408 1179 1445 1226 es
1458 1170 1655 1228 contemtor
1668 1157 1753 1246 Dei,
1776 1171 1981 1259 etanperis,
2006 1191 2042 1250 et

225 1277 335 1346 om·
350 1271 506 1347 pubem·
522 1271 695 1365 damur,
722 1281 797 1349 010,
1054 1270 1156 1352 optas
1176 1257 1358 1349 proficere.
1418 1255 1515 1329 Haec
1539 1259 1642 1330 initia
1666 1286 1747 1332 cum
1770 1260 1919 1354 habeas,
1949 1277 2039 1350 scito

112 1407 217 1482 Haec
239 1410 413 1481 sententia
436 1425 487 1482 est
500 1411 600 1482 utilis
616 1409 811 1480 consolatio
827 1431 891 1500 pro
906 1407 1008 1530 infir·-
1053 1371 1201 1550 ὲὶἑξὲἱῗ
1218 1358 1622 1554 ξὲῖἶῗὲἓὲἑςῐῗῃῗηᾟ
1637 1387 1796 1553 {icteritia
1810 1373 2040 1564 ῗιιῐιὲἱξίἰζιίἶὲ
2131 1433 2137 1446 l

17 1511 78 1582 ὐἷ’
97 1527 133 1586 ⁶²
157 1511 521 1632 incipi⁰⁰iib¹³⁸Rq¹¹i
546 1526 664 1633 'imm
686 1525 864 1632 mnfuni
878 1511 1008 1632 limi*
1053 1577 1169 1634 vester
1199 1563 1359 1636 coelestis
1392 1563 1494 1638 dabit
1522 1563 1696 1658 Spiritum
1723 1587 1882 1646 sanctum
1940 1594 1973 1654 et

19 1629 51 1687 et
71 1609 209 1686 habent
235 1617 393 1687 stodrum
416 1615 577 1685 dsscendr
595 1625 630 1684 et
650 1613 859 1706 prolimendr
880 1637 919 1684 m
936 1626 1008 1687 vcta
1053 1664 1162 1736 tibus·
1914 1602 1939 1672 P
1974 1606 2039 1654 θη·
2089 1651 2096 1664 ,

20 1727 52 1788 et
64 1717 244 1791 doctrina.

115 1815 164 1888 Et
193 1828 340 1904 econtra
366 1829 419 1890 cst
446 1814 558 1890 tristia
586 1764 2040 1977 comminatioadversus¹bu,‚1:‚²ggn{:,l;,¹::3:3231123115bngcisedeiiliiessilteeiitii,

22 1933 254 1991 contemtores
273 1919 457 1990 doctrinae
478 1932 513 1991 et
532 1933 786 2012 persecutores.
836 1915 954 1990 Etiam
969 1919 1012 1990 ιὰ
1053 1971 1222 2042 damam,
1244 1993 1327 2041 tum
1342 1969 1409 2041 mo
1424 1973 1518 2060 apud
1534 1969 1716 2044 Marcum:
1742 1973 1858 2053 Credo
1872 1982 1929 2056 Do
1971 1990 1979 2008 ,

24 2023 110 2113 qmd
124 2015 286 2108 hab‘m’
311 2021 503 2096 meretum
1054 2076 1115 2144 sed
1131 2095 1235 2164 opem
1250 2073 1304 2142 ier
1317 2093 1416 2142 meae
1433 2071 1680 2148 imbecillitati.
1931 2013 2040 2080 Μὴ

353 2221 439 2276 m„
461 2221 678 2290 „mmm
995 2252 998 2258 ,
1156 2171 1259 2243 Hanc
1279 2171 1555 2244 consolationem
1575 2173 1614 2242 in
1634 2173 1704 2244 hoc
1726 2189 1824 2250 textu
1847 2183 2039 2260 ben'econ.

1053 2273 1218 2347 siderate.
1267 2271 1417 2347 Prodest
1431 2274 1528 2345 enim
1544 2274 1692 2366 singulis
1709 2291 1742 2348 et
1760 2279 1798 2351 in
1815 2307 2013 2360 commone.

1154 2375 1251 2449 Deus
1271 2390 1305 2450 te
1328 2399 1403 2449 oon
1424 2375 1504 2449 vctlt
1522 2379 1719 2468 negligere,
1746 2381 1836 2458 sicut
1856 2385 1962 2482 sopra
1982 2395 2039 2464 di-

1030 2517 1033 2554 ε
1054 2493 1150 2554 ctum
1168 2493 1236 2552 est:
1262 2477 1394 2552 Linum
1412 2477 1589 2568 fumigans
1606 2503 1681 2550 non
1696 2483 1905 2578 exstinguet.
2009 2491 2015 2504 '

1029 2561 1035 2696 l
1156 2579 1217 2654 Sic
1240 2581 1345 2668 etiam
1369 2595 1529 2664 nostram
1551 2593 1661 2654 totam
1681 2580 1873 2660 Ecclesiam
1895 2616 2041 2685 gemen-

1031 2697 1124 2785 ,tem
1156 2695 1190 2755 et
1217 2684 1447 2770 clamantem,
1472 2703 1683 2778 'quanquam
1712 2687 1782 2758 iam
1813 2705 1865 2765 est
1887 2698 2042 2786 adflicta,

1030 2800 1034 2840 t
1054 2787 1133 2858 volt
1150 2807 1290 2856 servare
1305 2799 1371 2858 etc.

1157 2885 1311 2958 Econtra
1332 2884 1500 2978 Epicurei
1529 2899 1564 2958 et
1592 2902 1851 2979 persecutores,
1883 2895 1946 2990 qui
1970 2900 2041 2971 iam
2100 2923 2107 2935 ¹

1055 2990 1184 3062 nolunt
1199 2985 1585 3078 audireEvangelium,
1609 2989 1770 3063 amittent
1785 3007 1893 3066 totam
1906 3001 2042 3072 doctri-

1054 3115 1122 3162 nae
1144 3091 1279 3176 lucem,
1310 3102 1344 3161 et
1365 3091 1434 3160 cito
1456 3091 1691 3177 delabuntur,
1725 3095 1862 3168 etiamsi
1885 3123 1951 3170 cros
1972 3104 2056 3173 ati..
2141 3102 2143 3108 ’

1028 3192 1227 3287 squamdin
1265 3191 1439 3264 sustinere
1471 3215 1610 3264 crucem
1647 3199 1835 3285 oportebit.
1902 3199 2042 3276 'l'amen

1030 3305 1033 3321 '
1054 3293 1154 3368 Deos
1169 3294 1323 3366 smvabit
1338 3314 1405 3365 nos
1420 3306 1455 3365 et
1467 3293 1634 3368 liberabit
1648 3309 1683 3366 et
1695 3301 1939 3376 consolabitur
1954 3327 2030 3379 nos.

116 2321 236 2397 Multi
264 2318 429 2395 homines
455 2341 636 2417 anguntur
663 2339 699 2398 et
726 2323 899 2416 cogitanta
931 2321 1008 2414 Ego

28 2427 130 2500 sentio
153 2451 273 2498 meam
293 2427 553 2513 infirmitatem,
578 2451 653 2498 non
673 2421 788 2499 habeo
806 2437 922 2498 tantas
935 2427 1010 2497 vir-

28 2539 126 2613 tutes,
158 2543 315 2624 quantas
345 2524 476 2600 habere
499 2530 691 2612 debebam,
724 2529 843 2601 nescio
865 2553 912 2600 an
932 2523 1010 2599 Deo

30 2629 192 2719 placeam,
231 2646 266 2702 et
292 2630 457 2702 incidunt
485 2633 524 2700 in
554 2654 717 2724 magnam
740 2623 1011 2718 dubitationem,

31 2753 108 2821 quae
124 2732 279 2826 impedit
294 2733 496 2826 aliquorum
513 2733 787 2808 invocationem.
836 2731 883 2804 Et
898 2733 1010 2827 aliqui

32 2853 64 2899 cx
85 2827 149 2903 hac
169 2833 371 2905 tentatione
391 2847 501 2906 ruunt
517 2836 556 2905 in
573 2835 873 2935 desperationem,
898 2835 954 2908 vel
969 2836 1009 2904 in

30 2947 237 3008 contemtum
252 2935 332 3010 Dei.
364 2933 367 2940 ’
1004 2939 1008 2950 ”

122 3035 192 3109 Hic
213 3038 328 3108 simus
348 3037 551 3130 vigilantes,
577 3052 611 3111 et
625 3037 827 3110 muniamur
842 3059 908 3118 nos
923 3061 1010 3109 con-

33 3145 78 3203 tra
97 3131 190 3209 hauc
208 3140 461 3228 tentationem,
485 3155 520 3212 et
536 3155 697 3213 teneatur
712 3135 799 3210 haec
813 3142 932 3229 regula
946 3141 1010 3210 lir-

34 3235 193 3310 missima:
222 3239 316 3312 Vivo
338 3263 420 3330 ego,
446 3242 531 3313 nolo
547 3255 698 3314 mortem
713 3241 925 3336 peccatoris,
947 3243 1009 3313 scd

34 3348 68 3405 ut
82 3357 307 3416 convertatur
323 3358 357 3413 et
373 3344 479 3419 vivat.

123 3440 162 3514 Si
181 3441 292 3515 habes
307 3445 460 3539 aliquam
474 3445 725 3517 contritionem
741 3457 775 3517 et
788 3468 863 3516 non
878 3443 1010 3518 retines

37 3558 160 3626 peccata
181 3559 307 3618 contra
329 3547 599 3635 conscientiam,
627 3561 712 3620 turne
730 3551 935 3621 mandatum
954 3549 1011 3618 di-

38 3641 147 3714 vinum
168 3664 242 3732 est,
268 3662 309 3719 ut
332 3649 399 3720 tibi
422 3653 542 3720 credas
565 3649 697 3721 remitti
714 3664 850 3742 peccata
866 3663 1011 3742 propter
1258 3619 1355 3720 Cum
1378 3641 1559 3719 dormient
1580 3641 1748 3724 homines
1767 3661 1831 3730 etc.

37 3735 218 3819 Dominum
259 3763 419 3820 nostrum
452 3747 567 3822 lesum
599 3747 802 3838 Christum,
844 3766 877 3823 et
913 3757 1011 3846 quod

38 3852 111 3914 tnnc
134 3851 269 3939 placeas
291 3846 385 3938 Deo,
406 3877 479 3923 non
502 3869 646 3947 propter
668 3866 765 3928 tuam
786 3853 1011 3934 munditiem,

39 3945 90 4014 scd
105 3967 248 4044 propter
263 3953 528 4026 intercessorem
543 3953 657 4027 fitium
672 3953 752 4028 Dei.

1359 3494 1470 3570 Alia
1499 3496 1733 3595 parabola.

1161 3797 1204 3871 ln
1232 3798 1352 3891 priore
1375 3799 1543 3891 parabola
1565 3801 1655 3872 dixit
1678 3803 1792 3896 qualis
1812 3805 1858 3877 sit
1876 3803 2042 3899 Ecclesia,

1057 3916 1092 3975 et
1107 3903 1178 3974 iam
1194 3901 1367 3994 plantavit
1381 3897 1586 3974 Ecclesiam.
1635 3902 1740 3975 Nunc
1753 3907 1797 3974 de
1815 3907 1968 3998 plantata
1985 3916 2043 3984 di·

123 4066 172 4142 Et
186 4084 374 4167 postquam
388 4096 424 4144 es
437 4074 537 4161 talis,
562 4067 633 4144 iam
649 4073 736 4146 scito
753 4090 787 4148 te
804 4073 844 4148 in
859 4070 927 4145 hoc
943 4099 1013 4146 nu·
1058 3985 1126 4093 ‘ff’
1160 4027 1247 4100 qm
1268 4001 1395 4074 habeat
1415 4004 1646 4086 mmmm*
1680 4018 1715 4076 ’ἰ
1740 4022 1878 4092 'mmet’
1904 4034 2041 4108 “mil“
2098 4073 2100 4076 ·

42 4183 126 4238 mero
142 4195 235 4260 esse,
260 4176 391 4269 dequo
408 4175 554 4246 dicitnr:
580 4173 740 4248 Habenti
756 4177 912 4250 dabitur.
1014 4143 1019 4156 .
1058 4105 1848 4306 mEcgztzaggcngx:32133833123533532
1865 4235 1966 4308 saepe
1983 4242 2041 4288 ac..

131 4283 188 4359 Tu
218 4283 327 4360 habes
350 4290 451 4364 initis
472 4293 574 4380 fidei,
607 4315 689 4384 ergo
713 4307 791 4388 peis
814 4294 1015 4376 inermen·
1060 4309 1165 4396 cidit,
1191 4309 1281 4381 sicut
1298 4309 1337 4378 in
1354 4329 1464 4398 regno
1483 4305 1770 4397 Monasteriensi,
1794 4313 1857 4384 ubi
1872 4318 2041 4392 volebant

43 4389 126 4466 lum,
149 4403 236 4462 tunc
250 4389 346 4464 Deos
362 4387 456 4465 haud
473 4396 582 4466 dubie
597 4408 631 4464 te
643 4397 805 4466 exaudiet
819 4409 853 4466 et
867 4395 1014 4470 iuvabit.
1058 4415 1171 4484 fame
1192 4407 1404 4490 Ecclesiam,
1429 4411 1469 4479 in
1491 4435 1560 4503 qua
1584 4411 1676 4484 nulli
1695 4428 1808 4486 essent
1831 4434 2040 4508 peccatores,

44 4474 127 4555 Haec
153 4506 204 4565 est
233 4494 394 4564 doctrina
424 4495 527 4566 valde
548 4497 648 4568 utilis
667 4500 711 4568 ad
735 4496 1013 4569 consolationem
1061 4513 1131 4587 sed
1160 4513 1245 4586 ως,
1275 4525 1393 4602 postea
1419 4535 1460 4582 ρο
1482 4513 1714 4607 delabuntur,
1748 4528 1789 4594 ut
1811 4518 1928 4591 nullos
1951 4524 2041 4594 reci.

46 4601 392 4686 c⁰¹11r³tousprcluttt
411 4612 551 4670 nostroe
567 4599 794 4673 infirmllsllt·
1060 4616 1180 4710 piant,
1201 4614 1282 4684 »nisi
1301 4635 1383 4683 suos
1404 4614 1624 4699 adolatores,
1654 4629 1688 4687 et
1711 4610 1776 4688 hos
1798 4617 1936 4710 fingant
1959 4646 2040 4695 san·

67 4797 74 4814 .
136 4707 233 4783 ldem
255 4716 401 4787 docetor
425 4716 464 4785 in
485 4711 552 4788 boc
568 4718 679 4788 dicto:
706 4714 802 4789 Deos
820 4718 947 4812 estqui
961 4717 1021 4814 la·¹
1060 4731 1239 4803 ctosesso,
1263 4714 1399 4788 etiamsi
1413 4729 1496 4786 sunt
1510 4716 1652 4808 pessimi
1667 4719 1873 4794 nebulones.

50 4815 104 4882 Ul.
133 4828 169 4884 ut
194 4816 326 4902 velitis,
359 4831 391 4887 et
416 4832 455 4889 nt
479 4819 683 4912 perficiatis,
717 4834 757 4890 nt
778 4819 895 4911 aliqua
920 4822 1014 4889 bonu
1161 4819 1217 4892 sic
1245 4839 1328 4908 ergo
1352 4811 1437 4888 haec
1460 4821 1619 4888 doctrina
1642 4843 1683 4890 ex
1708 4815 1774 4892 hac
1794 4823 2040 4912 similitudine,
2081 4827 2099 4916 j

50 4897 195 5012 iscripsi
211 4932 318 5007 grata.
360 4917 399 4988 ld
417 4936 486 5008 est,
511 4919 563 4992 Ne
576 4925 738 5012 desperes
756 4935 900 5013 propter
915 4933 1013 4991 tuam
1061 4923 1158 5016 quod
1181 4921 1221 4991 in
1242 4916 1308 4990 hac
1329 4918 1418 5004 vita,
1443 4943 1555 5012 usque
1573 4921 1618 4990 ad
1632 4925 1922 4994 resurrectionem
1937 4951 2040 4998 man-

53 5005 290 5106 munitatem,
316 5020 407 5090 sient
426 5022 495 5092 iam
519 5037 612 5094 certe
628 5024 760 5116 ‘species
775 5021 1013 5092 Ecclesiarnm
1061 5047 1142 5094 sura
1165 5024 1211 5094 sit
1234 5016 1490 5120 scelestino,
1515 5035 1548 5094 et
1569 5023 1666 5116 quud
1686 5047 1822 5117 semper
1845 5025 1883 5094 in
1906 5050 1945 5098 ea
1968 5032 2041 5106 sint

56 5122 232 5190 nostramm
262 5121 364 5191 valde
387 5137 438 5194 cst
461 5123 620 5211 infirma,
653 5126 755 5196 multi
780 5139 904 5216 putant
927 5126 1013 5207 lore,
1062 5125 1160 5196 mixti
1176 5123 1313 5195 boniet
1330 5121 1436 5196 mali.
1964 5119 1972 5129 ”

55 5217 88 5274 ut
101 5218 195 5300 paulo
209 5235 287 5314 post
302 5226 461 5294 deleatur
476 5241 545 5297 tota
560 5227 924 5318 doctrinaEvangelii‚
946 5226 1014 5296 sic·
1163 5223 1262 5316 Quid
1279 5223 1388 5316 igitur
1401 5221 1489 5295 dicis
1504 5223 1549 5294 de
1567 5225 1954 5300 excommunicatione?
1982 5232 2042 5308 An

58 5318 89 5374 ¹¹1
108 5335 210 5410 nuper
228 5326 318 5396 dixit
338 5323 535 5425 Episcopus
557 5329 808 5418 babuci-anus,
827 5343 866 5401 nt
887 5328 1012 5402 audio:
1062 5350 1137 5399 non
1166 5341 1250 5400 sunt
1281 5323 1609 5398 excommunicandi
1640 5325 1750 5396 mali?
1809 5325 2042 5426 Respondeo:
2089 5347 2097 5352 '

17 5525 21 5534 ι
98 5411 262 5500 Mauras.
280 5431 384 5498 Orsa.
411 5426 499 5506 Vos..
515 5433 609 5501 xlv.
1021 5537 1024 5552 Ι
1488 5421 1539 5500 55
1839 5447 1846 5463 '
