4590 5808
65 99 124 170 nii
202 152 204 173 ,
299 91 383 165 iiii.
435 49 833 166 inrorarioivns
859 85 927 162 nr
953 84 1239 164 conciones
1266 89 1318 164 iiv
1342 89 1528 172 avano.
1554 93 1837 178 iiavriiiini.
2008 116 2083 189 roo

63 291 95 340 ac
113 265 192 336 velle
211 261 313 334 nobis
339 261 523 354 opitulari.
583 257 676 352 Quis
705 275 868 334 nostrum
896 275 1030 355 peteret
1079 263 1136 332 vel
1153 263 1283 336 fiducia
1301 277 1384 336 tuae
1399 265 1602 358 dignitatis,
1627 274 1816 350 munditiei
1832 293 1867 352 et
1881 288 2079 366 sanctitatis

62 367 132 444 haec
146 368 251 448 bona,
276 378 339 436 aut
355 365 534 459 quiscum
552 364 752 450 invocaret,
779 364 848 436 nisi
870 365 1028 459 exempla
1077 367 1122 435 ad
1140 365 1259 438 Deum
1283 370 1448 456 accedas,
1480 370 1537 441 vel
1560 385 1658 444 metu
1684 391 1907 468 peccatorum
1929 403 2075 468 tuorum

61 483 155 544 nient
166 467 367 561 proposita?
411 465 532 540 Etiam
547 489 628 538 cum
643 464 794 556 legimus
812 481 846 538 et
862 470 1029 540 audimus
1075 465 1192 540 Deum
1206 469 1339 560 fugias:
1373 472 1435 541 sed
1450 485 1491 544 ut
1506 475 1544 544 iu
1560 499 1642 545 vera
1661 485 1891 558 conversione
1906 514 2073 582 agnoscas

61 569 130 644 baec
143 571 306 662 exempla,
330 595 372 642 ac
388 571 592 642 testimonia
606 569 720 640 oculis
734 569 892 642 subiecta
909 595 1027 642 coram
1076 582 1153 642 tuas
1170 573 1293 642 sordes
1309 585 1342 643 et
1358 588 1517 664 peccata,
1543 588 1578 646 et
1600 579 1724 651 credas
1747 607 1787 654 ac
1809 603 1904 664 certo
1928 607 2061 672 statu„

61 676 233 758 intuemur,
265 689 385 747 tamen
408 685 504 744 tanta
531 686 584 744 est
605 671 793 750 infirmitas
816 687 955 759 nostra,
989 688 1028 744 ut
1076 665 1352 744 huncblessiam
1370 692 1516 769 propter
1530 671 1622 750 hanc
1638 682 1751 772 ipsam
1766 711 1906 760 causam
1923 657 2072 774 venisse,

58 778 249 868 trepidemus
269 799 310 844 ac
331 775 553 858 dubitemus,
586 796 633 842 an
661 775 828 844 invocare
853 773 969 846 Deum
993 789 1027 846 et
1074 787 1113 844 ut
1129 789 1229 846 vocet
1244 790 1444 868 peccatores
1457 782 1501 850 ad
1517 783 1784 874 poenitentiam,
1811 795 1957 888 recipiat
1974 759 2070 894 ipsos

56 893 154 972 petere
169 878 338 948 auxilium
352 878 398 948 ab
415 878 492 967 ipso
509 877 709 948 debeamus.
746 874 892 965 Quanto
911 878 1026 948 maior
1072 878 1182 956 eteis
1206 878 1421 970 opituletur,
1459 882 1564 955 sicuti
1589 909 1674 957 voce
1699 909 1761 961 sua
1785 905 1949 970 testatur:
1983 901 2067 978 Non

56 995 84 1051 et
98 980 223 1050 tristior
236 981 356 1050 lutura
373 992 459 1049 esset
477 976 674 1062 dubitatio,
699 977 768 1047 nisi
784 992 858 1050 taiii
873 980 1025 1050 illustri·
1072 981 1156 1049 veni
1181 1005 1309 1052 vocare
1333 982 1464 1071 iustos,
1503 987 1564 1056 sed
1594 1004 1810 1083 peccatores,
1849 1012 1889 1071 ut
1918 1027 2067 1080 conver.

56 1085 110 1152 bus
146 1082 310 1174 exemplis
346 1080 537 1174 propositis
570 1093 728 1150 nostram
762 1081 1024 1152 invocationem
1073 1094 1206 1160 tantur.

54 1181 133 1256 Deus
155 1185 227 1276 ipse
251 1184 449 1303 llagitarct?
490 1183 603 1301 'Sunt
623 1181 733 1301 igitur
752 1183 895 1301 recitata
915 1185 1023 1255 mira·
1171 1234 1268 1308 Hm
1291 1237 1384 1309 lucta
1402 1239 1485 1310 fidei
1502 1241 1730 1316 &victorini
1775 1263 1788 1320 t
1930 1260 1938 1277 .

54 1287 134 1371 cula,
158 1287 347 1380 etquidem
368 1286 540 1370 illustria,
565 1277 678 1355 uthis
699 1287 868 1378 exemplis
892 1286 1021 1356 confir·
1734 1271 1756 1316 ¹¹
1791 1273 1846 1321 ἠ’
1864 1263 2061 1348 P²l¹⁰¹1¹0⁵⁰

51 1389 121 1458 mati
137 1403 169 1460 et
182 1389 321 1460 excitati
340 1389 560 1461 confidenter
577 1388 622 1457 ad
638 1381 734 1456 bunc
744 1387 944 1457 Dominum
960 1413 1023 1480 per
1069 1339 1261 1408 certamine
1275 1342 1491 1433 pr⁰p⁰¹¹l¹¹¹f
1507 1343 1545 1412 in
1562 1339 1618 1414 ωε
1634 1346 1859 1431 ῑθὸῑίῐῃῦὓῖἰῧ·
1910 1359 1991 1434 Non
2008 1369 2062 1440 fa-

49 1490 136 1560 sidem
161 1492 273 1584 ipsius
298 1494 525 1574 accedamus,
560 1503 596 1560 et
617 1488 787 1558 auxilium
812 1492 858 1560 ab
882 1490 959 1581 ipso
982 1492 1021 1560 iii
1068 1453 1117 1610 3¹1:
1139 1435 1517 1636 ξρῖῗπέῑίέὲῖήέῗ
1537 1447 2061 1664 ἓξεέῗίἷὲζῃᾌέἓὲδὸᾚίῑὲιῗι

2052 1630 2062 1660 i

49 1593 200 1712 omnibus·
224 1593 384 1664 consiliis
415 1606 448 1662 et
478 1591 664 1684 periculis,
708 1590 956 1681 spiritualibus
988 1609 1023 1665 et
1068 1646 1328 1739 quotquotadi
1356 1649 1556 1720 summnfu
1583 1653 1660 1724 iun,
1710 1652 1775 1728 pud
1902 1667 1928 1738 s
2030 1678 2038 1694 ·

49 1695 291 1786 corporalibus,
316 1711 476 1786 petamus
501 1707 536 1765 et
558 1705 807 1788 exspectemus.
858 1693 1022 1789 Suntque
1066 1759 1187 1832 tanos,
1211 1673 1404 1831 Ethnilos,
1430 1751 1529 1822 viros
1546 1674 1714 1827 ligonestiis
1736 1771 1770 1829 et
1779 1683 1984 1844 ailioilliereiln
1984 1699 2060 1848 illl

47 1787 926 1987 gzzcrlzzffiaOffiffigizlissjffitecffill'gl‘ebffig:
957 1793 1021 1992 gg?
1067 1849 1223 1924 retrices.
1277 1847 1443 1923 Afferunt
1460 1847 1498 1922 hi
1517 1878 1639 1928 omnes
1655 1861 1698 1927 ad
1716 1860 1832 1951 ipsum
1846 1890 1984 1960 peccata
2002 1883 2058 1951 vel

45 1999 194 2072 liberant
207 2016 244 2074 el
258 2016 396 2074 0⁰0²³¹l¹
411 2015 513 2086 0³l¹⁸i
540 2023 604 2091 ⁴²3⁰
618 2001 773 2070 “ficum
790 2023 864 2073 νοῦ·
1066 2052 1244 2128 scientiae.
1295 2052 1369 2125 Nec
1383 2057 1538 2145 postulat
1552 2082 1571 2128 a
1587 2061 1718 2133 talibus
1731 2065 1829 2138 aliud
1844 2099 1951 2168 quam
1970 2107 2057 2154 con-

437 2181 608 2240 oitsctto.
1068 2152 1278 2242 versionem,
1306 2181 1346 2228 ac
1361 2157 1477 2242 tidem,
1504 2183 1573 2252 qua
1591 2175 1747 2236 statuant
1763 2163 1858 2243 hunc
1874 2179 2056 2256 doctorem

1066 2255 1182 2328 aDeo
1200 2257 1365 2345 missum,
1397 2274 1431 2330 et
1446 2257 1615 2334 Messiain
1641 2289 1734 2350 esse,
1768 2273 1830 2365 qui
1853 2299 1963 2368 gemis
1987 2283 2056 2360 hu-

1067 2381 1213 2430 manum
1231 2361 1431 2453 recipiatur
1450 2365 1580 2451 salvet,
1621 2369 1753 2465 quique
1776 2380 1884 2465 possit
1905 2408 1945 2455 ac
1972 2391 2057 2462 velit

1067 2461 1234 2553 opitulari
1257 2463 1295 2534 in
1315 2465 1484 2535 omnibus
1506 2468 1683 2558 periculis.
1743 2471 1841 2550 Haec
1862 2483 1966 2560 initia
1992 2518 2055 2564 ne-

1066 2587 1159 2633 cesse
1190 2578 1242 2635 est
1274 2565 1401 2647 afferre¹
1430 2592 1573 2654 omnes,
1610 2573 1675 2669 qui
1702 2573 1854 2651 Messiae
1881 2593 2053 2666 auxilium

1065 2681 1254 2758 quaerunt.
1306 2666 1359 2738 Ac
1376 2682 1460 2740 sunt
1476 2665 1562 2739 haec
1577 2677 1837 2763 expressissime
1860 2689 2054 2780 significata

1064 2767 1103 2836 in
1118 2769 1271 2859 imagine
1284 2765 1586 2865 Syrophoenissae
1601 2771 1731 2849 Mattb.
1749 2777 1827 2856 15.:
1861 2785 1967 2866 Venit
1984 2795 2054 2870 Ca-

38 2940 158 3014 spectus
180 2940 408 3018 peccatorum
423 2947 462 2994 ac
477 2922 635 2994 sordium
657 2936 881 3012 nostrarum,
913 2943 1016 3012 prae·
1064 2872 1589 2944 ⁰³⁰³‘³⁹¹¹¹¹³¹¹⁸³⁰⁰¹³m³¹¹⁵²
1623 2876 1794 2955 M¹⁸⁰¹⁰f0
1810 2891 1879 2959 mel
1896 2891 2054 2974 Domine

37 3026 162 3117 cipuuin
180 3028 549 3149 impedimeritum'est
564 3047 665 3094 verae
679 3022 925 3142 invocationis.
968 3019 1016 3134 Et
1063 2969 1613 3172 ξῖὀῐίἓῖἓᾶῃξιὲηξῗᾙξ
1628 2996 1784 3159 ἔὲἒίἑῗξ
1806 2990 2054 3166 ὃΕῙῖἓεφοηίο.

37 3129 97 3200 ⁵⁰¹³
112 3127 301 3223 Evangelu
316 3141 487 3220 ”wenna
503 3129 624 3210 ‘imi’
649 3149 719 3219 qua
732 3126 859 3196 fidum
878 3139 913 3196 et
928 3149 1015 3194 Μ’
1063 3190 1098 3247 et
1112 3177 1267 3248 cultibus
1282 3179 1514 3252 idololatricis
1530 3197 1677 3272 assueta,
1691 3193 1752 3259 sed
1763 3143 1851 3267 sunt
1867 3121 2054 3279 iurgares-i

36 3231 193 3305 solatione
207 3233 309 3308 filius
325 3228 394 3302 Dei
409 3229 587 3301 Dominus
603 3235 725 3299 no‘ster
742 3226 838 3297 lesus
851 3223 1015 3297 Christus
1080 3279 1089 3296 .
1198 3280 1207 3296 .
1527 3285 1535 3302 ,
1786 3296 1795 3312 ,

35 3337 291 3428 compellandus
305 3335 363 3410 sit.
414 3328 468 3402 Ac
482 3331 629 3402 fuerunt
642 3342 729 3401 tunc
744 3351 886 3423 quoque
901 3330 1014 3401 multa
1064 3292 1111 3349 Μ
1126 3280 1227 3365 fidss’
1252 3306 1321 3375 ΨΜ
1337 3277 1433 3352 hunc
1449 3279 1637 3360 Ch'mum·
1653 3310 1812 3380 ³3⁰⁰⁵⁶¹l
1839 3314 1873 3371 ⁶¹
1898 3305 2052 3388 invocat,

128 2313 169 2384 ln
192 2309 260 2386 bac
284 2313 360 2404 ipsa
383 2310 625 2380 consolatione
645 2331 746 2377 mens
769 2307 938 2397 languida
960 2304 1019 2374 in-

42 2417 183 2506 terpellat
198 2415 478 2498 invocationem,
498 2409 682 2502 inquiens:
707 2407 815 2480 Nulla
832 2422 884 2479 est
898 2409 1018 2498 digni-

43 2529 83 2586 tas
99 2543 188 2604 mea,
225 2517 329 2588 nulla
354 2515 492 2590 merita.
533 2511 619 2584 ⁸Hic
641 2513 801 2605 leprosus
823 2526 857 2583 et
880 2513 1018 2596 caeteri,

40 2620 151 2710 quibus
178 2621 380 2714 opitulatur
403 2612 585 2698 Christus,
624 2637 687 2684 sua
721 2615 849 2704 pietate
881 2627 1015 2684 tantam

40 2719 279 2812 benignitatem
302 2722 551 2810 impetrarunt.
600 2711 677 2807 Ego
693 2717 863 2808 indignus
879 2739 943 2786 nec
959 2717 1017 2784 in·

40 2846 147 2896 vocare
170 2851 237 2896 nec
263 2823 427 2894 accedere
443 2821 487 2890 ad
503 2817 618 2890 Deum
635 2841 791 2911 possum.
842 2815 912 2889 Hic
928 2842 1015 2886 con-

35 3437 132 3508 mlllia
147 3452 395 3530 aegrotorum,
420 3456 510 3528 quos
529 3433 670 3502 eaedem
693 3432 923 3522 cogitationes
946 3456 1013 3500 im-

32 3541 251 3627 pediverunt,
285 3556 360 3634 quo
380 3535 567 3606 minusad
588 3527 771 3605 Christum
795 3535 1012 3620 accederent,

33 3663 108 3734 quae
122 3645 229 3714 nobis
242 3642 383 3712 miseris
399 3633 607 3708 homiuibus
627 3638 859 3728 obstrepunt,
885 3637 1011 3706 videli-

31 3757 86 3812 cet:
117 3745 193 3818 Cur
208 3745 337 3816 accedo
352 3743 397 3814 ad
412 3736 509 3810 hunc
525 3737 731 3818 doctorem?
758 3761 822 3808 cur
845 3751 924 3829 peto
947 3762 1011 3808 au·
1163 3737 1233 3810 Hic
1256 3742 1332 3812 sine
1353 3743 1426 3814 ulla
1448 3745 1671 3820 dubitatione
1695 3752 1797 3827 initia
1820 3759 1919 3846 fidei,
1958 3793 2048 3861 quae

30 3844 166 3918 silium?
196 3847 290 3921 Cum
313 3857 431 3917 tantae
450 3843 522 3912 sint
543 3842 797 3931 meaesordes,
823 3854 1011 3932 etpeccata
1059 3841 1193 3930 adteri,
1219 3869 1311 3915 nova
1328 3835 1565 3940 trepidatione
1582 3856 1724 3924 concuti
1742 3879 1950 3952 coeperunt:
1985 3877 2047 3942 sed

30 3959 90 4016 taio
107 3952 262 4036 atrocia,
288 3948 444 4018 dimittet
459 3944 685 4015 invocantem
701 3967 782 4012 cum
805 3941 1012 4034 ignominia,
1060 3943 1216 4037 Spiritus
1232 3963 1391 4034 sanctus,
1415 3949 1479 4043 qui
1499 3949 1599 4022 initia
1626 3955 1686 4024 illa
1708 3957 1790 4029 fidei
1810 3965 1965 4054 priinum
1990 3996 2047 4044 ar-

28 4053 322 4144 autobiurgatum
344 4047 514 4140 depellet,
548 4047 652 4117 sicuti
674 4045 867 4139 discipulos
888 4046 1011 4116 obiur-
1057 4049 1196 4132 cendit,
1228 4073 1325 4122 nuuc
1340 4074 1481 4144 quoque
1497 4051 1535 4120 in
1550 4047 1615 4124 hac
1635 4080 1726 4128 nova
1742 4061 1835 4136 lucta
1851 4091 1926 4138 eam
1946 4074 2049 4146 adiu.

27 4167 75 4238 gat
96 4155 306 4249 aliquoties,
346 4152 477 4221 frustra
502 4161 646 4218 conatos
671 4147 803 4218 imitari
829 4148 1012 4233 miracula,
1062 4163 1137 4234 vat,
1162 4151 1265 4224 sicuti
1282 4153 1401 4246 inquit
1418 4151 1564 4223 Paulus:
1593 4154 1749 4248 Spiritus
1773 4167 1970 4257 opitulatur
1991 4179 2048 4248 in.

27 4255 265 4343 quibuserant
286 4255 440 4346 impares
462 4266 527 4325 etc.
580 4247 731 4320 'l'alibus
746 4250 1010 4339 impedimentis
1059 4251 1218 4323 firmitati
1232 4269 1384 4327 nostrae.
1436 4251 1538 4327 ltem:
1566 4254 1757 4336 lntercedit
1776 4292 1841 4358 pro
1864 4275 1969 4348 nobis
1988 4303 2048 4370 ge-

27 4354 101 4426 fidei
121 4373 157 4432 et
178 4355 419 4429 invocationis
434 4373 657 4447 opponamus
671 4375 793 4422 vocein
808 4349 1009 4444 Evangelii,
1061 4353 1209 4426 mitibus
1230 4355 1542 4431 inenarrabilibus.
1604 4359 1655 4434 lta
1680 4381 1762 4440 sunt
1785 4371 1822 4439 in
1846 4368 1911 4447 hac
1936 4377 2049 4476 Syro-

27 4456 151 4533 ethaec
166 4463 247 4552 ipsa
263 4456 482 4541 testimonia,
515 4478 605 4548 quae
629 4477 748 4524 veram
769 4467 803 4526 et
826 4455 1010 4525 indubita-
1061 4449 1249 4547 phoenissa
1266 4460 1399 4546 agnitio
1415 4471 1451 4530 et
1471 4463 1644 4535 consessio
1664 4472 1830 4565 propriae
1854 4479 2048 4573 indignita-

27 4573 88 4630 tam
103 4563 387 4634 consolationem
403 4568 617 4631 monstrant.
1062 4558 1126 4644 tis,
1148 4572 1184 4630 et
1198 4559 1284 4630 fides
1297 4576 1499 4638 constanter
1523 4580 1643 4654 petens
1665 4583 1699 4641 et
1720 4593 1923 4670 exspectans
1949 4591 2048 4658 auxi.

120 4665 298 4760 Sequitur
334 4685 417 4754 ergo
458 4663 561 4732 tertia
599 4680 703 4728 caiisa
746 4658 1010 4745 miraculorum,
1062 4660 1164 4731 lium.
1216 4660 1364 4734 Fatetur
1377 4687 1413 4734 se
1429 4689 1503 4736 esse
1518 4669 1733 4760 caniculam,
1758 4702 1798 4749 ac
1812 4685 1933 4771 micas,
1959 4715 2048 4784 quae

27 4770 111 4857 quod
129 4768 298 4840 videlicet
319 4779 402 4838 sunt
423 4762 583 4855 exempla
597 4759 845 4852 applicationis
859 4761 1010 4851 promis·
1062 4762 1239 4834 debentur
1254 4765 1408 4848 catellis,
1435 4769 1503 4839 sibi
1521 4793 1663 4863 quoque
1676 4775 1754 4847 dari
1778 4787 1944 4871 postulat.
2005 4791 2047 4862 ln

27 4871 179 4953 sionum,
215 4895 307 4964 quae
329 4871 479 4952 docent,
512 4864 692 4958 quomodo
712 4857 1010 4952 apprehendenda
1062 4859 1129 4934 hac
1154 4866 1223 4936 fide
1244 4868 1326 4961 quia
1358 4885 1576 4960 perseverat,
1615 4877 1787 4971 recipitur
1814 4889 1973 4975 tandem,
2014 4911 2048 4967 ei

27 4972 64 5042 sit
92 4973 304 5064 promissio,
340 4984 375 5041 et
403 4970 584 5063 quomodo
614 4964 794 5034 excitanda
818 4989 858 5035 ac
880 4967 1011 5036 contir-
1063 4991 1184 5037 vocem
1200 4965 1387 5062 Evangelii
1401 4969 1722 5051 laetamaCliristo
1739 4988 1882 5077 accipit:
1916 4987 2048 5068 Omu.

28 5081 146 5147 manda
163 5099 286 5161 mens,
311 5074 481 5144 accedens
500 5070 546 5139 ad
563 5064 660 5139 hunc
676 5067 871 5138 Dominum
895 5083 931 5140 et
948 5092 1012 5160 pe·
1063 5069 1130 5139 liei·
1151 5095 1275 5162 magna
1302 5088 1354 5145 est
1378 5075 1463 5144 tides
1486 5088 1564 5162 tua,
1590 5077 1651 5148 dat
1666 5083 1731 5152 tibi
1746 5086 1837 5158 sicut
1855 5092 1918 5165 vis.
1971 5095 2049 5171 Hoc

26 5189 95 5247 tens
109 5178 300 5250 auxilium.
348 5173 535 5264 Obstrepit
550 5171 718 5240 omnibus
734 5170 838 5240 nobis
853 5170 1012 5262 indigni·-
1063 5172 1202 5242 illustre
1230 5177 1427 5268 exemplum
1451 5177 1533 5246 fidei
1557 5182 1723 5254 omnibus
1746 5188 1790 5258 sit
1812 5196 2035 5270 notissimum

25 5293 71 5349 tas
88 5295 224 5352 nostra.
274 5277 409 5352 Contra
427 5299 510 5346 vero
524 5276 651 5346 docent
665 5268 752 5344 hacc
767 5273 942 5366 exempla,
968 5297 1012 5344 ne
1063 5289 1102 5347 ut
1133 5298 1213 5346 cuni
1244 5271 1309 5347 liac
1330 5275 1514 5350 Cananaea
1538 5281 1650 5354 lilium
1671 5283 1738 5358 Dei
1762 5286 1958 5370 Doininum
1983 5259 2050 5375 no:

1454 5376 1538 5452 50*
1658 5445 1660 5452 ,

1063 3483 1149 3553 riter
1172 3485 1392 3574 obiurgatam
1415 3510 1559 3579 prorsus
1582 3491 1725 3565 videtur
1749 3522 1769 3567 a
1801 3523 1838 3571 se
1867 3513 2051 3603 repellere,
2142 3573 2147 3584 .

1063 3609 1143 3656 cum
1163 3587 1344 3658 caniculae
1360 3612 1436 3659 eain
1456 3607 1648 3683 comparat.

1065 1950 1207 2042 publice
1237 1967 1341 2036 nota,
1381 1953 1436 2023 vel
1466 1957 1650 2028 manifesta
1671 1984 1755 2032 suae
1780 1969 1950 2067 cuiusque
1972 2007 2059 2054 con.
2184 1993 2188 2002 '

947 3432 955 3449 .
992 3443 994 3450 s
1062 3381 1238 3452 Dominus
1253 3384 1406 3474 primum
1424 3380 1518 3454 nihil
1537 3394 1746 3478 respondet,
1782 3411 1817 3468 et
1839 3421 1958 3494 postea
1983 3415 2051 3485 du..
2145 3460 2187 3483 ,,
