4616 5818
10 4 57 13 ..-

574 182 656 256 Xll.
709 162 1106 254 ANNOTATlONES
1133 165 1186 238 lN
1213 162 1515 240 EVANGELlA.
1979 169 2058 244 Μ

144 355 329 426 Secundus.
373 357 521 444 Semper
537 355 573 424 in
593 379 633 425 eo
650 355 852 434 coetu,ubi
869 367 919 425 est
937 376 1018 424 vera
1074 353 1261 459 secutores.
1323 339 1459 460 Mirum
1481 337 1664 459 estenim,
1698 338 1759 432 qui
1782 338 1861 420 fiel,
1894 352 2053 459 misula

62 459 216 540 doctrina,
258 477 398 525 necesse
431 469 482 525 est
510 457 629 550 aliqua
654 479 727 550 csse
754 481 835 526 vcra
862 458 1017 526 membra
1072 454 1870 561 perimaturagnttatnvefttalemoppqgnept.
1904 439 2053 562 Hrpau·

31 605 35 612 -
61 557 228 643 Ecclesiae,
253 561 334 650 quia
361 559 508 629 verbnm
523 556 590 630 Dei
612 585 685 631 uon
709 573 760 632 est
786 559 862 630 siue
886 561 1015 640 srttctu,
1070 559 1140 660 tem
1159 548 1411 632 admonemur,
1438 569 1482 667 ne
1500 545 1646 662 allorum
1659 557 1850 636 pertinacia
1876 545 1934 613 vel
1955 547 2052 660 rudq-

61 661 547 752 ctnucesseestaliquautesse
569 659 771 738 Ecclesiam,
824 656 920 732 Haec
942 685 1015 730 110„
1070 648 1133 716 cris
1163 649 1385 740 frangamur,
1420 673 1501 742 quta
1526 648 1745 765 praedictum
1771 658 1851 764 est,
1872 645 1957 764 tales
1983 644 2050 717 alt-

60 764 362 832 cstdelendentium
386 762 512 854 impias
532 765 738 854 opiniones,
773 787 855 853 ergo
878 785 1015 834 necesse
1069 771 1157 840 ‘1⁰⁰³
1187 751 1263 820 f⁰r²
1296 747 1413 822 h0⁸20⁵
1439 775 1539 820 verae
1561 743 1758 834 E⁰⁰¹²⁵¹³es
1790 773 1854 866 qul
1877 749 2049 867 V¹df¹¹iels

59 865 571 940 eateatninalterucoetuesse,
789 877 793 884 ·
1068 865 1186 920 tamen
1216 867 1300 923 scrut
1325 853 1420 924 coeci
1447 852 1570 924 futuri.
1628 851 1749 940 Quare
1780 851 1941 940 sugtcudr
1965 863 2050 920 sunt

140 964 286 1036 Tertius,
339 963 430 1036 Cum
446 963 820 1058 Ecclesiasstgxfgua‚
847 967 1012 1038 sicuti...
1067 955 1261 1041 pertinaces
1279 957 1331 1024 illi
1351 953 1467 1024 bostes
1485 953 1687 1042 Evangelii,
1715 968 1749 1024 et
1764 966 1886 1070 contra
1910 951 2048 1071 erigen-

59 1066 120 1159 quit
137 1065 265 1136 Esaias:
307 1065 383 1136 Nisi
407 1064 503 1140 Deus
534 1071 734 1162 reliquisset
755 1070 860 1140 nobis
880 1092 1012 1154 sernen,
1067 1055 1131 1123 ‘¹³⁰
1164 1071 1317 1144 menies.
1351 1070 1390 1126 ¹²¹
1413 1053 1795 1127 relissfflmus'verbssm
1819 1050 1905 1134 Det,
1938 1075 2048 1122 fimus

57 1191 182 1238 essemus
198 1169 463 1243 sicutSodoma.
488 1164 612 1240 Animi
628 1172 819 1242 multorum
836 1171 1012 1252 dubitant,
1066 1155 1161 1274 110Πῆ
1175 1171 1288 1245 lma.
1314 1161 1467 1277 sffllfsslls
1481 1159 1634 1250 aliquem
1652 1157 1822 1236 summme
1854 1177 2047 1248 ⁰⁰⁰⁸q⁰¹⁵·

1065 1281 1133 1350 que
1151 1284 1188 1327 tu
1207 1283 1269 1332 sua
1288 1277 1484 1332 vocatione.

64 189 120 260 221

10 2677 11 2766 ¹
58 2709 117 2773 nes,
151 2694 202 2760 vel
229 2695 329 2770 alias.
387 2697 568 2772 Adversus
602 2699 664 2772 has
694 2703 841 2772 insidias

57 1294 91 1338 an
104 1269 142 1337 sit
162 1271 274 1362 aliqua
295 1268 451 1342 Ecclesia
466 1273 552 1354 Dei,
586 1299 630 1342 au
651 1271 746 1344 Deus
769 1271 884 1344 adhuc
907 1297 1012 1342 exau-

57 1372 130 1453 diat,
153 1387 297 1467 qtracstct
315 1375 497 1462 promissa.
550 1373 729 1447 Adversus
747 1378 782 1446 id
807 1377 1010 1446 scandalum

57 1471 208 1542 confirmat
226 1497 290 1542 nos
305 1470 391 1544 htec
405 1479 590 1566 parabola,
620 1478 804 1570 praecipit,
835 1493 874 1548 ut
890 1481 1010 1548 creda-

57 1596 116 1640 mus
137 1597 203 1642 esse
224 1575 438 1662 Ecclesiam,
473 1595 504 1649 et
530 1604 610 1647 vere
632 1577 745 1649 Deum
767 1583 950 1665 exaudire,
977 1593 1010 1650 et

58 1690 202 1763 praestare
232 1678 404 1766 promissa
431 1677 620 1754 Ecclesiae.
680 1680 727 1752 Et
758 1697 905 1752 testatur
929 1683 1009 1752 illos

58 1778 160 1843 bonam
176 1801 247 1846 esse
273 1793 421 1864 terram,
455 1783 515 1875 qui
542 1807 613 1852 non
635 1784 803 1856 deliciunt
827 1787 871 1855 ab
887 1779 1008 1854 Evan-

58 1877 136 1964 gelio.
389 1897 395 1904 “

134 1977 293 2066 Quartus.
347 1983 476 2054 Modos
493 2001 647 2059 recenset
665 1989 919 2056 deficientium:
946 1987 1007 2057 ubi

59 2079 213 2168 diligenter
239 2087 501 2157 observandum
537 2104 605 2170 est,
648 2093 742 2182 quod
774 2113 846 2166 uon
871 2103 1007 2159 tantum

58 2199 207 2253 enumerat
235 2187 395 2274 vulgaria
422 2206 556 2278 peccata
582 2187 757 2260 lmmanae
782 2191 1008 2274 infirmitatis,

58 2295 85 2349 ut
97 2284 301 2358 inconcessos
319 2307 500 2380 quaestus,
523 2309 557 2363 et
576 2295 715 2364 illicitas
732 2294 947 2385 voluptates,
974 2307 1006 2362 et

57 2397 160 2453 netum
185 2391 455 2478 persecutionis,
497 2397 554 2464 sed
588 2397 687 2465 addit
720 2399 807 2465 alias
841 2398 1007 2486 obscuras

57 2488 250 2572 tentationes,
279 2493 441 2564 videlicet
457 2523 536 2567 cum
554 2497 716 2566 diabolus
733 2501 861 2569 excutit
878 2499 1006 2568 animis

58 2599 157 2657 rectam
179 2595 406 2676 sententiam,
433 2612 467 2669 ct
487 2590 637 2670 instillat
653 2595 844 2692 Epicureas
864 2602 1005 2691 opinio-

868 2716 1007 2795 oportet

10 2803 11 2812 *
57 2788 113 2875 pios
126 2815 189 2862 csse
205 2797 401 2885 vigilantes.
500 2849 505 2859 ι

131 2894 293 2982 Quintus.
354 2891 569 2972 ll'ttlcissinia'
597 2909 792 2977 consolatio
828 2908 1005 2998 proposita

59 2994 135 3061 estin
152 3001 261 3081 dicto,
290 2998 447 3072 Habenti
465 3007 628 3080 dabitur:
654 3013 747 3104 quod
767 3011 931 3080 videlicet
949 3011 1004 3077 in-

58 3091 147 3164 firmos
171 3100 261 3170 Deus
286 3107 448 3195 recipiat,
487 3113 580 3200 quod
607 3114 692 3182 velit
718 3137 775 3181 eos
802 3107 995 3202 provehere

59 3201 127 3282 qttod
143 3201 236 3271 initia
257 3229 331 3272 nou
353 3221 565 3284 contemnat.
619 3211 721 3284 Sicut
745 3215 830 3283 alibi
855 3216 1003 3288 dicitur:

11 3345 12 3356 ,
58 3291 157 3367 binum
174 3305 349 3394 lurtsigans
366 3331 438 3376 uon
460 3309 649 3403 extinguet.
705 3315 789 3388 ltem
809 3317 940 3387 Paulus
961 3321 1004 3387 de

59 3393 191 3475 infirmis:
218 3404 318 3475 Deris
340 3435 399 3478 eos
420 3415 560 3504 recepit.
615 3416 706 3487 Sunt
730 3435 844 3490 sautem
869 3417 1004 3490 baben-

59 3509 93 3564 tes
119 3507 171 3594 qui
195 3502 327 3579 babent
348 3511 451 3583 initia
475 3519 732 3606 poenitentiae,
767 3535 798 3592 ct
822 3517 886 3590 ltus
911 3525 1004 3616 ipsos

58 3590 99 3667 hie
113 3625 200 3678 vocat
215 3611 346 3680 bonam
373 3628 521 3703 terram,
556 3622 687 3691 scilicet
707 3647 779 3690 non
805 3622 1004 3696 deficientes

438 3743 499 3809 pra
518 3727 734 3794 enumeravit
755 3727 965 3796 deficientes.

130 3808 260 3885 Sextus.
299 3813 471 3888 Traditur
493 3835 526 3891 et
541 3826 701 3896 doctrina
719 3853 807 3921 quae
823 3835 1004 3925 praecipit,

59 3913 84 4014 ιιι
95 3913 278 4004 studeamus
293 3918 477 4009 prolicere,
503 3939 540 3994 ut
557 3928 665 3998 simus
682 3924 870 4014 babentes,
889 3952 927 4008 ut
948 3966 1003 4010 re.

58 4013 196 4081 tenumus
217 4022 384 4105 verbum,
421 4027 515 4118 quod
537 4029 612 4098 sine
634 4055 717 4108 cura
744 4049 778 4108 et
799 4034 876 4102 sine
895 4045 1004 4117 dimi-

12 4195 13 4200 η
58 4107 160 4182 odone
174 4116 247 4187 fieri
264 4143 337 4189 uon
358 4139 481 4213 potest.
586 4127 594 4144 ’

130 4211 312 4306 Septimus.
360 4224 505 4299 Gradus
534 4248 617 4305 sunt
640 4239 798 4327 piorum,
842 4247 902 4316 alii
916 4227 1000 4320 wsru-

56 4316 125 4378 clum
139 4317 267 4393 lacistnt
284 4329 488 4419 centuplum
507 4347 570 4405 etc.
596 4344 691 4429 quod
713 4348 923 4430 generaliter
945 4353 999 4420 in-

57 4407 249 4500 telligendum
275 4441 325 4516 cst
352 4433 395 4497 dc
415 4433 520 4503 donis
535 4437 778 4530 singulorum,
813 4462 845 4517 et
868 4451 913 4519 de¹
933 4456 999 4521 mi-

57 4508 195 4604 nisteriis,
231 4542 272 4596 ut
305 4527 431 4621 loseph
459 4539 692 4628 copiosiorem
724 4547 876 4620 fructum
908 4555 1000 4642 tulit,

13 4693 14 4710 ἵ
58 4631 133 4697 quam
148 4623 270 4718 reliqui
286 4632 430 4718 fratres,
460 4631 527 4707 hoc
550 4656 617 4725 est,
645 4657 678 4714 et
701 4647 803 4716 donis
825 4655 999 4742 excelluit,

13 4755 14 4760 κ
58 4721 80 4780 ιι
102 4718 203 4803 plures
226 4735 410 4806 convertit.
470 4735 606 4834 Estque
629 4735 837 4838 praecipuus
862 4757 997 4829 fructus

58 4817 181 4891 unfiteri
198 4843 230 4899 et
245 4833 389 4915 docete,
411 4838 499 4910 sicut
513 4839 677 4916 Christus
691 4849 828 4944 inquit:
856 4853 915 4926 Sic
935 4887 996 4952 pa-

59 4921 247 4998 leccoelestis
267 4935 539 5023 glorificabiturt
572 4947 601 5013 si
619 4951 717 5020 eritis
733 4955 802 5023 mei
819 4958 997 5054 discipuli,

59 5025 298 5134 tlsopiosimctu
317 5037 469 5109 lrncbtm
491 5045 627 5134 seretis,
662 5051 696 5120 id
721 5069 791 5142 est,
826 5085 997 5154 propaga-

59 5111 118 5190 bttts
129 5141 158 5200 et
172 5137 676 5238 conservabitisEvangelium.

133 5223 289 5313 Octavus.
323 5239 622 5321 Comminationes
637 5257 769 5329 multae
786 5257 844 5334 bic
867 5289 996 5361 propo-

134 5347 205 5405 sunt
221 5342 386 5415 adversus
402 5364 640 5426 contemtores
657 5363 753 5432 verbi
770 5363 851 5450 Dei,
864 5383 898 5438 et
915 5395 995 5462 per·

61 5315 121 5392 tilae

1179 1481 1336 1564 Eadem
1358 1479 1578 1563 Domiuiea
1602 1477 1927 1590 sexagesimae.

1324 1625 1560 1718 Evangelium
1582 1622 1711 1698 Mattb.
1734 1626 1791 1699 ts.

1114 1743 1141 1818 l.
1168 1743 1303 1828 Locus,
1337 1749 1452 1836 imago
1476 1745 1673 1830 Ecclesiae,
1706 1768 1797 1839 quae
1819 1745 1988 1814 admonet
2011 1755 2045 1812 et

1164 1851 1348 1922 confirmat
1367 1853 1461 1942 pios,
1488 1865 1521 1920 et
1539 1851 1703 1938 obiurgat
1723 1848 1881 1936 ignavos.
1936 1947 1940 1952 Ι

1114 1947 1160 2018 ll.
1204 1947 1257 2020 De
1283 1953 1510 2022 incrementis
1537 1953 1698 2043 piorum,
1743 1963 1776 2019 et
1802 1945 2057 2034 excaecatione,

1162 2055 1463 2123 contemnentium
1480 2066 1514 2122 ct
1532 2051 1829 2144 persequentium.

1113 2147 1175 2223 lll.
1204 2152 1394 2240 Quomodo
1411 2169 1526 2251 patres
1543 2157 1710 2223 noverint
1730 2175 1877 2243 regnum
1895 2143 2042 2222 Cltristi.

1112 2249 1192 2324 llll.
1221 2253 1273 2324 De
1291 2257 1478 2347 trsttltiplici
1493 2259 1625 2326 fructu.

1418 2425 1677 2487 bonetus.

1162 2523 1277 2598 Multa
1295 2529 1481 2600 offendunt
1503 2531 1663 2598 infirmos
1689 2529 1846 2611 animos,
1882 2523 2041 2616 paucitas

1061 2626 1219 2717 piorum,
1232 2632 1459 2721 quotidianae
1475 2632 1690 2704 desertioncs
1706 2645 1738 2700 et
1755 2629 1934 2720 perfidiae.
1961 2625 2038 2694 ad-

1060 2753 1180 2798 versus
1203 2725 1287 2801 ltacc
1309 2735 1472 2804 scandala
1496 2751 1678 2806 teneamus
1699 2729 1976 2802 consolationem
1998 2727 2039 2796 in

1060 2826 1124 2900 hac
1139 2833 1292 2922 imagine
1314 2838 1549 2929 propositam,
1582 2859 1670 2930 quae
1693 2837 1859 2904 admonet
1881 2832 2037 2902 loturam

1060 2933 1163 3002 talem
1179 2939 1440 3030 cottsusiouent,
1468 2955 1501 3008 et
1518 2937 1843 3007 dissimilitudinem
1860 2933 1898 3002 in
1914 2929 2037 3004 Eccle-

1058 3035 1131 3118 sia,
1158 3050 1191 3103 et
1211 3039 1384 3125 erigamus
1402 3066 1484 3126 tros,
1511 3067 1556 3111 ue
1576 3054 1721 3133 propter
1737 3038 1887 3108 aliorum
1907 3035 2039 3125 lapsus,

997 3170 1006 3198 s
1058 3150 1091 3206 et
1106 3136 1172 3228 ipsi
1190 3140 1401 3214 tleficiamtts.

1159 3234 1206 3308 Et
1221 3265 1344 3313 causae
1362 3245 1579 3315 confusionis
1593 3259 1628 3316 et
1642 3241 1852 3313 desertionis
1867 3235 1926 3308 bic
1946 3237 2036 3310 reci·
2080 3249 2085 3260 '

1059 3353 1190 3413 tantur.
1239 3343 1357 3414 Prima
1374 3361 1424 3416 est
1449 3347 1633 3416 obscurior
1657 3345 1820 3428 caeteris,
1853 3342 1913 3410 scd
1939 3363 2035 3410 eom·

1057 3444 1202 3512 munior
1216 3459 1251 3516 et
1268 3449 1457 3538 potentior,
1473 3448 1633 3517 videlicet
1650 3469 1729 3518 cum
1746 3443 1943 3536 praestigiis
1958 3441 2035 3510 dia-

1057 3545 1131 3613 boli
1156 3546 1344 3636 capiuntur
1366 3550 1499 3632 animi,
1531 3563 1564 3620 et
1587 3549 1761 3618 excutitur
1783 3546 1930 3616 verbum
1952 3539 2036 3625 Dei,

1057 3646 1146 3716 sieut
1168 3643 1241 3717 Eva
1270 3653 1423 3742 primum
1447 3655 1588 3722 seducta
1610 3666 1673 3722 est.
1734 3647 1785 3720 lta
1810 3646 1956 3748 plurimi
1979 3665 2058 3714 sa··

1056 3751 1192 3838 pientes
1207 3751 1491 3844 fiuotEpicurei,
1518 3768 1577 3823 aut
1595 3751 1817 3837 Academici,
1833 3761 1894 3820 aut
1910 3743 2038 3818 baerc-.

1057 3851 1137 3930 tici,
1164 3854 1294 3943 quibus
1318 3856 1482 3926 diabolus
1504 3857 1606 3925 offert
1628 3856 1784 3947 aliquam
1804 3853 1926 3920 salsam
1952 3871 2032 3939 per-

1056 3953 1275 4040 suasionem,
1300 3984 1340 4028 ae
1354 3957 1483 4028 deinde
1497 3958 1695 4048 implicatos
1710 3969 1745 4024 et
1760 3954 1914 4024 irretitos
1936 3963 2033 4022 tenet

1056 4067 1089 4122 ct
1104 4071 1225 4143 urget,
1238 4061 1329 4130 sicut
1346 4060 1524 4144 videmus,
1544 4061 1723 4152 quomodo
1739 4053 1907 4148 paulatim
1918 4050 2031 4124 Evam

1055 4158 1229 4228 everterit.
1280 4157 1353 4230 Has
1370 4161 1517 4230 iusidias
1533 4183 1634 4251 saepe
1651 4160 1783 4228 Paulus
1798 4155 1982 4239 describit,
1998 4167 2033 4224 el

1055 4271 1155 4326 vocat
1170 4261 1237 4330 tela
1256 4261 1378 4351 ignita.
1458 4325 1461 4330 .

1157 4360 1274 4434 Habet
1286 4378 1401 4435 autem
1415 4361 1501 4434 haec
1514 4380 1608 4435 aetas
1626 4363 1778 4455 plurima
1797 4374 1831 4432 et
1853 4362 1950 4431 varia
1972 4385 2030 4434 ex·

1054 4461 1188 4549 empla,
1223 4468 1347 4554 partim
1372 4483 1517 4558 propter
1537 4468 1761 4556 ingeniorum
1788 4464 2030 4555 petulantiam,

1054 4585 1143 4652 quae
1158 4568 1297 4650 crescit,
1311 4570 1459 4659 partim,
1475 4571 1556 4662 quia
1571 4569 1734 4638 diabolus
1750 4582 1926 4658 postremo
1940 4581 2029 4636 tem-

1053 4684 1137 4751 pore
1159 4669 1311 4737 sentiens
1333 4672 1431 4739 brevi
1457 4671 1648 4741 affuturum
1673 4693 1746 4739 esse
1771 4667 1942 4750 iudicem,
1972 4691 2029 4734 ra-

1052 4763 1186 4836 biosius
1208 4786 1393 4860 grassatur.
1452 4772 1536 4843 ldeo
1558 4775 1626 4841 iam
1649 4773 1768 4864 plures
1796 4786 1880 4839 stent
1910 4765 2033 4852 didace,

1052 4876 1085 4934 ct
1101 4874 1371 4943 monstrosiores
1390 4890 1501 4947 sectae
1522 4875 1705 4966 oriuntur,
1733 4887 1772 4944 ut
1793 4871 1917 4942 deliria
1932 4867 2031 4940 Ana·

1050 4968 1281 5058 baptistarum
1298 4977 1518 5067 multiplicia.

1093 5163 1098 5168 ι
1150 5071 1354 5168 Cogitemus
1370 5078 1476 5168 igitur
1500 5080 1717 5170 vigilandum
1744 5099 1836 5160 esse,
1861 5098 1902 5143 ac
1923 5095 2029 5163 repu-
2130 5154 2137 5168 ·

1050 5178 1231 5260 gnaudum
1250 5179 1388 5249 insidiis
1405 5171 1558 5260 dialtcili,
1591 5183 1651 5274 qui
1677 5183 1783 5249 miras
1805 5176 1943 5270 quaerit
1970 5199 2029 5244 oc·

1050 5277 1225 5364 casioncs,
1259 5281 1388 5375 quibus
1409 5278 1587 5372 pertrahat
1610 5284 1748 5352 animos
1773 5283 1809 5350 in
1835 5300 1970 5350 errores
1997 5288 2032 5346 et
2148 5321 2155 5330 -

1049 5378 1094 5446 acl
1126 5381 1356 5452 desectionem
1382 5399 1447 5463 etc.
1509 5383 1561 5456 Ac
1585 5385 1679 5456 dicto
1704 5383 1800 5456 Petri
1824 5381 2029 5458 excitemur:
