<?xml version="1.0" encoding="UTF-8"?>
<!DOCTYPE html PUBLIC "-//W3C//DTD XHTML 1.0 Transitional//EN"
    "http://www.w3.org/TR/xhtml1/DTD/xhtml1-transitional.dtd">
<html xmlns="http://www.w3.org/1999/xhtml" xml:lang="en" lang="en">
 <head>
  <title>
</title>
<meta http-equiv="Content-Type" content="text/html;charset=utf-8" />
  <meta name='ocr-system' content='tesseract 3.04.00' />
  <meta name='ocr-capabilities' content='ocr_page ocr_carea ocr_par ocr_line ocrx_word'/>
</head>
<body>
  <div class='ocr_page' id='page_1' title='image "./corpusreformato24melagoog/corpusreformato24melagoog_0559.png"; bbox 0 0 4674 5822; ppageno 0'>
   <div class='ocr_carea' id='block_1_1' title="bbox 236 145 2270 282">
    <p class='ocr_par' dir='ltr' id='par_1_1' title="bbox 236 145 2270 282">
     <span class='ocr_line' id='line_1_1' title="bbox 236 145 2270 282; baseline -0.001 -10"><span class='ocrx_word' id='word_1_1' title='bbox 236 177 382 275; x_wconf 75' lang='lat' dir='ltr'><strong>nsa&#39;</strong></span> <span class='ocrx_word' id='word_1_2' title='bbox 831 145 1660 278; x_wconf 74' lang='lat' dir='ltr'><strong>munsnsrnereuxrerncs.</strong></span> <span class='ocrx_word' id='word_1_3' title='bbox 1884 241 1891 258; x_wconf 90' lang='lat'>.</span> <span class='ocrx_word' id='word_1_4' title='bbox 1951 187 1961 200; x_wconf 91' lang='lat'><strong>·</strong></span> <span class='ocrx_word' id='word_1_5' title='bbox 2165 184 2270 282; x_wconf 82' lang='lat' dir='ltr'><strong>uss</strong></span> 
     </span>
    </p>
   </div>
   <div class='ocr_carea' id='block_1_2' title="bbox 236 363 2271 778">
    <p class='ocr_par' dir='ltr' id='par_1_2' title="bbox 236 363 2271 778">
     <span class='ocr_line' id='line_1_2' title="bbox 236 363 2270 464; baseline 0.002 -21"><span class='ocrx_word' id='word_1_6' title='bbox 236 372 330 457; x_wconf 89' lang='lat' dir='ltr'><strong>eius,</strong></span> <span class='ocrx_word' id='word_1_7' title='bbox 365 371 459 464; x_wconf 90' lang='lat' dir='ltr'><strong>quod</strong></span> <span class='ocrx_word' id='word_1_8' title='bbox 487 368 613 444; x_wconf 86' lang='lat' dir='ltr'><strong>Petrus</strong></span> <span class='ocrx_word' id='word_1_9' title='bbox 638 385 778 442; x_wconf 87' lang='lat' dir='ltr'><strong>monet:</strong></span> <span class='ocrx_word' id='word_1_10' title='bbox 813 367 955 441; x_wconf 76' lang='lat' dir='ltr'><strong>Fratres</strong></span> <span class='ocrx_word' id='word_1_11' title='bbox 980 371 1124 463; x_wconf 82' lang='lat' dir='ltr'><strong>vigilate</strong></span> <span class='ocrx_word' id='word_1_12' title='bbox 1148 383 1227 453; x_wconf 73' lang='lat' dir='ltr'><strong>etc,</strong></span> <span class='ocrx_word' id='word_1_13' title='bbox 1251 363 1257 422; x_wconf 69' lang='grc' dir='ltr'>ἶ</span> <span class='ocrx_word' id='word_1_14' title='bbox 1278 383 1432 458; x_wconf 85' lang='lat' dir='ltr'><strong>structo,</strong></span> <span class='ocrx_word' id='word_1_15' title='bbox 1457 369 1833 464; x_wconf 71' lang='lat' dir='ltr'><strong>rsgnnmitsrticlaest</strong></span> <span class='ocrx_word' id='word_1_16' title='bbox 1848 371 1938 447; x_wconf 73' lang='lat' dir='ltr'><strong>eltae</strong></span> <span class='ocrx_word' id='word_1_17' title='bbox 1953 389 2116 448; x_wconf 78' lang='lat' dir='ltr'><strong>aeternae</strong></span> <span class='ocrx_word' id='word_1_18' title='bbox 2133 378 2270 450; x_wconf 86' lang='lat' dir='ltr'><strong>consti-</strong></span> 
     </span>
     <span class='ocr_line' id='line_1_3' title="bbox 237 467 2269 576; baseline 0.001 -32"><span class='ocrx_word' id='word_1_19' title='bbox 237 477 293 544; x_wconf 89' lang='lat' dir='ltr'><strong>leo</strong></span> <span class='ocrx_word' id='word_1_20' title='bbox 312 475 532 566; x_wconf 76' lang='lat' dir='ltr'><strong>rugiens-</strong></span> <span class='ocrx_word' id='word_1_21' title='bbox 557 470 617 549; x_wconf 81' lang='lat' dir='ltr'><strong>Ab</strong></span> <span class='ocrx_word' id='word_1_22' title='bbox 632 474 757 560; x_wconf 90' lang='lat' dir='ltr'><strong>initio,</strong></span> <span class='ocrx_word' id='word_1_23' title='bbox 785 471 860 546; x_wconf 90' lang='lat' dir='ltr'><strong>scil.</strong></span> <span class='ocrx_word' id='word_1_24' title='bbox 877 487 917 544; x_wconf 92' lang='lat' dir='ltr'><strong>ut</strong></span> <span class='ocrx_word' id='word_1_25' title='bbox 935 469 1067 545; x_wconf 88' lang='lat' dir='ltr'><strong>Genes.</strong></span> <span class='ocrx_word' id='word_1_26' title='bbox 1082 471 1150 548; x_wconf 85' lang='grc' dir='ltr'><strong>ΙΙΙ.</strong></span> <span class='ocrx_word' id='word_1_27' title='bbox 1164 497 1227 563; x_wconf 88' lang='lat' dir='ltr'><strong>ap·</strong></span> <span class='ocrx_word' id='word_1_28' title='bbox 1278 486 1366 548; x_wconf 79' lang='lat' dir='ltr'><strong>tuat·</strong></span> <span class='ocrx_word' id='word_1_29' title='bbox 1423 467 1549 548; x_wconf 76' lang='lat' dir='ltr'><strong>Esaiae</strong></span> <span class='ocrx_word' id='word_1_30' title='bbox 1569 473 1683 553; x_wconf 85' lang='lat' dir='ltr'><strong>le.:</strong></span> <span class='ocrx_word' id='word_1_31' title='bbox 1723 475 1873 576; x_wconf 78' lang='lat' dir='ltr'><strong>¹Videbit</strong></span> <span class='ocrx_word' id='word_1_32' title='bbox 1898 502 2016 550; x_wconf 84' lang='lat' dir='ltr'><strong>semen</strong></span> <span class='ocrx_word' id='word_1_33' title='bbox 2042 481 2269 570; x_wconf 76' lang='lat' dir='ltr'><strong>longaevum.</strong></span> 
     </span>
     <span class='ocr_line' id='line_1_4' title="bbox 237 571 2271 675; baseline 0.003 -29"><span class='ocrx_word' id='word_1_34' title='bbox 237 591 347 668; x_wconf 85' lang='lat' dir='ltr'><strong>paret.</strong></span> <span class='ocrx_word' id='word_1_35' title='bbox 367 616 415 631; x_wconf 96' lang='lat'><em>-</em></span> <span class='ocrx_word' id='word_1_36' title='bbox 442 573 497 647; x_wconf 80' lang='lat' dir='ltr'><strong>Ex</strong></span> <span class='ocrx_word' id='word_1_37' title='bbox 514 577 685 670; x_wconf 88' lang='lat' dir='ltr'><strong>propriis,</strong></span> <span class='ocrx_word' id='word_1_38' title='bbox 710 577 784 646; x_wconf 88' lang='lat' dir='ltr'><strong>scil.</strong></span> <span class='ocrx_word' id='word_1_39' title='bbox 805 599 885 646; x_wconf 90' lang='lat' dir='ltr'><strong>cnm</strong></span> <span class='ocrx_word' id='word_1_40' title='bbox 903 571 996 646; x_wconf 90' lang='lat' dir='ltr'><strong>nihil</strong></span> <span class='ocrx_word' id='word_1_41' title='bbox 1021 577 1162 668; x_wconf 81' lang='lat' dir='ltr'>proprie</span> <span class='ocrx_word' id='word_1_42' title='bbox 1186 575 1225 646; x_wconf 90' lang='lat' dir='ltr'><strong>in</strong></span> <span class='ocrx_word' id='word_1_43' title='bbox 1279 571 1400 664; x_wconf 89' lang='lat' dir='ltr'><strong>Quare</strong></span> <span class='ocrx_word' id='word_1_44' title='bbox 1413 599 1552 651; x_wconf 88' lang='lat' dir='ltr'><strong>necesse</strong></span> <span class='ocrx_word' id='word_1_45' title='bbox 1566 592 1616 650; x_wconf 89' lang='lat' dir='ltr'><strong>est</strong></span> <span class='ocrx_word' id='word_1_46' title='bbox 1624 629 1636 663; x_wconf 91' lang='lat'><strong>,</strong></span> <span class='ocrx_word' id='word_1_47' title='bbox 1670 581 1881 652; x_wconf 79' lang='lat' dir='ltr'><strong>utverbum</strong></span> <span class='ocrx_word' id='word_1_48' title='bbox 1908 575 2065 667; x_wconf 88' lang='lat' dir='ltr'><strong>Christi,</strong></span> <span class='ocrx_word' id='word_1_49' title='bbox 2095 583 2180 675; x_wconf 89' lang='lat' dir='ltr'><strong>quia</strong></span> <span class='ocrx_word' id='word_1_50' title='bbox 2205 606 2271 675; x_wconf 86' lang='lat' dir='ltr'><strong>per</strong></span> 
     </span>
     <span class='ocr_line' id='line_1_5' title="bbox 239 633 1256 778; baseline 0.002 -30"><span class='ocrx_word' id='word_1_51' title='bbox 239 693 365 750; x_wconf 80' lang='lat' dir='ltr'><strong>nature</strong></span> <span class='ocrx_word' id='word_1_52' title='bbox 380 677 530 778; x_wconf 78' lang='lat' dir='ltr'><strong>Satanae</strong></span> <span class='ocrx_word' id='word_1_53' title='bbox 546 678 701 771; x_wconf 89' lang='lat' dir='ltr'><strong>Spiritus</strong></span> <span class='ocrx_word' id='word_1_54' title='bbox 716 690 857 750; x_wconf 87' lang='lat' dir='ltr'><strong>sanctus</strong></span> <span class='ocrx_word' id='word_1_55' title='bbox 871 678 941 768; x_wconf 81' lang='lat' dir='ltr'><strong>agit</strong></span> <span class='ocrx_word' id='word_1_56' title='bbox 953 677 997 774; x_wconf 78' lang='lat'><strong>⁴).</strong></span> <span class='ocrx_word' id='word_1_57' title='bbox 1252 633 1256 750; x_wconf 84' lang='lat' dir='ltr'><strong>i</strong></span> 
     </span>
    </p>
   </div>
   <div class='ocr_carea' id='block_1_3' title="bbox 132 672 2336 1688">
    <p class='ocr_par' dir='ltr' id='par_1_3' title="bbox 1251 672 2271 876">
     <span class='ocr_line' id='line_1_6' title="bbox 1278 672 2270 770; baseline 0.007 -23"><span class='ocrx_word' id='word_1_58' title='bbox 1278 672 1348 748; x_wconf 87' lang='lat' dir='ltr'><strong>hoc</strong></span> <span class='ocrx_word' id='word_1_59' title='bbox 1371 693 1512 770; x_wconf 74' lang='lat' dir='ltr'><strong>regnat,</strong></span> <span class='ocrx_word' id='word_1_60' title='bbox 1544 679 1706 752; x_wconf 86' lang='lat' dir='ltr'><strong>iustitioet</strong></span> <span class='ocrx_word' id='word_1_61' title='bbox 1732 695 1767 753; x_wconf 89' lang='lat' dir='ltr'><strong>et</strong></span> <span class='ocrx_word' id='word_1_62' title='bbox 1788 683 1951 754; x_wconf 77' lang='lat' dir='ltr'><strong>vivificet.</strong></span> <span class='ocrx_word' id='word_1_63' title='bbox 2004 689 2079 754; x_wconf 89' lang='lat' dir='ltr'><strong>lam</strong></span> <span class='ocrx_word' id='word_1_64' title='bbox 2103 684 2133 756; x_wconf 85' lang='lat' dir='ltr'><strong>si</strong></span> <span class='ocrx_word' id='word_1_65' title='bbox 2150 683 2270 754; x_wconf 88' lang='lat' dir='ltr'><strong>solum</strong></span> 
     </span>
     <span class='ocr_line' id='line_1_7' title="bbox 1251 751 2271 876; baseline 0.004 -26"><span class='ocrx_word' id='word_1_66' title='bbox 1251 751 1427 854; x_wconf 83' lang='lat' dir='ltr'><strong>lverbum</strong></span> <span class='ocrx_word' id='word_1_67' title='bbox 1451 773 1587 854; x_wconf 86' lang='lat' dir='ltr'><strong>Christi</strong></span> <span class='ocrx_word' id='word_1_68' title='bbox 1607 782 1791 870; x_wconf 85' lang='lat' dir='ltr'><strong>iustificat,</strong></span> <span class='ocrx_word' id='word_1_69' title='bbox 1822 799 1857 857; x_wconf 86' lang='lat' dir='ltr'><strong>et</strong></span> <span class='ocrx_word' id='word_1_70' title='bbox 1878 774 2050 868; x_wconf 84' lang='lat' dir='ltr'><strong>vivificat,</strong></span> <span class='ocrx_word' id='word_1_71' title='bbox 2086 807 2169 876; x_wconf 74' lang='lat' dir='ltr'><strong>ergo</strong></span> <span class='ocrx_word' id='word_1_72' title='bbox 2192 809 2271 856; x_wconf 87' lang='lat' dir='ltr'><strong>non</strong></span> 
     </span>
    </p>

    <p class='ocr_par' dir='ltr' id='par_1_4' title="bbox 1279 887 2271 980">
     <span class='ocr_line' id='line_1_8' title="bbox 1279 887 2271 980; baseline 0.006 -30"><span class='ocrx_word' id='word_1_73' title='bbox 1279 903 1385 972; x_wconf 90' lang='lat' dir='ltr'><strong>opera</strong></span> <span class='ocrx_word' id='word_1_74' title='bbox 1400 897 1520 956; x_wconf 88' lang='lat' dir='ltr'><strong>nostra</strong></span> <span class='ocrx_word' id='word_1_75' title='bbox 1531 936 1543 971; x_wconf 92' lang='lat'><strong>,</strong></span> <span class='ocrx_word' id='word_1_76' title='bbox 1562 909 1646 956; x_wconf 85' lang='lat' dir='ltr'><strong>non</strong></span> <span class='ocrx_word' id='word_1_77' title='bbox 1661 887 1753 955; x_wconf 92' lang='lat' dir='ltr'><strong>vires</strong></span> <span class='ocrx_word' id='word_1_78' title='bbox 1776 899 1935 974; x_wconf 87' lang='lat' dir='ltr'><strong>nostrae,</strong></span> <span class='ocrx_word' id='word_1_79' title='bbox 1961 888 2051 960; x_wconf 88' lang='lat' dir='ltr'><strong>sicut</strong></span> <span class='ocrx_word' id='word_1_80' title='bbox 2073 909 2179 980; x_wconf 89' lang='lat' dir='ltr'><strong>supra</strong></span> <span class='ocrx_word' id='word_1_81' title='bbox 2202 888 2271 957; x_wconf 90' lang='lat' dir='ltr'><strong>ait:</strong></span> 
     </span>
    </p>

    <p class='ocr_par' dir='ltr' id='par_1_5' title="bbox 340 981 2270 1078">
     <span class='ocr_line' id='line_1_9' title="bbox 340 981 2270 1078; baseline 0.004 -26"><span class='ocrx_word' id='word_1_82' title='bbox 340 983 450 1054; x_wconf 82' lang='lat' dir='ltr'>Verbi</span> <span class='ocrx_word' id='word_1_83' title='bbox 471 985 647 1076; x_wconf 80' lang='lat' dir='ltr'><strong>probandi</strong></span> <span class='ocrx_word' id='word_1_84' title='bbox 671 1009 806 1054; x_wconf 81' lang='lat' dir='ltr'><strong>summe</strong></span> <span class='ocrx_word' id='word_1_85' title='bbox 829 999 864 1056; x_wconf 92' lang='lat' dir='ltr'><strong>et</strong></span> <span class='ocrx_word' id='word_1_86' title='bbox 887 985 1079 1056; x_wconf 88' lang='lat' dir='ltr'><strong>certissima</strong></span> <span class='ocrx_word' id='word_1_87' title='bbox 1107 983 1227 1071; x_wconf 80' lang='lat' dir='ltr'><strong>regula</strong></span> <span class='ocrx_word' id='word_1_88' title='bbox 1279 981 1354 1072; x_wconf 88' lang='lat' dir='ltr'><strong>Qui</strong></span> <span class='ocrx_word' id='word_1_89' title='bbox 1370 985 1482 1056; x_wconf 84' lang='lat' dir='ltr'><strong>credit</strong></span> <span class='ocrx_word' id='word_1_90' title='bbox 1498 987 1536 1056; x_wconf 89' lang='lat' dir='ltr'><strong>iu</strong></span> <span class='ocrx_word' id='word_1_91' title='bbox 1553 1011 1630 1072; x_wconf 91' lang='lat' dir='ltr'><strong>me,</strong></span> <span class='ocrx_word' id='word_1_92' title='bbox 1654 987 1693 1056; x_wconf 91' lang='lat' dir='ltr'><strong>in</strong></span> <span class='ocrx_word' id='word_1_93' title='bbox 1709 987 1882 1061; x_wconf 92' lang='lat' dir='ltr'><strong>iudicium</strong></span> <span class='ocrx_word' id='word_1_94' title='bbox 1897 1012 1971 1061; x_wconf 92' lang='lat' dir='ltr'><strong>non</strong></span> <span class='ocrx_word' id='word_1_95' title='bbox 1986 989 2101 1078; x_wconf 82' lang='lat' dir='ltr'><strong>venit3</strong></span> <span class='ocrx_word' id='word_1_96' title='bbox 2127 990 2177 1060; x_wconf 79' lang='lat' dir='ltr'><strong>ito</strong></span> <span class='ocrx_word' id='word_1_97' title='bbox 2192 983 2270 1059; x_wconf 87' lang='lat' dir='ltr'><strong>hic:</strong></span> 
     </span>
    </p>

    <p class='ocr_par' dir='ltr' id='par_1_6' title="bbox 132 1079 2336 1688">
     <span class='ocr_line' id='line_1_10' title="bbox 239 1079 2336 1186; baseline 0.003 -31"><span class='ocrx_word' id='word_1_98' title='bbox 239 1090 411 1178; x_wconf 88' lang='lat' dir='ltr'><strong>scriptura</strong></span> <span class='ocrx_word' id='word_1_99' title='bbox 436 1100 506 1170; x_wconf 89' lang='lat' dir='ltr'><strong>est,</strong></span> <span class='ocrx_word' id='word_1_100' title='bbox 545 1087 593 1158; x_wconf 85' lang='lat' dir='ltr'><strong>itu</strong></span> <span class='ocrx_word' id='word_1_101' title='bbox 616 1101 653 1158; x_wconf 91' lang='lat' dir='ltr'><strong>ut</strong></span> <span class='ocrx_word' id='word_1_102' title='bbox 678 1099 899 1180; x_wconf 87' lang='lat' dir='ltr'><strong>praeceptum</strong></span> <span class='ocrx_word' id='word_1_103' title='bbox 923 1088 968 1156; x_wconf 89' lang='lat' dir='ltr'><strong>sit</strong></span> <span class='ocrx_word' id='word_1_104' title='bbox 989 1083 1095 1160; x_wconf 81' lang='lat' dir='ltr'><strong>Dent.</strong></span> <span class='ocrx_word' id='word_1_105' title='bbox 1116 1081 1228 1165; x_wconf 81' lang='lat' dir='ltr'><strong>xlll,</strong></span> <span class='ocrx_word' id='word_1_106' title='bbox 1277 1081 1362 1158; x_wconf 88' lang='lat' dir='ltr'><strong>Non</strong></span> <span class='ocrx_word' id='word_1_107' title='bbox 1377 1086 1509 1160; x_wconf 88' lang='lat' dir='ltr'><strong>videbit</strong></span> <span class='ocrx_word' id='word_1_108' title='bbox 1525 1103 1688 1176; x_wconf 85' lang='lat' dir='ltr'><strong>mortem,</strong></span> <span class='ocrx_word' id='word_1_109' title='bbox 1711 1113 1914 1186; x_wconf 76' lang='lat' dir='ltr'><strong>quanquam</strong></span> <span class='ocrx_word' id='word_1_110' title='bbox 1930 1093 2110 1186; x_wconf 84' lang='lat' dir='ltr'><strong>positurus</strong></span> <span class='ocrx_word' id='word_1_111' title='bbox 2125 1091 2172 1163; x_wconf 92' lang='lat' dir='ltr'><strong>sit</strong></span> <span class='ocrx_word' id='word_1_112' title='bbox 2188 1115 2270 1161; x_wconf 89' lang='lat' dir='ltr'><strong>cor·</strong></span> <span class='ocrx_word' id='word_1_113' title='bbox 2335 1079 2336 1130; x_wconf 70' lang='lat'><em>3</em></span> 
     </span>
     <span class='ocr_line' id='line_1_11' title="bbox 240 1173 2271 1284; baseline 0.002 -26"><span class='ocrx_word' id='word_1_114' title='bbox 240 1211 285 1259; x_wconf 92' lang='lat' dir='ltr'><strong>ne</strong></span> <span class='ocrx_word' id='word_1_115' title='bbox 299 1190 464 1260; x_wconf 73' lang='lat' dir='ltr'>audiatur</span> <span class='ocrx_word' id='word_1_116' title='bbox 477 1182 654 1280; x_wconf 77' lang='lat' dir='ltr'><strong>Propheta</strong></span> <span class='ocrx_word' id='word_1_117' title='bbox 679 1191 710 1257; x_wconf 91' lang='lat' dir='ltr'><strong>si</strong></span> <span class='ocrx_word' id='word_1_118' title='bbox 724 1189 811 1282; x_wconf 92' lang='lat' dir='ltr'><strong>quid</strong></span> <span class='ocrx_word' id='word_1_119' title='bbox 829 1189 989 1260; x_wconf 81' lang='lat' dir='ltr'><strong>docuerit</strong></span> <span class='ocrx_word' id='word_1_120' title='bbox 1005 1201 1125 1258; x_wconf 83' lang='lat' dir='ltr'><strong>contra</strong></span> <span class='ocrx_word' id='word_1_121' title='bbox 1140 1187 1228 1256; x_wconf 87' lang='lat' dir='ltr'><strong>scri·</strong></span> <span class='ocrx_word' id='word_1_122' title='bbox 1252 1173 1255 1229; x_wconf 71' lang='lat'>⁸</span> <span class='ocrx_word' id='word_1_123' title='bbox 1278 1187 1449 1278; x_wconf 90' lang='lat' dir='ltr'><strong>ruptibile</strong></span> <span class='ocrx_word' id='word_1_124' title='bbox 1465 1183 1532 1261; x_wconf 91' lang='lat' dir='ltr'><strong>hoc</strong></span> <span class='ocrx_word' id='word_1_125' title='bbox 1548 1202 1581 1260; x_wconf 92' lang='lat' dir='ltr'><strong>et</strong></span> <span class='ocrx_word' id='word_1_126' title='bbox 1596 1190 1751 1262; x_wconf 87' lang='lat' dir='ltr'><strong>animale</strong></span> <span class='ocrx_word' id='word_1_127' title='bbox 1765 1216 1911 1284; x_wconf 88' lang='lat' dir='ltr'><strong>corpus,</strong></span> <span class='ocrx_word' id='word_1_128' title='bbox 1937 1207 2057 1264; x_wconf 86' lang='lat' dir='ltr'><strong>tamen</strong></span> <span class='ocrx_word' id='word_1_129' title='bbox 2074 1216 2149 1264; x_wconf 86' lang='lat' dir='ltr'><strong>non</strong></span> <span class='ocrx_word' id='word_1_130' title='bbox 2165 1193 2271 1262; x_wconf 86' lang='lat' dir='ltr'><strong>vide-</strong></span> 
     </span>
     <span class='ocr_line' id='line_1_12' title="bbox 238 1285 2336 1384; baseline 0.002 -23"><span class='ocrx_word' id='word_1_131' title='bbox 238 1304 379 1384; x_wconf 89' lang='lat' dir='ltr'><strong>pturam</strong></span> <span class='ocrx_word' id='word_1_132' title='bbox 390 1341 402 1376; x_wconf 91' lang='lat'><strong>,</strong></span> <span class='ocrx_word' id='word_1_133' title='bbox 429 1291 533 1361; x_wconf 90' lang='lat' dir='ltr'><strong>ctiam</strong></span> <span class='ocrx_word' id='word_1_134' title='bbox 553 1290 584 1360; x_wconf 89' lang='lat' dir='ltr'><strong>si</strong></span> <span class='ocrx_word' id='word_1_135' title='bbox 600 1290 782 1362; x_wconf 83' lang='lat' dir='ltr'><strong>miraculis</strong></span> <span class='ocrx_word' id='word_1_136' title='bbox 798 1291 923 1381; x_wconf 88' lang='lat' dir='ltr'><strong>probet</strong></span> <span class='ocrx_word' id='word_1_137' title='bbox 937 1311 1146 1362; x_wconf 86' lang='lat' dir='ltr'><strong>sermonem.</strong></span> <span class='ocrx_word' id='word_1_138' title='bbox 1179 1285 1228 1360; x_wconf 87' lang='lat' dir='ltr'><strong>Et</strong></span> <span class='ocrx_word' id='word_1_139' title='bbox 1278 1285 1334 1360; x_wconf 91' lang='lat' dir='ltr'><strong>bit</strong></span> <span class='ocrx_word' id='word_1_140' title='bbox 1351 1288 1544 1378; x_wconf 89' lang='lat' dir='ltr'><strong>iudicium,</strong></span> <span class='ocrx_word' id='word_1_141' title='bbox 1570 1294 1667 1384; x_wconf 91' lang='lat' dir='ltr'><strong>quod</strong></span> <span class='ocrx_word' id='word_1_142' title='bbox 1693 1317 1775 1363; x_wconf 87' lang='lat' dir='ltr'><strong>vere</strong></span> <span class='ocrx_word' id='word_1_143' title='bbox 1796 1317 1893 1364; x_wconf 88' lang='lat' dir='ltr'><strong>mors</strong></span> <span class='ocrx_word' id='word_1_144' title='bbox 1913 1308 1984 1380; x_wconf 82' lang='lat' dir='ltr'><strong>cst,</strong></span> <span class='ocrx_word' id='word_1_145' title='bbox 2016 1297 2075 1366; x_wconf 90' lang='lat' dir='ltr'><strong>scd</strong></span> <span class='ocrx_word' id='word_1_146' title='bbox 2099 1295 2187 1366; x_wconf 84' lang='lat' dir='ltr'><strong>fides</strong></span> <span class='ocrx_word' id='word_1_147' title='bbox 2205 1296 2270 1364; x_wconf 87' lang='lat' dir='ltr'><strong>ab·</strong></span> <span class='ocrx_word' id='word_1_148' title='bbox 2335 1361 2336 1364; x_wconf 73' lang='grc'>,</span> 
     </span>
     <span class='ocr_line' id='line_1_13' title="bbox 239 1390 2009 1490; baseline 0.003 -27"><span class='ocrx_word' id='word_1_149' title='bbox 239 1395 356 1478; x_wconf 86' lang='lat' dir='ltr'><strong>addit,</strong></span> <span class='ocrx_word' id='word_1_150' title='bbox 389 1393 520 1474; x_wconf 87' lang='lat' dir='ltr'><strong>talibus</strong></span> <span class='ocrx_word' id='word_1_151' title='bbox 542 1392 722 1462; x_wconf 78' lang='lat' dir='ltr'><strong>miraculis</strong></span> <span class='ocrx_word' id='word_1_152' title='bbox 746 1416 765 1462; x_wconf 86' lang='lat' dir='ltr'><strong>a</strong></span> <span class='ocrx_word' id='word_1_153' title='bbox 789 1391 865 1464; x_wconf 89' lang='lat' dir='ltr'><strong>Deo</strong></span> <span class='ocrx_word' id='word_1_154' title='bbox 889 1392 1016 1462; x_wconf 90' lang='lat' dir='ltr'><strong>tentari</strong></span> <span class='ocrx_word' id='word_1_155' title='bbox 1041 1391 1228 1482; x_wconf 89' lang='lat' dir='ltr'><strong>populum.</strong></span> <span class='ocrx_word' id='word_1_156' title='bbox 1279 1390 1398 1462; x_wconf 92' lang='lat' dir='ltr'><strong>sorbet</strong></span> <span class='ocrx_word' id='word_1_157' title='bbox 1411 1406 1560 1465; x_wconf 89' lang='lat' dir='ltr'><strong>mortem</strong></span> <span class='ocrx_word' id='word_1_158' title='bbox 1576 1391 1744 1464; x_wconf 71' lang='lat' dir='ltr'><strong>et&#39;omnia</strong></span> <span class='ocrx_word' id='word_1_159' title='bbox 1765 1410 1915 1490; x_wconf 83' lang='lat' dir='ltr'><strong>peccata.</strong></span> <span class='ocrx_word' id='word_1_160' title='bbox 2006 1438 2009 1446; x_wconf 93' lang='lat'>·</span> 
     </span>
     <span class='ocr_line' id='line_1_14' title="bbox 239 1490 1916 1590; baseline -0.005 -24"><span class='ocrx_word' id='word_1_161' title='bbox 239 1493 324 1566; x_wconf 85' lang='lat' dir='ltr'><strong>Post</strong></span> <span class='ocrx_word' id='word_1_162' title='bbox 339 1496 443 1565; x_wconf 87' lang='lat' dir='ltr'><strong>verba</strong></span> <span class='ocrx_word' id='word_1_163' title='bbox 457 1491 489 1590; x_wconf 77' lang='lat'><strong>⁶)</strong></span> <span class='ocrx_word' id='word_1_164' title='bbox 512 1495 681 1564; x_wconf 91' lang='lat' dir='ltr'><strong>miracula</strong></span> <span class='ocrx_word' id='word_1_165' title='bbox 702 1499 794 1565; x_wconf 80' lang='lat' dir='ltr'><strong>sunt.</strong></span> <span class='ocrx_word' id='word_1_166' title='bbox 846 1492 962 1563; x_wconf 86' lang='lat' dir='ltr'><strong>Marci</strong></span> <span class='ocrx_word' id='word_1_167' title='bbox 984 1494 1126 1564; x_wconf 88' lang='lat' dir='ltr'><strong>ultimo:</strong></span> <span class='ocrx_word' id='word_1_168' title='bbox 1152 1490 1232 1561; x_wconf 85' lang='lat' dir='ltr'><strong>Do-·</strong></span> <span class='ocrx_word' id='word_1_169' title='bbox 1590 1513 1594 1520; x_wconf 89' lang='lat'><strong>·</strong></span> <span class='ocrx_word' id='word_1_170' title='bbox 1911 1494 1916 1504; x_wconf 88' lang='lat'>&#39;</span> 
     </span>
     <span class='ocr_line' id='line_1_15' title="bbox 132 1555 2006 1688; baseline 0.001 -22"><span class='ocrx_word' id='word_1_171' title='bbox 132 1631 133 1634; x_wconf 38' lang='lat'>¹</span> <span class='ocrx_word' id='word_1_172' title='bbox 238 1598 338 1666; x_wconf 93' lang='lat' dir='ltr'><strong>mino</strong></span> <span class='ocrx_word' id='word_1_173' title='bbox 367 1597 598 1668; x_wconf 84' lang='lat' dir='ltr'><strong>confirmante</strong></span> <span class='ocrx_word' id='word_1_174' title='bbox 626 1619 824 1667; x_wconf 87' lang='lat' dir='ltr'><strong>sermonem</strong></span> <span class='ocrx_word' id='word_1_175' title='bbox 856 1595 1083 1688; x_wconf 87' lang='lat' dir='ltr'><strong>sequentibus</strong></span> <span class='ocrx_word' id='word_1_176' title='bbox 1107 1593 1227 1684; x_wconf 83' lang='lat' dir='ltr'><strong>signis.</strong></span> <span class='ocrx_word' id='word_1_177' title='bbox 1535 1555 1735 1634; x_wconf 57' lang='lat' dir='ltr'><em>Abraham</em></span> <span class='ocrx_word' id='word_1_178' title='bbox 1758 1569 1924 1636; x_wconf 60' lang='lat' dir='ltr'><strong>mmm</strong></span> <span class='ocrx_word' id='word_1_179' title='bbox 1943 1571 2006 1640; x_wconf 55' lang='grc' dir='ltr'><strong>Μ·</strong></span> 
     </span>
    </p>
   </div>
   <div class='ocr_carea' id='block_1_4' title="bbox 382 827 1092 945">
    <p class='ocr_par' dir='ltr' id='par_1_7' title="bbox 382 827 1092 945">
     <span class='ocr_line' id='line_1_16' title="bbox 382 827 1092 945; baseline 0.001 -27"><span class='ocrx_word' id='word_1_180' title='bbox 382 845 470 945; x_wconf 68' lang='lat' dir='ltr'><strong>Ego</strong></span> <span class='ocrx_word' id='word_1_181' title='bbox 496 858 619 920; x_wconf 79' lang='lat' dir='ltr'><strong>autem</strong></span> <span class='ocrx_word' id='word_1_182' title='bbox 640 848 678 919; x_wconf 83' lang='lat' dir='ltr'><strong>si</strong></span> <span class='ocrx_word' id='word_1_183' title='bbox 701 847 887 920; x_wconf 79' lang='lat' dir='ltr'><strong>veritatem</strong></span> <span class='ocrx_word' id='word_1_184' title='bbox 914 845 995 921; x_wconf 82' lang='lat' dir='ltr'><strong>dico</strong></span> <span class='ocrx_word' id='word_1_185' title='bbox 1021 827 1092 922; x_wconf 56' lang='lat' dir='ltr'><strong>cle,</strong></span> 
     </span>
    </p>
   </div>
   <div class='ocr_carea' id='block_1_5' title="bbox 108 1693 2271 1788">
    <p class='ocr_par' dir='ltr' id='par_1_8' title="bbox 108 1693 2271 1788">
     <span class='ocr_line' id='line_1_17' title="bbox 108 1693 2271 1788; baseline 0 -20"><span class='ocrx_word' id='word_1_186' title='bbox 108 1725 115 1731; x_wconf 93' lang='lat'><strong>·</strong></span> <span class='ocrx_word' id='word_1_187' title='bbox 238 1696 422 1770; x_wconf 87' lang='lat' dir='ltr'><strong>Postremo</strong></span> <span class='ocrx_word' id='word_1_188' title='bbox 437 1712 490 1770; x_wconf 90' lang='lat' dir='ltr'><strong>est</strong></span> <span class='ocrx_word' id='word_1_189' title='bbox 503 1697 575 1770; x_wconf 87' lang='lat' dir='ltr'><strong>vita</strong></span> <span class='ocrx_word' id='word_1_190' title='bbox 594 1698 763 1768; x_wconf 86' lang='lat' dir='ltr'><strong>docentis.</strong></span> <span class='ocrx_word' id='word_1_191' title='bbox 801 1693 921 1788; x_wconf 83' lang='lat' dir='ltr'><strong>Exigit</strong></span> <span class='ocrx_word' id='word_1_192' title='bbox 935 1697 1030 1767; x_wconf 88' lang='lat' dir='ltr'><strong>enim</strong></span> <span class='ocrx_word' id='word_1_193' title='bbox 1052 1697 1226 1788; x_wconf 90' lang='lat' dir='ltr'><strong>scriptura</strong></span> <span class='ocrx_word' id='word_1_194' title='bbox 1380 1693 1514 1766; x_wconf 82' lang='lat' dir='ltr'><strong>Audito</strong></span> <span class='ocrx_word' id='word_1_195' title='bbox 1537 1696 1772 1788; x_wconf 82' lang='lat' dir='ltr'><strong>promissione</strong></span> <span class='ocrx_word' id='word_1_196' title='bbox 1804 1699 1896 1772; x_wconf 82' lang='lat' dir='ltr'><strong>vitae</strong></span> <span class='ocrx_word' id='word_1_197' title='bbox 1924 1713 2104 1785; x_wconf 76' lang='lat' dir='ltr'><strong>aeternae,</strong></span> <span class='ocrx_word' id='word_1_198' title='bbox 2136 1713 2172 1771; x_wconf 87' lang='lat' dir='ltr'><strong>et</strong></span> <span class='ocrx_word' id='word_1_199' title='bbox 2202 1700 2271 1770; x_wconf 84' lang='lat' dir='ltr'><strong>tlo-</strong></span> 
     </span>
    </p>
   </div>
   <div class='ocr_carea' id='block_1_6' title="bbox 137 1795 2336 2805">
    <p class='ocr_par' dir='ltr' id='par_1_9' title="bbox 159 1795 2272 2096">
     <span class='ocr_line' id='line_1_18' title="bbox 240 1795 2272 1894; baseline 0.001 -24"><span class='ocrx_word' id='word_1_200' title='bbox 240 1803 285 1872; x_wconf 87' lang='lat' dir='ltr'><strong>sb</strong></span> <span class='ocrx_word' id='word_1_201' title='bbox 301 1796 505 1893; x_wconf 84' lang='lat' dir='ltr'><strong>Episcopis,</strong></span> <span class='ocrx_word' id='word_1_202' title='bbox 529 1814 569 1872; x_wconf 90' lang='lat' dir='ltr'><strong>ut</strong></span> <span class='ocrx_word' id='word_1_203' title='bbox 581 1802 654 1870; x_wconf 89' lang='lat' dir='ltr'><strong>sint</strong></span> <span class='ocrx_word' id='word_1_204' title='bbox 669 1800 745 1870; x_wconf 85' lang='lat' dir='ltr'><strong>sine</strong></span> <span class='ocrx_word' id='word_1_205' title='bbox 758 1799 924 1888; x_wconf 88' lang='lat' dir='ltr'><strong>crimine,</strong></span> <span class='ocrx_word' id='word_1_206' title='bbox 949 1812 991 1870; x_wconf 92' lang='lat' dir='ltr'><strong>ut</strong></span> <span class='ocrx_word' id='word_1_207' title='bbox 1007 1799 1227 1868; x_wconf 77' lang='lat' dir='ltr'><strong>adversarius</strong></span> <span class='ocrx_word' id='word_1_208' title='bbox 1278 1795 1418 1866; x_wconf 82' lang='lat' dir='ltr'><strong>nandee</strong></span> <span class='ocrx_word' id='word_1_209' title='bbox 1433 1797 1578 1889; x_wconf 90' lang='lat' dir='ltr'><strong>quidem</strong></span> <span class='ocrx_word' id='word_1_210' title='bbox 1594 1822 1657 1890; x_wconf 92' lang='lat' dir='ltr'><strong>per</strong></span> <span class='ocrx_word' id='word_1_211' title='bbox 1680 1797 1847 1885; x_wconf 87' lang='lat' dir='ltr'><strong>verbnm,</strong></span> <span class='ocrx_word' id='word_1_212' title='bbox 1880 1816 1914 1873; x_wconf 86' lang='lat' dir='ltr'><strong>ct</strong></span> <span class='ocrx_word' id='word_1_213' title='bbox 1936 1826 2001 1894; x_wconf 92' lang='lat' dir='ltr'><strong>per</strong></span> <span class='ocrx_word' id='word_1_214' title='bbox 2024 1803 2172 1872; x_wconf 91' lang='lat' dir='ltr'><strong>verbum</strong></span> <span class='ocrx_word' id='word_1_215' title='bbox 2201 1797 2272 1872; x_wconf 89' lang='lat' dir='ltr'><strong>ho-</strong></span> 
     </span>
     <span class='ocr_line' id='line_1_19' title="bbox 159 1896 2270 1996; baseline 0.001 -25"><span class='ocrx_word' id='word_1_216' title='bbox 159 1955 164 1964; x_wconf 88' lang='lat'>.</span> <span class='ocrx_word' id='word_1_217' title='bbox 240 1915 422 1985; x_wconf 86' lang='lat' dir='ltr'><strong>vereatur,</strong></span> <span class='ocrx_word' id='word_1_218' title='bbox 447 1896 544 1971; x_wconf 90' lang='lat' dir='ltr'><strong>nihil</strong></span> <span class='ocrx_word' id='word_1_219' title='bbox 563 1897 801 1972; x_wconf 83' lang='lat' dir='ltr'><strong>habensmali</strong></span> <span class='ocrx_word' id='word_1_220' title='bbox 824 1901 940 1971; x_wconf 89' lang='lat' dir='ltr'><strong>dicere</strong></span> <span class='ocrx_word' id='word_1_221' title='bbox 962 1902 1005 1971; x_wconf 90' lang='lat' dir='ltr'><strong>de</strong></span> <span class='ocrx_word' id='word_1_222' title='bbox 1029 1899 1153 1979; x_wconf 89' lang='lat' dir='ltr'><strong>nobis,</strong></span> <span class='ocrx_word' id='word_1_223' title='bbox 1181 1901 1226 1968; x_wconf 90' lang='lat' dir='ltr'><strong>ad</strong></span> <span class='ocrx_word' id='word_1_224' title='bbox 1277 1897 1386 1966; x_wconf 92' lang='lat' dir='ltr'><strong>minis</strong></span> <span class='ocrx_word' id='word_1_225' title='bbox 1401 1899 1586 1984; x_wconf 89' lang='lat' dir='ltr'><strong>morituri,</strong></span> <span class='ocrx_word' id='word_1_226' title='bbox 1613 1900 1664 1972; x_wconf 94' lang='lat' dir='ltr'><strong>ibi</strong></span> <span class='ocrx_word' id='word_1_227' title='bbox 1689 1902 1946 1975; x_wconf 83' lang='lat' dir='ltr'><strong>scandalizatur</strong></span> <span class='ocrx_word' id='word_1_228' title='bbox 1967 1904 2076 1975; x_wconf 85' lang='lat' dir='ltr'><strong>ratio:</strong></span> <span class='ocrx_word' id='word_1_229' title='bbox 2110 1897 2160 1973; x_wconf 84' lang='lat' dir='ltr'><strong>Et</strong></span> <span class='ocrx_word' id='word_1_230' title='bbox 2181 1904 2270 1996; x_wconf 86' lang='lat' dir='ltr'><strong>quia</strong></span> 
     </span>
     <span class='ocr_line' id='line_1_20' title="bbox 241 1993 2271 2096; baseline 0.001 -24"><span class='ocrx_word' id='word_1_231' title='bbox 241 2003 365 2076; x_wconf 88' lang='lat' dir='ltr'><strong>Titum</strong></span> <span class='ocrx_word' id='word_1_232' title='bbox 392 2001 437 2078; x_wconf 91' lang='grc' dir='ltr'><strong>ΙΙ.</strong></span> <span class='ocrx_word' id='word_1_233' title='bbox 464 2017 498 2074; x_wconf 86' lang='lat' dir='ltr'><strong>et</strong></span> <span class='ocrx_word' id='word_1_234' title='bbox 525 2008 562 2077; x_wconf 72' lang='lat'><strong>2.</strong></span> <span class='ocrx_word' id='word_1_235' title='bbox 585 1999 752 2074; x_wconf 85' lang='lat' dir='ltr'><strong>Corinth.</strong></span> <span class='ocrx_word' id='word_1_236' title='bbox 776 2001 822 2072; x_wconf 86' lang='lat' dir='ltr'><strong>ll.</strong></span> <span class='ocrx_word' id='word_1_237' title='bbox 844 2003 947 2087; x_wconf 87' lang='lat' dir='ltr'><strong>dicit,</strong></span> <span class='ocrx_word' id='word_1_238' title='bbox 982 2001 1227 2092; x_wconf 78' lang='lat' dir='ltr'><strong>evangelizen—</strong></span> <span class='ocrx_word' id='word_1_239' title='bbox 1277 1993 1372 2070; x_wconf 91' lang='lat' dir='ltr'><strong>nihil</strong></span> <span class='ocrx_word' id='word_1_240' title='bbox 1400 2001 1507 2073; x_wconf 83' lang='lat' dir='ltr'><strong>sentit</strong></span> <span class='ocrx_word' id='word_1_241' title='bbox 1530 2001 1624 2074; x_wconf 75' lang='lat' dir='ltr'><strong>vitoe</strong></span> <span class='ocrx_word' id='word_1_242' title='bbox 1649 2019 1829 2090; x_wconf 72' lang='lat' dir='ltr'><strong>aeternae,</strong></span> <span class='ocrx_word' id='word_1_243' title='bbox 1867 2019 1910 2076; x_wconf 91' lang='lat' dir='ltr'><strong>ut</strong></span> <span class='ocrx_word' id='word_1_244' title='bbox 1926 2005 2040 2096; x_wconf 85' lang='lat' dir='ltr'><strong>possit</strong></span> <span class='ocrx_word' id='word_1_245' title='bbox 2068 2004 2271 2094; x_wconf 78' lang='lat' dir='ltr'><strong>intelligere</strong></span> 
     </span>
    </p>

    <p class='ocr_par' dir='ltr' id='par_1_10' title="bbox 137 2103 2336 2805">
     <span class='ocr_line' id='line_1_21' title="bbox 205 2103 2271 2200; baseline 0.001 -26"><span class='ocrx_word' id='word_1_246' title='bbox 205 2166 209 2174; x_wconf 91' lang='grc'><em>,</em></span> <span class='ocrx_word' id='word_1_247' title='bbox 239 2107 326 2176; x_wconf 85' lang='lat' dir='ltr'><strong>dum</strong></span> <span class='ocrx_word' id='word_1_248' title='bbox 343 2127 506 2180; x_wconf 84' lang='lat' dir='ltr'><strong>essenon</strong></span> <span class='ocrx_word' id='word_1_249' title='bbox 528 2107 725 2177; x_wconf 77' lang='lat' dir='ltr'><strong>adulterato</strong></span> <span class='ocrx_word' id='word_1_250' title='bbox 750 2103 939 2175; x_wconf 91' lang='lat' dir='ltr'><strong>verboDei</strong></span> <span class='ocrx_word' id='word_1_251' title='bbox 963 2129 1005 2173; x_wconf 84' lang='lat' dir='ltr'><strong>ex</strong></span> <span class='ocrx_word' id='word_1_252' title='bbox 1027 2103 1227 2174; x_wconf 84' lang='lat' dir='ltr'><strong>sinceritate</strong></span> <span class='ocrx_word' id='word_1_253' title='bbox 1278 2125 1355 2170; x_wconf 90' lang='lat' dir='ltr'><strong>earn</strong></span> <span class='ocrx_word' id='word_1_254' title='bbox 1378 2103 1603 2193; x_wconf 85' lang='lat' dir='ltr'><strong>perverbum</strong></span> <span class='ocrx_word' id='word_1_255' title='bbox 1629 2105 1725 2175; x_wconf 84' lang='lat' dir='ltr'><strong>dori:</strong></span> <span class='ocrx_word' id='word_1_256' title='bbox 1765 2107 1906 2200; x_wconf 82' lang='lat' dir='ltr'><strong>etquis</strong></span> <span class='ocrx_word' id='word_1_257' title='bbox 1934 2106 2136 2179; x_wconf 90' lang='lat' dir='ltr'><strong>tammulta</strong></span> <span class='ocrx_word' id='word_1_258' title='bbox 2160 2130 2271 2198; x_wconf 91' lang='lat' dir='ltr'><strong>repu-</strong></span> 
     </span>
     <span class='ocr_line' id='line_1_22' title="bbox 137 2195 2269 2299; baseline -0.001 -19"><span class='ocrx_word' id='word_1_259' title='bbox 137 2275 138 2280; x_wconf 75' lang='grc'>,</span> <span class='ocrx_word' id='word_1_260' title='bbox 238 2195 279 2275; x_wconf 88' lang='lat' dir='ltr'><strong>in</strong></span> <span class='ocrx_word' id='word_1_261' title='bbox 294 2200 450 2278; x_wconf 88' lang='lat' dir='ltr'><strong>Christo.</strong></span> <span class='ocrx_word' id='word_1_262' title='bbox 468 2247 519 2262; x_wconf 91' lang='lat'><em>-</em></span> <span class='ocrx_word' id='word_1_263' title='bbox 553 2205 645 2296; x_wconf 90' lang='lat' dir='ltr'><strong>Quis</strong></span> <span class='ocrx_word' id='word_1_264' title='bbox 666 2231 707 2277; x_wconf 82' lang='lat' dir='ltr'><strong>ex</strong></span> <span class='ocrx_word' id='word_1_265' title='bbox 729 2207 848 2290; x_wconf 90' lang='lat' dir='ltr'><strong>vobis,</strong></span> <span class='ocrx_word' id='word_1_266' title='bbox 873 2207 942 2274; x_wconf 83' lang='lat' dir='ltr'><strong>ie.</strong></span> <span class='ocrx_word' id='word_1_267' title='bbox 965 2205 1048 2299; x_wconf 82' lang='lat' dir='ltr'><strong>quie</strong></span> <span class='ocrx_word' id='word_1_268' title='bbox 1066 2228 1225 2295; x_wconf 89' lang='lat' dir='ltr'><strong>compre-</strong></span> <span class='ocrx_word' id='word_1_269' title='bbox 1277 2225 1386 2294; x_wconf 82' lang='lat' dir='ltr'><strong>gnare</strong></span> <span class='ocrx_word' id='word_1_270' title='bbox 1399 2204 1534 2276; x_wconf 91' lang='lat' dir='ltr'><strong>iudicat</strong></span> <span class='ocrx_word' id='word_1_271' title='bbox 1548 2205 1641 2275; x_wconf 87' lang='lat' dir='ltr'><strong>vitae</strong></span> <span class='ocrx_word' id='word_1_272' title='bbox 1656 2220 1818 2277; x_wconf 88' lang='lat' dir='ltr'><strong>aeternae</strong></span> <span class='ocrx_word' id='word_1_273' title='bbox 1831 2209 1976 2278; x_wconf 88' lang='lat' dir='ltr'><strong>verbum</strong></span> <span class='ocrx_word' id='word_1_274' title='bbox 1988 2208 2153 2280; x_wconf 86' lang='lat' dir='ltr'><strong>stultum:</strong></span> <span class='ocrx_word' id='word_1_275' title='bbox 2180 2206 2269 2280; x_wconf 88' lang='lat' dir='ltr'><strong>Cre·</strong></span> 
     </span>
     <span class='ocr_line' id='line_1_23' title="bbox 237 2301 2336 2406; baseline -0 -28"><span class='ocrx_word' id='word_1_276' title='bbox 237 2303 436 2379; x_wconf 84' lang='lat' dir='ltr'><strong>hendivita</strong></span> <span class='ocrx_word' id='word_1_277' title='bbox 458 2333 535 2380; x_wconf 91' lang='lat' dir='ltr'><strong>mea</strong></span> <span class='ocrx_word' id='word_1_278' title='bbox 557 2332 630 2378; x_wconf 92' lang='lat' dir='ltr'><strong>non</strong></span> <span class='ocrx_word' id='word_1_279' title='bbox 659 2321 790 2401; x_wconf 86' lang='lat' dir='ltr'><strong>potest,</strong></span> <span class='ocrx_word' id='word_1_280' title='bbox 829 2331 956 2399; x_wconf 78' lang='lat' dir='ltr'><strong>negare</strong></span> <span class='ocrx_word' id='word_1_281' title='bbox 985 2331 1059 2376; x_wconf 90' lang='lat' dir='ltr'><strong>non</strong></span> <span class='ocrx_word' id='word_1_282' title='bbox 1081 2307 1226 2399; x_wconf 88' lang='lat' dir='ltr'><strong>potestis</strong></span> <span class='ocrx_word' id='word_1_283' title='bbox 1277 2306 1322 2374; x_wconf 88' lang='lat' dir='ltr'><strong>de</strong></span> <span class='ocrx_word' id='word_1_284' title='bbox 1353 2305 1392 2374; x_wconf 89' lang='lat' dir='ltr'><strong>in</strong></span> <span class='ocrx_word' id='word_1_285' title='bbox 1415 2301 1596 2378; x_wconf 82' lang='lat' dir='ltr'><strong>Christum</strong></span> <span class='ocrx_word' id='word_1_286' title='bbox 1630 2302 1812 2379; x_wconf 91' lang='lat' dir='ltr'><strong>hominem</strong></span> <span class='ocrx_word' id='word_1_287' title='bbox 1842 2310 2047 2392; x_wconf 88' lang='lat' dir='ltr'><strong>mortalem,</strong></span> <span class='ocrx_word' id='word_1_288' title='bbox 2082 2321 2123 2380; x_wconf 87' lang='lat' dir='ltr'><strong>et</strong></span> <span class='ocrx_word' id='word_1_289' title='bbox 2151 2309 2268 2380; x_wconf 81' lang='lat' dir='ltr'><strong>vives:</strong></span> <span class='ocrx_word' id='word_1_290' title='bbox 2335 2391 2336 2406; x_wconf 12' lang='grc' dir='ltr'>χ</span> 
     </span>
     <span class='ocr_line' id='line_1_24' title="bbox 238 2407 2336 2503; baseline 0 -23"><span class='ocrx_word' id='word_1_291' title='bbox 238 2423 383 2503; x_wconf 89' lang='lat' dir='ltr'><strong>propter</strong></span> <span class='ocrx_word' id='word_1_292' title='bbox 396 2411 524 2502; x_wconf 89' lang='lat' dir='ltr'><strong>vitam,</strong></span> <span class='ocrx_word' id='word_1_293' title='bbox 551 2435 607 2480; x_wconf 92' lang='lat' dir='ltr'><strong>me</strong></span> <span class='ocrx_word' id='word_1_294' title='bbox 622 2434 664 2480; x_wconf 83' lang='lat' dir='ltr'><strong>er</strong></span> <span class='ocrx_word' id='word_1_295' title='bbox 677 2407 754 2480; x_wconf 86' lang='lat' dir='ltr'><strong>Deo</strong></span> <span class='ocrx_word' id='word_1_296' title='bbox 779 2431 869 2495; x_wconf 86' lang='lat' dir='ltr'><strong>esse,</strong></span> <span class='ocrx_word' id='word_1_297' title='bbox 894 2421 974 2478; x_wconf 86' lang='lat' dir='ltr'><strong>curn</strong></span> <span class='ocrx_word' id='word_1_298' title='bbox 998 2409 1097 2480; x_wconf 88' lang='lat' dir='ltr'><strong>testis</strong></span> <span class='ocrx_word' id='word_1_299' title='bbox 1119 2409 1224 2478; x_wconf 85' lang='lat' dir='ltr'><strong>etiam</strong></span> <span class='ocrx_word' id='word_1_300' title='bbox 1277 2420 1462 2498; x_wconf 80' lang='lat' dir='ltr'><strong>propterea</strong></span> <span class='ocrx_word' id='word_1_301' title='bbox 1512 2424 1700 2501; x_wconf 90' lang='lat' dir='ltr'><strong>opponunt</strong></span> <span class='ocrx_word' id='word_1_302' title='bbox 1745 2411 1967 2482; x_wconf 82' lang='lat' dir='ltr'><strong>manifestam</strong></span> <span class='ocrx_word' id='word_1_303' title='bbox 2004 2409 2269 2503; x_wconf 76' lang='lat' dir='ltr'><strong>experientiam,</strong></span> <span class='ocrx_word' id='word_1_304' title='bbox 2335 2421 2336 2430; x_wconf 78' lang='grc'>’</span> 
     </span>
     <span class='ocr_line' id='line_1_25' title="bbox 238 2503 2336 2607; baseline 0.002 -25"><span class='ocrx_word' id='word_1_305' title='bbox 238 2512 412 2604; x_wconf 89' lang='lat' dir='ltr'><strong>scriptura</strong></span> <span class='ocrx_word' id='word_1_306' title='bbox 424 2524 494 2594; x_wconf 89' lang='lat' dir='ltr'><strong>est,</strong></span> <span class='ocrx_word' id='word_1_307' title='bbox 520 2537 624 2607; x_wconf 88' lang='lat' dir='ltr'><strong>quem</strong></span> <span class='ocrx_word' id='word_1_308' title='bbox 650 2512 882 2584; x_wconf 86' lang='lat' dir='ltr'><strong>testificantur</strong></span> <span class='ocrx_word' id='word_1_309' title='bbox 897 2512 1003 2580; x_wconf 85' lang='lat' dir='ltr'><strong>etiam</strong></span> <span class='ocrx_word' id='word_1_310' title='bbox 1020 2510 1200 2580; x_wconf 77' lang='lat' dir='ltr'><strong>miracula.</strong></span> <span class='ocrx_word' id='word_1_311' title='bbox 1276 2503 1459 2578; x_wconf 83' lang='lat' dir='ltr'><strong>Abraham</strong></span> <span class='ocrx_word' id='word_1_312' title='bbox 1477 2525 1637 2582; x_wconf 87' lang='lat' dir='ltr'><strong>mortuus</strong></span> <span class='ocrx_word' id='word_1_313' title='bbox 1663 2523 1714 2582; x_wconf 87' lang='lat' dir='ltr'><strong>est</strong></span> <span class='ocrx_word' id='word_1_314' title='bbox 1737 2525 1803 2586; x_wconf 90' lang='lat' dir='ltr'><strong>etc.</strong></span> <span class='ocrx_word' id='word_1_315' title='bbox 1864 2512 1997 2603; x_wconf 85' lang='lat' dir='ltr'><strong>Porro,</strong></span> <span class='ocrx_word' id='word_1_316' title='bbox 2027 2509 2114 2584; x_wconf 87' lang='lat' dir='ltr'><strong>haec</strong></span> <span class='ocrx_word' id='word_1_317' title='bbox 2137 2526 2191 2584; x_wconf 87' lang='lat' dir='ltr'><strong>est</strong></span> <span class='ocrx_word' id='word_1_318' title='bbox 2211 2537 2268 2584; x_wconf 87' lang='lat' dir='ltr'><strong>sa·</strong></span> <span class='ocrx_word' id='word_1_319' title='bbox 2335 2559 2336 2586; x_wconf 69' lang='lat'>3</span> 
     </span>
     <span class='ocr_line' id='line_1_26' title="bbox 346 2615 2336 2805; baseline -0.002 -51"><span class='ocrx_word' id='word_1_320' title='bbox 346 2676 426 2778; x_wconf 83' lang='lat' dir='ltr'><strong>Qui</strong></span> <span class='ocrx_word' id='word_1_321' title='bbox 450 2703 497 2754; x_wconf 74' lang='lat' dir='ltr'><strong>es·</strong></span> <span class='ocrx_word' id='word_1_322' title='bbox 516 2678 601 2754; x_wconf 84' lang='lat' dir='ltr'><strong>Deo</strong></span> <span class='ocrx_word' id='word_1_323' title='bbox 626 2663 694 2765; x_wconf 73' lang='lat' dir='ltr'><strong>est,</strong></span> <span class='ocrx_word' id='word_1_324' title='bbox 722 2678 867 2751; x_wconf 80' lang='lat' dir='ltr'><strong>verbum</strong></span> <span class='ocrx_word' id='word_1_325' title='bbox 891 2675 971 2750; x_wconf 82' lang='lat' dir='ltr'><strong>Dei</strong></span> <span class='ocrx_word' id='word_1_326' title='bbox 994 2673 1114 2750; x_wconf 84' lang='lat' dir='ltr'><strong>audit.</strong></span> <span class='ocrx_word' id='word_1_327' title='bbox 1275 2615 1746 2805; x_wconf 47' lang='lat' dir='ltr'><strong>gzssaefflgp’nssgma</strong></span> <span class='ocrx_word' id='word_1_328' title='bbox 1770 2629 1805 2686; x_wconf 58' lang='lat' dir='ltr'><strong>et</strong></span> <span class='ocrx_word' id='word_1_329' title='bbox 1829 2615 1940 2705; x_wconf 53' lang='lat' dir='ltr'><strong>ihm</strong></span> <span class='ocrx_word' id='word_1_330' title='bbox 1963 2616 2049 2688; x_wconf 60' lang='lat' dir='ltr'><strong>hm</strong></span> <span class='ocrx_word' id='word_1_331' title='bbox 2070 2617 2137 2688; x_wconf 60' lang='lat' dir='ltr'><strong>mh</strong></span> <span class='ocrx_word' id='word_1_332' title='bbox 2154 2639 2269 2703; x_wconf 48' lang='lat' dir='ltr'>‘mee&#39;</span> <span class='ocrx_word' id='word_1_333' title='bbox 2335 2685 2336 2688; x_wconf 73' lang='grc'>’</span> 
     </span>
    </p>
   </div>
   <div class='ocr_carea' id='block_1_7' title="bbox 158 2809 2336 5254">
    <p class='ocr_par' dir='ltr' id='par_1_11' title="bbox 158 2809 2336 5254">
     <span class='ocr_line' id='line_1_27' title="bbox 337 2809 1939 2902; baseline -0.006 -15"><span class='ocrx_word' id='word_1_334' title='bbox 337 2811 385 2888; x_wconf 85' lang='lat' dir='ltr'><strong>Et</strong></span> <span class='ocrx_word' id='word_1_335' title='bbox 409 2813 468 2886; x_wconf 92' lang='lat' dir='ltr'><strong>hic</strong></span> <span class='ocrx_word' id='word_1_336' title='bbox 499 2818 597 2888; x_wconf 89' lang='lat' dir='ltr'><strong>locus</strong></span> <span class='ocrx_word' id='word_1_337' title='bbox 624 2828 787 2902; x_wconf 85' lang='lat' dir='ltr'><strong>testatur,</strong></span> <span class='ocrx_word' id='word_1_338' title='bbox 825 2815 918 2884; x_wconf 84' lang='lat' dir='ltr'><strong>vires</strong></span> <span class='ocrx_word' id='word_1_339' title='bbox 948 2809 1121 2885; x_wconf 73' lang='lat' dir='ltr'><strong>humanas</strong></span> <span class='ocrx_word' id='word_1_340' title='bbox 1150 2835 1225 2882; x_wconf 89' lang='lat' dir='ltr'><strong>non</strong></span> <span class='ocrx_word' id='word_1_341' title='bbox 1524 2875 1532 2898; x_wconf 78' lang='grc'><strong><em>,</em></strong></span> <span class='ocrx_word' id='word_1_342' title='bbox 1741 2881 1749 2900; x_wconf 65' lang='lat'>‚</span> <span class='ocrx_word' id='word_1_343' title='bbox 1929 2884 1939 2902; x_wconf 35' lang='grc' dir='ltr'><strong><em>ο</em></strong></span> 
     </span>
     <span class='ocr_line' id='line_1_28' title="bbox 237 2876 2057 3017; baseline -0.003 -28"><span class='ocrx_word' id='word_1_344' title='bbox 237 2941 337 3017; x_wconf 87' lang='lat' dir='ltr'><strong>posse</strong></span> <span class='ocrx_word' id='word_1_345' title='bbox 350 2919 492 2998; x_wconf 79' lang='lat' dir='ltr'><strong>audire,</strong></span> <span class='ocrx_word' id='word_1_346' title='bbox 517 2921 542 2992; x_wconf 89' lang='lat' dir='ltr'><strong>i.</strong></span> <span class='ocrx_word' id='word_1_347' title='bbox 559 2942 587 2988; x_wconf 89' lang='lat' dir='ltr'><strong>e.</strong></span> <span class='ocrx_word' id='word_1_348' title='bbox 605 2921 745 2988; x_wconf 90' lang='lat' dir='ltr'><strong>credere</strong></span> <span class='ocrx_word' id='word_1_349' title='bbox 762 2917 872 2986; x_wconf 89' lang='lat' dir='ltr'><strong>verbo</strong></span> <span class='ocrx_word' id='word_1_350' title='bbox 889 2913 979 2997; x_wconf 90' lang='lat' dir='ltr'><strong>Dei,</strong></span> <span class='ocrx_word' id='word_1_351' title='bbox 1004 2915 1096 2988; x_wconf 89' lang='lat' dir='ltr'><strong>sicut</strong></span> <span class='ocrx_word' id='word_1_352' title='bbox 1111 2929 1146 2986; x_wconf 89' lang='lat' dir='ltr'><strong>et</strong></span> <span class='ocrx_word' id='word_1_353' title='bbox 1165 2937 1225 2986; x_wconf 89' lang='lat' dir='ltr'><strong>su·</strong></span> <span class='ocrx_word' id='word_1_354' title='bbox 1375 2916 1378 2924; x_wconf 83' lang='lat'>&#39;</span> <span class='ocrx_word' id='word_1_355' title='bbox 1483 2876 1529 2952; x_wconf 58' lang='grc' dir='ltr'><strong>δ’</strong></span> <span class='ocrx_word' id='word_1_356' title='bbox 1555 2903 1620 2976; x_wconf 67' lang='grc' dir='ltr'><strong>’ἕο</strong></span> <span class='ocrx_word' id='word_1_357' title='bbox 1644 2877 1814 2980; x_wconf 62' lang='lat' dir='ltr'><strong>dl⁰f¹fi⁶⁰</strong></span> <span class='ocrx_word' id='word_1_358' title='bbox 1838 2906 1894 2954; x_wconf 68' lang='grc' dir='ltr'><strong>’Μ</strong></span> <span class='ocrx_word' id='word_1_359' title='bbox 1921 2908 2057 2983; x_wconf 74' lang='lat' dir='ltr'><strong>speum.</strong></span> 
     </span>
     <span class='ocr_line' id='line_1_29' title="bbox 158 3013 2265 3113; baseline 0.002 -23"><span class='ocrx_word' id='word_1_360' title='bbox 158 3051 165 3060; x_wconf 93' lang='lat'><em>·</em></span> <span class='ocrx_word' id='word_1_361' title='bbox 236 3045 301 3113; x_wconf 91' lang='lat' dir='ltr'><strong>pra</strong></span> <span class='ocrx_word' id='word_1_362' title='bbox 316 3021 420 3092; x_wconf 84' lang='lat' dir='ltr'><strong>dixit:</strong></span> <span class='ocrx_word' id='word_1_363' title='bbox 448 3015 587 3091; x_wconf 88' lang='lat' dir='ltr'><strong>Omnes</strong></span> <span class='ocrx_word' id='word_1_364' title='bbox 602 3033 708 3090; x_wconf 88' lang='lat' dir='ltr'><strong>erunt</strong></span> <span class='ocrx_word' id='word_1_365' title='bbox 720 3013 948 3096; x_wconf 86' lang='lat' dir='ltr'><strong>theodidacti.</strong></span> <span class='ocrx_word' id='word_1_366' title='bbox 989 3015 1118 3087; x_wconf 86' lang='lat' dir='ltr'><strong>Nonne</strong></span> <span class='ocrx_word' id='word_1_367' title='bbox 1134 3018 1225 3087; x_wconf 88' lang='lat' dir='ltr'><strong>bene</strong></span> <span class='ocrx_word' id='word_1_368' title='bbox 1378 3013 1475 3086; x_wconf 83' lang='lat' dir='ltr'><strong>llaec</strong></span> <span class='ocrx_word' id='word_1_369' title='bbox 1514 3019 1687 3090; x_wconf 86' lang='lat' dir='ltr'><strong>sententia</strong></span> <span class='ocrx_word' id='word_1_370' title='bbox 1715 3032 1750 3089; x_wconf 87' lang='lat' dir='ltr'><strong>et</strong></span> <span class='ocrx_word' id='word_1_371' title='bbox 1780 3019 1913 3090; x_wconf 88' lang='lat' dir='ltr'><strong>similes</strong></span> <span class='ocrx_word' id='word_1_372' title='bbox 1943 3024 1987 3092; x_wconf 87' lang='lat' dir='ltr'><strong>ad</strong></span> <span class='ocrx_word' id='word_1_373' title='bbox 2023 3021 2265 3096; x_wconf 87' lang='lat' dir='ltr'><strong>infirmitatem</strong></span> 
     </span>
     <span class='ocr_line' id='line_1_30' title="bbox 237 3115 2336 3224; baseline 0.003 -34"><span class='ocrx_word' id='word_1_374' title='bbox 237 3121 404 3208; x_wconf 89' lang='lat' dir='ltr'><strong>dicimus,</strong></span> <span class='ocrx_word' id='word_1_375' title='bbox 444 3122 528 3217; x_wconf 84' lang='lat' dir='ltr'><strong>quia</strong></span> <span class='ocrx_word' id='word_1_376' title='bbox 554 3120 782 3191; x_wconf 90' lang='lat' dir='ltr'><strong>daemonium</strong></span> <span class='ocrx_word' id='word_1_377' title='bbox 804 3115 937 3189; x_wconf 87' lang='lat' dir='ltr'><strong>habes?</strong></span> <span class='ocrx_word' id='word_1_378' title='bbox 973 3117 1105 3206; x_wconf 89' lang='lat' dir='ltr'><strong>idest,</strong></span> <span class='ocrx_word' id='word_1_379' title='bbox 1143 3119 1223 3188; x_wconf 89' lang='lat' dir='ltr'><strong>ideo</strong></span> <span class='ocrx_word' id='word_1_380' title='bbox 1274 3115 1408 3192; x_wconf 90' lang='lat' dir='ltr'><strong>Christi</strong></span> <span class='ocrx_word' id='word_1_381' title='bbox 1424 3117 1971 3210; x_wconf 84' lang='lat' dir='ltr'><strong>pertinentetextenuationem,</strong></span> <span class='ocrx_word' id='word_1_382' title='bbox 1995 3147 2069 3194; x_wconf 91' lang='lat' dir='ltr'><strong>non</strong></span> <span class='ocrx_word' id='word_1_383' title='bbox 2090 3125 2198 3195; x_wconf 88' lang='lat' dir='ltr'><strong>aliter</strong></span> <span class='ocrx_word' id='word_1_384' title='bbox 2213 3141 2267 3198; x_wconf 86' lang='lat' dir='ltr'><strong>at·</strong></span> <span class='ocrx_word' id='word_1_385' title='bbox 2335 3207 2336 3224; x_wconf 43' lang='lat'><strong>,</strong></span> 
     </span>
     <span class='ocr_line' id='line_1_31' title="bbox 237 3218 2266 3319; baseline 0.001 -25"><span class='ocrx_word' id='word_1_386' title='bbox 237 3227 333 3316; x_wconf 90' lang='lat' dir='ltr'><strong>quod</strong></span> <span class='ocrx_word' id='word_1_387' title='bbox 359 3246 462 3313; x_wconf 86' lang='lat' dir='ltr'><strong>neges</strong></span> <span class='ocrx_word' id='word_1_388' title='bbox 491 3245 558 3293; x_wconf 87' lang='lat' dir='ltr'><strong>nos</strong></span> <span class='ocrx_word' id='word_1_389' title='bbox 580 3224 702 3294; x_wconf 86' lang='lat' dir='ltr'><strong>audire</strong></span> <span class='ocrx_word' id='word_1_390' title='bbox 724 3223 873 3293; x_wconf 85' lang='lat' dir='ltr'><strong>verbum</strong></span> <span class='ocrx_word' id='word_1_391' title='bbox 898 3220 983 3305; x_wconf 91' lang='lat' dir='ltr'><strong>Dei,</strong></span> <span class='ocrx_word' id='word_1_392' title='bbox 1018 3221 1082 3314; x_wconf 91' lang='lat' dir='ltr'><strong>qui</strong></span> <span class='ocrx_word' id='word_1_393' title='bbox 1107 3234 1225 3291; x_wconf 84' lang='lat' dir='ltr'><strong>tamen</strong></span> <span class='ocrx_word' id='word_1_394' title='bbox 1274 3222 1485 3317; x_wconf 77' lang='lat' dir='ltr'><strong>queilluds·</strong></span> <span class='ocrx_word' id='word_1_395' title='bbox 1509 3218 1606 3293; x_wconf 85' lang='lat' dir='ltr'><strong>Deus</strong></span> <span class='ocrx_word' id='word_1_396' title='bbox 1627 3245 1747 3307; x_wconf 87' lang='lat' dir='ltr'><strong>meus,</strong></span> <span class='ocrx_word' id='word_1_397' title='bbox 1776 3220 1874 3293; x_wconf 89' lang='lat' dir='ltr'><strong>Deus</strong></span> <span class='ocrx_word' id='word_1_398' title='bbox 1894 3246 2015 3312; x_wconf 84' lang='lat' dir='ltr'><strong>mens,</strong></span> <span class='ocrx_word' id='word_1_399' title='bbox 2050 3226 2180 3319; x_wconf 85' lang='lat' dir='ltr'><strong>utquid</strong></span> <span class='ocrx_word' id='word_1_400' title='bbox 2210 3250 2266 3297; x_wconf 82' lang='lat' dir='ltr'><strong>me</strong></span> 
     </span>
     <span class='ocr_line' id='line_1_32' title="bbox 236 3320 2297 3417; baseline 0.001 -21"><span class='ocrx_word' id='word_1_401' title='bbox 236 3326 389 3417; x_wconf 87' lang='lat' dir='ltr'><strong>populus</strong></span> <span class='ocrx_word' id='word_1_402' title='bbox 402 3325 470 3396; x_wconf 91' lang='lat' dir='ltr'><strong>Dei</strong></span> <span class='ocrx_word' id='word_1_403' title='bbox 486 3347 619 3398; x_wconf 84' lang='lat' dir='ltr'><strong>sumus.</strong></span> <span class='ocrx_word' id='word_1_404' title='bbox 1275 3320 1526 3416; x_wconf 81' lang='lat' dir='ltr'><strong>derelequisti?</strong></span> <span class='ocrx_word' id='word_1_405' title='bbox 1551 3321 1635 3395; x_wconf 81' lang='lat' dir='ltr'><strong>Fuit</strong></span> <span class='ocrx_word' id='word_1_406' title='bbox 1651 3325 1746 3396; x_wconf 87' lang='lat' dir='ltr'><strong>enirn</strong></span> <span class='ocrx_word' id='word_1_407' title='bbox 1756 3347 1796 3394; x_wconf 84' lang='lat' dir='ltr'><strong>es</strong></span> <span class='ocrx_word' id='word_1_408' title='bbox 1805 3325 1999 3397; x_wconf 84' lang='lat' dir='ltr'><strong>exinanitio</strong></span> <span class='ocrx_word' id='word_1_409' title='bbox 2013 3329 2106 3398; x_wconf 82' lang='lat' dir='ltr'><strong>inira</strong></span> <span class='ocrx_word' id='word_1_410' title='bbox 2120 3351 2267 3398; x_wconf 88' lang='lat' dir='ltr'><strong>omnem</strong></span> <span class='ocrx_word' id='word_1_411' title='bbox 2288 3407 2297 3414; x_wconf 47' lang='grc'><strong>,</strong></span> 
     </span>
     <span class='ocr_line' id='line_1_33' title="bbox 1276 3422 2266 3516; baseline 0.001 -18"><span class='ocrx_word' id='word_1_412' title='bbox 1276 3439 1416 3516; x_wconf 87' lang='lat' dir='ltr'><strong>captum</strong></span> <span class='ocrx_word' id='word_1_413' title='bbox 1434 3445 1494 3492; x_wconf 87' lang='lat' dir='ltr'><strong>seu</strong></span> <span class='ocrx_word' id='word_1_414' title='bbox 1512 3425 1790 3497; x_wconf 82' lang='lat' dir='ltr'><strong>aestimationem</strong></span> <span class='ocrx_word' id='word_1_415' title='bbox 1808 3422 1983 3498; x_wconf 84' lang='lat' dir='ltr'><strong>humanae</strong></span> <span class='ocrx_word' id='word_1_416' title='bbox 1999 3429 2139 3504; x_wconf 84' lang='lat' dir='ltr'><strong>mentis.</strong></span> <span class='ocrx_word' id='word_1_417' title='bbox 2181 3427 2266 3500; x_wconf 86' lang='lat' dir='ltr'><strong>Non</strong></span> 
     </span>
     <span class='ocr_line' id='line_1_34' title="bbox 1276 3525 2267 3604; baseline 0.005 -6"><span class='ocrx_word' id='word_1_418' title='bbox 1276 3525 1372 3598; x_wconf 86' lang='lat' dir='ltr'><strong>euim</strong></span> <span class='ocrx_word' id='word_1_419' title='bbox 1403 3542 1533 3598; x_wconf 86' lang='lat' dir='ltr'><strong>temere</strong></span> <span class='ocrx_word' id='word_1_420' title='bbox 1566 3527 1658 3600; x_wconf 78' lang='lat' dir='ltr'><strong>disis</strong></span> <span class='ocrx_word' id='word_1_421' title='bbox 1687 3526 1862 3598; x_wconf 73' lang='lat' dir='ltr'><strong>loannes:</strong></span> <span class='ocrx_word' id='word_1_422' title='bbox 1918 3525 1968 3602; x_wconf 84' lang='lat' dir='ltr'><strong>Et</strong></span> <span class='ocrx_word' id='word_1_423' title='bbox 1998 3533 2147 3603; x_wconf 85' lang='lat' dir='ltr'><strong>verbum</strong></span> <span class='ocrx_word' id='word_1_424' title='bbox 2185 3555 2267 3604; x_wconf 83' lang='lat' dir='ltr'><strong>caro</strong></span> 
     </span>
     <span class='ocr_line' id='line_1_35' title="bbox 338 3626 2267 3726; baseline 0.002 -24"><span class='ocrx_word' id='word_1_425' title='bbox 338 3631 378 3702; x_wconf 92' lang='lat' dir='ltr'><strong>ld</strong></span> <span class='ocrx_word' id='word_1_426' title='bbox 400 3629 594 3703; x_wconf 88' lang='lat' dir='ltr'><strong>convitium</strong></span> <span class='ocrx_word' id='word_1_427' title='bbox 625 3631 773 3716; x_wconf 82' lang='lat' dir='ltr'><strong>refellit,</strong></span> <span class='ocrx_word' id='word_1_428' title='bbox 807 3653 879 3724; x_wconf 87' lang='lat' dir='ltr'><strong>qno</strong></span> <span class='ocrx_word' id='word_1_429' title='bbox 901 3631 1045 3722; x_wconf 88' lang='lat' dir='ltr'><strong>proprie</strong></span> <span class='ocrx_word' id='word_1_430' title='bbox 1064 3630 1225 3702; x_wconf 90' lang='lat' dir='ltr'><strong>doctrina</strong></span> <span class='ocrx_word' id='word_1_431' title='bbox 1275 3631 1406 3701; x_wconf 82' lang='lat' dir='ltr'><strong>iactum</strong></span> <span class='ocrx_word' id='word_1_432' title='bbox 1422 3639 1491 3710; x_wconf 88' lang='lat' dir='ltr'><strong>est;</strong></span> <span class='ocrx_word' id='word_1_433' title='bbox 1525 3641 1560 3698; x_wconf 91' lang='lat' dir='ltr'><strong>et</strong></span> <span class='ocrx_word' id='word_1_434' title='bbox 1575 3627 1726 3700; x_wconf 84' lang='lat' dir='ltr'><strong>Paulus:</strong></span> <span class='ocrx_word' id='word_1_435' title='bbox 1755 3626 1827 3700; x_wconf 91' lang='lat' dir='ltr'><strong>Pro</strong></span> <span class='ocrx_word' id='word_1_436' title='bbox 1850 3629 1956 3702; x_wconf 84' lang='lat' dir='ltr'><strong>nohis</strong></span> <span class='ocrx_word' id='word_1_437' title='bbox 1976 3631 2086 3704; x_wconf 82' lang='lat' dir='ltr'><strong>factus</strong></span> <span class='ocrx_word' id='word_1_438' title='bbox 2110 3645 2162 3704; x_wconf 86' lang='lat' dir='ltr'><strong>est</strong></span> <span class='ocrx_word' id='word_1_439' title='bbox 2185 3657 2267 3726; x_wconf 84' lang='lat' dir='ltr'><strong>pee-</strong></span> 
     </span>
     <span class='ocr_line' id='line_1_36' title="bbox 237 3727 2336 3829; baseline 0 -24"><span class='ocrx_word' id='word_1_440' title='bbox 237 3729 559 3826; x_wconf 83' lang='lat' dir='ltr'><strong>blosphemabatur,</strong></span> <span class='ocrx_word' id='word_1_441' title='bbox 586 3735 682 3826; x_wconf 91' lang='lat' dir='ltr'><strong>quod</strong></span> <span class='ocrx_word' id='word_1_442' title='bbox 701 3733 884 3814; x_wconf 85' lang='lat' dir='ltr'><strong>sentirent,</strong></span> <span class='ocrx_word' id='word_1_443' title='bbox 911 3730 1225 3804; x_wconf 90' lang='lat' dir='ltr'><strong>doctrinamChri-</strong></span> <span class='ocrx_word' id='word_1_444' title='bbox 1275 3745 1403 3807; x_wconf 88' lang='lat' dir='ltr'><strong>catum.</strong></span> <span class='ocrx_word' id='word_1_445' title='bbox 1455 3727 1607 3802; x_wconf 80' lang='lat' dir='ltr'><strong>Haeret</strong></span> <span class='ocrx_word' id='word_1_446' title='bbox 1629 3753 1767 3800; x_wconf 82' lang='lat' dir='ltr'><strong>nucem</strong></span> <span class='ocrx_word' id='word_1_447' title='bbox 1790 3735 2060 3818; x_wconf 86' lang='lat' dir='ltr'><strong>commendant,</strong></span> <span class='ocrx_word' id='word_1_448' title='bbox 2088 3749 2267 3829; x_wconf 83' lang='lat' dir='ltr'><strong>etconso·</strong></span> <span class='ocrx_word' id='word_1_449' title='bbox 2335 3787 2336 3824; x_wconf 22' lang='lat' dir='ltr'><strong>q</strong></span> 
     </span>
     <span class='ocr_line' id='line_1_37' title="bbox 237 3827 2266 3924; baseline -0 -17"><span class='ocrx_word' id='word_1_450' title='bbox 237 3837 282 3907; x_wconf 80' lang='lat' dir='ltr'><strong>sti</strong></span> <span class='ocrx_word' id='word_1_451' title='bbox 304 3861 345 3906; x_wconf 90' lang='lat' dir='ltr'><strong>ex</strong></span> <span class='ocrx_word' id='word_1_452' title='bbox 364 3835 512 3920; x_wconf 80' lang='lat' dir='ltr'><strong>diabolo</strong></span> <span class='ocrx_word' id='word_1_453' title='bbox 523 3855 606 3908; x_wconf 86' lang='lat' dir='ltr'><strong>esse.</strong></span> <span class='ocrx_word' id='word_1_454' title='bbox 1276 3837 1397 3904; x_wconf 85' lang='lat' dir='ltr'><strong>lentur</strong></span> <span class='ocrx_word' id='word_1_455' title='bbox 1426 3833 1481 3924; x_wconf 83' lang='lat' dir='ltr'><strong>pie</strong></span> <span class='ocrx_word' id='word_1_456' title='bbox 1510 3835 1617 3904; x_wconf 90' lang='lat' dir='ltr'><strong>corda</strong></span> <span class='ocrx_word' id='word_1_457' title='bbox 1647 3833 1881 3902; x_wconf 87' lang='lat' dir='ltr'><strong>similitudine</strong></span> <span class='ocrx_word' id='word_1_458' title='bbox 1902 3827 2056 3922; x_wconf 86' lang='lat' dir='ltr'><strong>Christi,</strong></span> <span class='ocrx_word' id='word_1_459' title='bbox 2095 3851 2129 3909; x_wconf 86' lang='lat' dir='ltr'><strong>ct</strong></span> <span class='ocrx_word' id='word_1_460' title='bbox 2158 3837 2266 3906; x_wconf 88' lang='lat' dir='ltr'><strong>fidem</strong></span> 
     </span>
     <span class='ocr_line' id='line_1_38' title="bbox 1277 3933 2267 4014; baseline 0.002 -8"><span class='ocrx_word' id='word_1_461' title='bbox 1277 3935 1505 4014; x_wconf 84' lang='lat' dir='ltr'><strong>confirmant,</strong></span> <span class='ocrx_word' id='word_1_462' title='bbox 1546 3936 1640 4006; x_wconf 77' lang='lat' dir='ltr'><strong>iuxta</strong></span> <span class='ocrx_word' id='word_1_463' title='bbox 1671 3933 1761 4004; x_wconf 89' lang='lat' dir='ltr'><strong>illud</strong></span> <span class='ocrx_word' id='word_1_464' title='bbox 1792 3936 1830 4004; x_wconf 90' lang='lat' dir='ltr'><strong>in</strong></span> <span class='ocrx_word' id='word_1_465' title='bbox 1854 3933 2043 4008; x_wconf 84' lang='lat' dir='ltr'><strong>Hebraeis:</strong></span> <span class='ocrx_word' id='word_1_466' title='bbox 2081 3937 2267 4010; x_wconf 80' lang='lat' dir='ltr'><strong>Habemus</strong></span> 
     </span>
     <span class='ocr_line' id='line_1_39' title="bbox 1277 4035 2268 4130; baseline 0.002 -23"><span class='ocrx_word' id='word_1_467' title='bbox 1277 4037 1499 4130; x_wconf 85' lang='lat' dir='ltr'><strong>pontificem,</strong></span> <span class='ocrx_word' id='word_1_468' title='bbox 1522 4039 1582 4129; x_wconf 93' lang='lat' dir='ltr'><strong>qui</strong></span> <span class='ocrx_word' id='word_1_469' title='bbox 1602 4049 1716 4128; x_wconf 88' lang='lat' dir='ltr'><strong>potest</strong></span> <span class='ocrx_word' id='word_1_470' title='bbox 1729 4037 1893 4128; x_wconf 79' lang='lat' dir='ltr'><strong>competi.</strong></span> <span class='ocrx_word' id='word_1_471' title='bbox 1947 4035 2144 4112; x_wconf 83' lang='lat' dir='ltr'><strong>immensus</strong></span> <span class='ocrx_word' id='word_1_472' title='bbox 2165 4063 2268 4111; x_wconf 81' lang='lat' dir='ltr'><strong>amor</strong></span> 
     </span>
     <span class='ocr_line' id='line_1_40' title="bbox 340 4138 2266 4234; baseline 0.001 -23"><span class='ocrx_word' id='word_1_473' title='bbox 340 4141 496 4233; x_wconf 91' lang='lat' dir='ltr'><strong>Implens</strong></span> <span class='ocrx_word' id='word_1_474' title='bbox 508 4141 770 4228; x_wconf 87' lang='lat' dir='ltr'><strong>ministerium,</strong></span> <span class='ocrx_word' id='word_1_475' title='bbox 795 4143 839 4213; x_wconf 89' lang='lat' dir='ltr'><strong>ad</strong></span> <span class='ocrx_word' id='word_1_476' title='bbox 858 4142 953 4234; x_wconf 91' lang='lat' dir='ltr'><strong>quod</strong></span> <span class='ocrx_word' id='word_1_477' title='bbox 970 4142 1032 4211; x_wconf 92' lang='lat' dir='ltr'><strong>ille</strong></span> <span class='ocrx_word' id='word_1_478' title='bbox 1047 4164 1102 4211; x_wconf 89' lang='lat' dir='ltr'><strong>me</strong></span> <span class='ocrx_word' id='word_1_479' title='bbox 1118 4140 1227 4224; x_wconf 92' lang='lat' dir='ltr'><strong>misit,</strong></span> <span class='ocrx_word' id='word_1_480' title='bbox 1276 4154 1346 4223; x_wconf 88' lang='lat' dir='ltr'><strong>est,</strong></span> <span class='ocrx_word' id='word_1_481' title='bbox 1370 4138 1435 4231; x_wconf 91' lang='lat' dir='ltr'><strong>qui</strong></span> <span class='ocrx_word' id='word_1_482' title='bbox 1451 4161 1487 4206; x_wconf 89' lang='lat' dir='ltr'><strong>se</strong></span> <span class='ocrx_word' id='word_1_483' title='bbox 1504 4139 1543 4208; x_wconf 85' lang='lat' dir='ltr'><strong>irs</strong></span> <span class='ocrx_word' id='word_1_484' title='bbox 1559 4138 1770 4208; x_wconf 84' lang='lat' dir='ltr'><strong>immensum</strong></span> <span class='ocrx_word' id='word_1_485' title='bbox 1788 4141 2009 4226; x_wconf 78' lang='lat' dir='ltr'><strong>extenuavit,</strong></span> <span class='ocrx_word' id='word_1_486' title='bbox 2035 4157 2076 4213; x_wconf 89' lang='lat' dir='ltr'><strong>ut</strong></span> <span class='ocrx_word' id='word_1_487' title='bbox 2097 4163 2164 4212; x_wconf 86' lang='lat' dir='ltr'><strong>tros</strong></span> <span class='ocrx_word' id='word_1_488' title='bbox 2187 4141 2266 4232; x_wconf 76' lang='lat' dir='ltr'><strong>glo-</strong></span> 
     </span>
     <span class='ocr_line' id='line_1_41' title="bbox 238 4236 2267 4337; baseline 0 -23"><span class='ocrx_word' id='word_1_489' title='bbox 238 4245 444 4337; x_wconf 82' lang='lat' dir='ltr'><strong>prscdicens</strong></span> <span class='ocrx_word' id='word_1_490' title='bbox 459 4243 608 4335; x_wconf 73' lang='lat' dir='ltr'><strong>gloriam</strong></span> <span class='ocrx_word' id='word_1_491' title='bbox 624 4245 718 4326; x_wconf 90' lang='lat' dir='ltr'><strong>eius,</strong></span> <span class='ocrx_word' id='word_1_492' title='bbox 748 4267 830 4312; x_wconf 90' lang='lat' dir='ltr'><strong>nam</strong></span> <span class='ocrx_word' id='word_1_493' title='bbox 852 4239 1049 4334; x_wconf 83' lang='lat' dir='ltr'><strong>Evangelio</strong></span> <span class='ocrx_word' id='word_1_494' title='bbox 1072 4243 1225 4314; x_wconf 78' lang='lat' dir='ltr'><strong>revelata</strong></span> <span class='ocrx_word' id='word_1_495' title='bbox 1275 4243 1399 4312; x_wconf 86' lang='lat' dir='ltr'><strong>rilicet.</strong></span> <span class='ocrx_word' id='word_1_496' title='bbox 1436 4236 1499 4312; x_wconf 81' lang='lat' dir='ltr'><strong>&#39;Et</strong></span> <span class='ocrx_word' id='word_1_497' title='bbox 1513 4263 1654 4311; x_wconf 89' lang='lat' dir='ltr'><strong>rursum</strong></span> <span class='ocrx_word' id='word_1_498' title='bbox 1678 4241 1848 4310; x_wconf 82' lang='lat' dir='ltr'><strong>immensa</strong></span> <span class='ocrx_word' id='word_1_499' title='bbox 1870 4242 2016 4312; x_wconf 87' lang='lat' dir='ltr'><strong>caecitas</strong></span> <span class='ocrx_word' id='word_1_500' title='bbox 2040 4257 2092 4314; x_wconf 87' lang='lat' dir='ltr'><strong>est</strong></span> <span class='ocrx_word' id='word_1_501' title='bbox 2113 4238 2267 4315; x_wconf 89' lang='lat' dir='ltr'><strong>humani</strong></span> 
     </span>
     <span class='ocr_line' id='line_1_42' title="bbox 237 4341 2267 4438; baseline 0.001 -24"><span class='ocrx_word' id='word_1_502' title='bbox 237 4346 462 4438; x_wconf 82' lang='lat' dir='ltr'><strong>praedicetur</strong></span> <span class='ocrx_word' id='word_1_503' title='bbox 478 4346 589 4436; x_wconf 81' lang='lat' dir='ltr'><strong>gloria</strong></span> <span class='ocrx_word' id='word_1_504' title='bbox 602 4343 689 4430; x_wconf 88' lang='lat' dir='ltr'><strong>Dei,</strong></span> <span class='ocrx_word' id='word_1_505' title='bbox 714 4341 841 4416; x_wconf 85' lang='lat' dir='ltr'><strong>Esaiae</strong></span> <span class='ocrx_word' id='word_1_506' title='bbox 856 4341 988 4429; x_wconf 65' lang='lat' dir='ltr'><strong>XXX„</strong></span> <span class='ocrx_word' id='word_1_507' title='bbox 1012 4367 1091 4416; x_wconf 90' lang='lat' dir='ltr'><strong>eum</strong></span> <span class='ocrx_word' id='word_1_508' title='bbox 1108 4359 1225 4415; x_wconf 90' lang='lat' dir='ltr'><strong>tamen</strong></span> <span class='ocrx_word' id='word_1_509' title='bbox 1277 4343 1413 4427; x_wconf 88' lang='lat' dir='ltr'><strong>cordis,</strong></span> <span class='ocrx_word' id='word_1_510' title='bbox 1438 4367 1512 4413; x_wconf 90' lang='lat' dir='ltr'><strong>non</strong></span> <span class='ocrx_word' id='word_1_511' title='bbox 1533 4343 1704 4426; x_wconf 90' lang='lat' dir='ltr'><strong>videntis,</strong></span> <span class='ocrx_word' id='word_1_512' title='bbox 1737 4341 1848 4412; x_wconf 89' lang='lat' dir='ltr'><strong>immo</strong></span> <span class='ocrx_word' id='word_1_513' title='bbox 1873 4347 2134 4416; x_wconf 84' lang='lat' dir='ltr'><strong>contemnentis</strong></span> <span class='ocrx_word' id='word_1_514' title='bbox 2158 4347 2267 4417; x_wconf 85' lang='lat' dir='ltr'><strong>e&#39;tiam</strong></span> 
     </span>
     <span class='ocr_line' id='line_1_43' title="bbox 238 4442 2269 4537; baseline 0 -19"><span class='ocrx_word' id='word_1_515' title='bbox 238 4449 301 4518; x_wconf 91' lang='lat' dir='ltr'><strong>ille</strong></span> <span class='ocrx_word' id='word_1_516' title='bbox 323 4471 422 4518; x_wconf 90' lang='lat' dir='ltr'><strong>suam</strong></span> <span class='ocrx_word' id='word_1_517' title='bbox 446 4442 619 4518; x_wconf 89' lang='lat' dir='ltr'><strong>honorem</strong></span> <span class='ocrx_word' id='word_1_518' title='bbox 651 4466 789 4517; x_wconf 88' lang='lat' dir='ltr'><strong>mecum</strong></span> <span class='ocrx_word' id='word_1_519' title='bbox 813 4447 1066 4529; x_wconf 86' lang='lat' dir='ltr'><strong>communicet,</strong></span> <span class='ocrx_word' id='word_1_520' title='bbox 1101 4446 1225 4518; x_wconf 89' lang='lat' dir='ltr'><strong>loann.</strong></span> <span class='ocrx_word' id='word_1_521' title='bbox 1275 4445 1548 4537; x_wconf 88' lang='lat' dir='ltr'><strong>amplitudinem</strong></span> <span class='ocrx_word' id='word_1_522' title='bbox 1571 4445 1716 4533; x_wconf 77' lang='lat' dir='ltr'><strong>gratiae.</strong></span> <span class='ocrx_word' id='word_1_523' title='bbox 1767 4445 1952 4531; x_wconf 79' lang='lat' dir='ltr'><strong>Secundo,</strong></span> <span class='ocrx_word' id='word_1_524' title='bbox 1976 4447 2008 4516; x_wconf 84' lang='lat' dir='ltr'><strong>ti</strong></span> <span class='ocrx_word' id='word_1_525' title='bbox 2021 4443 2187 4520; x_wconf 87' lang='lat' dir='ltr'><strong>Christus</strong></span> <span class='ocrx_word' id='word_1_526' title='bbox 2207 4447 2269 4534; x_wconf 86' lang='lat' dir='ltr'><strong>ait,</strong></span> 
     </span>
     <span class='ocr_line' id='line_1_44' title="bbox 238 4542 2267 4636; baseline 0 -15"><span class='ocrx_word' id='word_1_527' title='bbox 238 4547 299 4621; x_wconf 86' lang='lat' dir='ltr'><strong>X.:</strong></span> <span class='ocrx_word' id='word_1_528' title='bbox 326 4544 447 4620; x_wconf 89' lang='lat' dir='ltr'><strong>Omne</strong></span> <span class='ocrx_word' id='word_1_529' title='bbox 463 4549 634 4620; x_wconf 91' lang='lat' dir='ltr'><strong>iudicium</strong></span> <span class='ocrx_word' id='word_1_530' title='bbox 652 4547 749 4619; x_wconf 86' lang='lat' dir='ltr'><strong>dedit</strong></span> <span class='ocrx_word' id='word_1_531' title='bbox 763 4548 858 4630; x_wconf 89' lang='lat' dir='ltr'><strong>lilio,</strong></span> <span class='ocrx_word' id='word_1_532' title='bbox 884 4561 924 4618; x_wconf 89' lang='lat' dir='ltr'><strong>ut</strong></span> <span class='ocrx_word' id='word_1_533' title='bbox 941 4543 1226 4619; x_wconf 85' lang='lat' dir='ltr'><strong>omneshonori-</strong></span> <span class='ocrx_word' id='word_1_534' title='bbox 1276 4571 1376 4618; x_wconf 85' lang='lat' dir='ltr'><strong>susm</strong></span> <span class='ocrx_word' id='word_1_535' title='bbox 1405 4547 1555 4636; x_wconf 74' lang='lat' dir='ltr'><strong>gloriam</strong></span> <span class='ocrx_word' id='word_1_536' title='bbox 1579 4542 1672 4615; x_wconf 94' lang='lat' dir='ltr'><strong>nihil</strong></span> <span class='ocrx_word' id='word_1_537' title='bbox 1692 4567 1784 4632; x_wconf 89' lang='lat' dir='ltr'><strong>esse,</strong></span> <span class='ocrx_word' id='word_1_538' title='bbox 1815 4547 1923 4618; x_wconf 87' lang='lat' dir='ltr'><strong>cuius</strong></span> <span class='ocrx_word' id='word_1_539' title='bbox 1945 4571 2026 4618; x_wconf 88' lang='lat' dir='ltr'><strong>caro</strong></span> <span class='ocrx_word' id='word_1_540' title='bbox 2048 4561 2166 4619; x_wconf 82' lang='lat' dir='ltr'><strong>temen</strong></span> <span class='ocrx_word' id='word_1_541' title='bbox 2191 4575 2267 4621; x_wconf 92' lang='lat' dir='ltr'><strong>non</strong></span> 
     </span>
     <span class='ocr_line' id='line_1_45' title="bbox 238 4645 2266 4742; baseline 0 -20"><span class='ocrx_word' id='word_1_542' title='bbox 238 4655 342 4725; x_wconf 87' lang='lat' dir='ltr'><strong>licent</strong></span> <span class='ocrx_word' id='word_1_543' title='bbox 354 4651 487 4736; x_wconf 85' lang='lat' dir='ltr'><strong>filium,</strong></span> <span class='ocrx_word' id='word_1_544' title='bbox 512 4651 603 4722; x_wconf 88' lang='lat' dir='ltr'><strong>sicut</strong></span> <span class='ocrx_word' id='word_1_545' title='bbox 616 4645 854 4722; x_wconf 83' lang='lat' dir='ltr'><strong>honorificant</strong></span> <span class='ocrx_word' id='word_1_546' title='bbox 867 4663 1016 4742; x_wconf 77' lang='lat' dir='ltr'><strong>patrem.</strong></span> <span class='ocrx_word' id='word_1_547' title='bbox 1277 4660 1350 4720; x_wconf 85' lang='lat' dir='ltr'><strong>eret</strong></span> <span class='ocrx_word' id='word_1_548' title='bbox 1365 4660 1548 4740; x_wconf 85' lang='lat' dir='ltr'><strong>corrupta,</strong></span> <span class='ocrx_word' id='word_1_549' title='bbox 1573 4647 1659 4741; x_wconf 93' lang='lat' dir='ltr'><strong>quid</strong></span> <span class='ocrx_word' id='word_1_550' title='bbox 1675 4663 1746 4732; x_wconf 91' lang='lat' dir='ltr'><strong>est,</strong></span> <span class='ocrx_word' id='word_1_551' title='bbox 1771 4652 1868 4741; x_wconf 90' lang='lat' dir='ltr'><strong>quod</strong></span> <span class='ocrx_word' id='word_1_552' title='bbox 1891 4663 2009 4722; x_wconf 87' lang='lat' dir='ltr'><strong>nostra</strong></span> <span class='ocrx_word' id='word_1_553' title='bbox 2027 4674 2108 4720; x_wconf 88' lang='lat' dir='ltr'><strong>caro</strong></span> <span class='ocrx_word' id='word_1_554' title='bbox 2131 4653 2266 4742; x_wconf 80' lang='lat' dir='ltr'><strong>gloria-</strong></span> 
     </span>
     <span class='ocr_line' id='line_1_46' title="bbox 1275 4747 2266 4840; baseline 0.002 -18"><span class='ocrx_word' id='word_1_555' title='bbox 1275 4766 1336 4822; x_wconf 93' lang='lat' dir='ltr'><strong>tur</strong></span> <span class='ocrx_word' id='word_1_556' title='bbox 1353 4751 1397 4820; x_wconf 88' lang='lat' dir='ltr'><strong>de</strong></span> <span class='ocrx_word' id='word_1_557' title='bbox 1412 4751 1485 4820; x_wconf 89' lang='lat' dir='ltr'><strong>suis</strong></span> <span class='ocrx_word' id='word_1_558' title='bbox 1497 4747 1634 4819; x_wconf 85' lang='lat' dir='ltr'><strong>viribus</strong></span> <span class='ocrx_word' id='word_1_559' title='bbox 1651 4764 1685 4821; x_wconf 92' lang='lat' dir='ltr'><strong>et</strong></span> <span class='ocrx_word' id='word_1_560' title='bbox 1700 4749 1868 4840; x_wconf 79' lang='lat' dir='ltr'><strong>operibus</strong></span> <span class='ocrx_word' id='word_1_561' title='bbox 1883 4773 2002 4821; x_wconf 90' lang='lat' dir='ltr'><strong>coram</strong></span> <span class='ocrx_word' id='word_1_562' title='bbox 2019 4747 2121 4822; x_wconf 80' lang='lat' dir='ltr'><strong>Deo?</strong></span> <span class='ocrx_word' id='word_1_563' title='bbox 2172 4751 2266 4824; x_wconf 89' lang='lat' dir='ltr'><strong>Ter·</strong></span> 
     </span>
     <span class='ocr_line' id='line_1_47' title="bbox 1277 4845 2266 4948; baseline 0.001 -25"><span class='ocrx_word' id='word_1_564' title='bbox 1277 4854 1347 4937; x_wconf 90' lang='lat' dir='ltr'><strong>tio,</strong></span> <span class='ocrx_word' id='word_1_565' title='bbox 1370 4851 1457 4922; x_wconf 80' lang='lat' dir='ltr'><strong>fides</strong></span> <span class='ocrx_word' id='word_1_566' title='bbox 1474 4851 1552 4922; x_wconf 83' lang='lat' dir='ltr'><strong>ficta</strong></span> <span class='ocrx_word' id='word_1_567' title='bbox 1567 4850 1655 4923; x_wconf 89' lang='lat' dir='ltr'><strong>dicit</strong></span> <span class='ocrx_word' id='word_1_568' title='bbox 1669 4845 1766 4920; x_wconf 86' lang='lat' dir='ltr'><strong>hune</strong></span> <span class='ocrx_word' id='word_1_569' title='bbox 1787 4875 1861 4922; x_wconf 82' lang='lat' dir='ltr'><strong>esse</strong></span> <span class='ocrx_word' id='word_1_570' title='bbox 1877 4849 2014 4935; x_wconf 87' lang='lat' dir='ltr'><strong>Deum,</strong></span> <span class='ocrx_word' id='word_1_571' title='bbox 2047 4879 2152 4948; x_wconf 90' lang='lat' dir='ltr'><strong>quem</strong></span> <span class='ocrx_word' id='word_1_572' title='bbox 2173 4856 2266 4926; x_wconf 88' lang='lat' dir='ltr'><strong>scri·</strong></span> 
     </span>
     <span class='ocr_line' id='line_1_48' title="bbox 340 4947 2267 5050; baseline -0.001 -20"><span class='ocrx_word' id='word_1_573' title='bbox 340 4957 438 5030; x_wconf 82' lang='lat' dir='ltr'><strong>Haec</strong></span> <span class='ocrx_word' id='word_1_574' title='bbox 454 4971 506 5030; x_wconf 86' lang='lat' dir='ltr'><strong>est</strong></span> <span class='ocrx_word' id='word_1_575' title='bbox 514 4957 663 5050; x_wconf 89' lang='lat' dir='ltr'><strong>proprie</strong></span> <span class='ocrx_word' id='word_1_576' title='bbox 678 4954 865 5047; x_wconf 73' lang='lat' dir='ltr'><strong>Evangelii</strong></span> <span class='ocrx_word' id='word_1_577' title='bbox 879 4955 1117 5049; x_wconf 91' lang='lat' dir='ltr'><strong>praedicatio,</strong></span> <span class='ocrx_word' id='word_1_578' title='bbox 1143 4955 1226 5050; x_wconf 91' lang='lat' dir='ltr'><strong>quia</strong></span> <span class='ocrx_word' id='word_1_579' title='bbox 1276 4969 1380 5046; x_wconf 89' lang='lat' dir='ltr'><strong>ptura</strong></span> <span class='ocrx_word' id='word_1_580' title='bbox 1395 4955 1591 5046; x_wconf 89' lang='lat' dir='ltr'><strong>praedicat,</strong></span> <span class='ocrx_word' id='word_1_581' title='bbox 1617 4966 1651 5023; x_wconf 86' lang='lat' dir='ltr'><strong>et</strong></span> <span class='ocrx_word' id='word_1_582' title='bbox 1671 4954 1711 5023; x_wconf 90' lang='lat' dir='ltr'><strong>in</strong></span> <span class='ocrx_word' id='word_1_583' title='bbox 1724 4947 1794 5024; x_wconf 89' lang='lat' dir='ltr'><strong>hoc</strong></span> <span class='ocrx_word' id='word_1_584' title='bbox 1809 4953 1953 5048; x_wconf 89' lang='lat' dir='ltr'><strong>quidem</strong></span> <span class='ocrx_word' id='word_1_585' title='bbox 1967 4978 2041 5026; x_wconf 91' lang='lat' dir='ltr'><strong>non</strong></span> <span class='ocrx_word' id='word_1_586' title='bbox 2064 4971 2175 5042; x_wconf 90' lang='lat' dir='ltr'><strong>errat,</strong></span> <span class='ocrx_word' id='word_1_587' title='bbox 2203 4959 2267 5028; x_wconf 84' lang='lat' dir='ltr'><strong>sed</strong></span> 
     </span>
     <span class='ocr_line' id='line_1_49' title="bbox 236 5051 2266 5150; baseline -0.002 -16"><span class='ocrx_word' id='word_1_588' title='bbox 236 5055 402 5134; x_wconf 88' lang='lat' dir='ltr'><strong>Christus</strong></span> <span class='ocrx_word' id='word_1_589' title='bbox 426 5061 543 5145; x_wconf 89' lang='lat' dir='ltr'><strong>venit,</strong></span> <span class='ocrx_word' id='word_1_590' title='bbox 576 5071 635 5142; x_wconf 93' lang='lat' dir='ltr'><strong>ut,</strong></span> <span class='ocrx_word' id='word_1_591' title='bbox 668 5080 777 5150; x_wconf 70' lang='lat' dir='ltr'><strong>regno</strong></span> <span class='ocrx_word' id='word_1_592' title='bbox 800 5058 932 5150; x_wconf 89' lang='lat' dir='ltr'><strong>peccati</strong></span> <span class='ocrx_word' id='word_1_593' title='bbox 955 5070 989 5130; x_wconf 91' lang='lat' dir='ltr'><strong>et</strong></span> <span class='ocrx_word' id='word_1_594' title='bbox 1010 5058 1136 5130; x_wconf 87' lang='lat' dir='ltr'><strong>mortis</strong></span> <span class='ocrx_word' id='word_1_595' title='bbox 1163 5060 1226 5128; x_wconf 86' lang='lat' dir='ltr'><strong>de·</strong></span> <span class='ocrx_word' id='word_1_596' title='bbox 1275 5071 1484 5129; x_wconf 86' lang='lat' dir='ltr'><strong>tamennon</strong></span> <span class='ocrx_word' id='word_1_597' title='bbox 1499 5055 1706 5126; x_wconf 88' lang='lat' dir='ltr'><strong>noviteum.</strong></span> <span class='ocrx_word' id='word_1_598' title='bbox 1757 5051 1864 5128; x_wconf 84' lang='lat' dir='ltr'><strong>Fides</strong></span> <span class='ocrx_word' id='word_1_599' title='bbox 1882 5057 2266 5130; x_wconf 86' lang='lat' dir='ltr'><strong>nonlictanoumodo</strong></span> 
     </span>
     <span class='ocr_line' id='line_1_50' title="bbox 237 5151 2268 5254; baseline 0.002 -25"><span class='ocrx_word' id='word_1_600' title='bbox 237 5229 418 5247; x_wconf 66' lang='lat'><strong>...-</strong></span> <span class='ocrx_word' id='word_1_601' title='bbox 1274 5158 1473 5252; x_wconf 82' lang='lat' dir='ltr'><strong>profitetur,</strong></span> <span class='ocrx_word' id='word_1_602' title='bbox 1500 5151 1596 5228; x_wconf 91' lang='lat' dir='ltr'><strong>hunc</strong></span> <span class='ocrx_word' id='word_1_603' title='bbox 1610 5153 1823 5246; x_wconf 74' lang='lat' dir='ltr'><strong>eoeneum,</strong></span> <span class='ocrx_word' id='word_1_604' title='bbox 1846 5181 1954 5252; x_wconf 92' lang='lat' dir='ltr'><strong>quem</strong></span> <span class='ocrx_word' id='word_1_605' title='bbox 1970 5159 2145 5251; x_wconf 84' lang='lat' dir='ltr'><strong>scripture</strong></span> <span class='ocrx_word' id='word_1_606' title='bbox 2162 5185 2268 5254; x_wconf 87' lang='lat' dir='ltr'><strong>prae·</strong></span> 
     </span>
    </p>
   </div>
   <div class='ocr_carea' id='block_1_8' title="bbox 272 5257 2267 5458">
    <p class='ocr_par' dir='ltr' id='par_1_12' title="bbox 272 5257 2267 5458">
     <span class='ocr_line' id='line_1_51' title="bbox 273 5257 2267 5392; baseline -0.014 -16"><span class='ocrx_word' id='word_1_607' title='bbox 273 5327 306 5384; x_wconf 78' lang='lat' dir='ltr'><strong>t]</strong></span> <span class='ocrx_word' id='word_1_608' title='bbox 323 5321 433 5373; x_wconf 82' lang='lat' dir='ltr'><strong>Verte:</strong></span> <span class='ocrx_word' id='word_1_609' title='bbox 450 5323 487 5374; x_wconf 78' lang='lat' dir='ltr'><strong>ao</strong></span> <span class='ocrx_word' id='word_1_610' title='bbox 505 5323 592 5376; x_wconf 70' lang='lat' dir='ltr'><strong>tutuo</strong></span> <span class='ocrx_word' id='word_1_611' title='bbox 609 5325 676 5392; x_wconf 77' lang='lat' dir='ltr'><strong>ste,</strong></span> <span class='ocrx_word' id='word_1_612' title='bbox 693 5319 723 5376; x_wconf 87' lang='lat' dir='ltr'><strong>ln</strong></span> <span class='ocrx_word' id='word_1_613' title='bbox 741 5323 808 5376; x_wconf 63' lang='lat' dir='ltr'><strong>hub.</strong></span> <span class='ocrx_word' id='word_1_614' title='bbox 825 5333 881 5377; x_wconf 82' lang='lat' dir='ltr'><strong>non</strong></span> <span class='ocrx_word' id='word_1_615' title='bbox 898 5322 1038 5392; x_wconf 71' lang='lat' dir='ltr'><strong>legentur.</strong></span> <span class='ocrx_word' id='word_1_616' title='bbox 1275 5261 1387 5345; x_wconf 37' lang='grc' dir='ltr'><strong>ἀπ’</strong></span> <span class='ocrx_word' id='word_1_617' title='bbox 1419 5261 1478 5330; x_wconf 71' lang='lat' dir='ltr'><strong>⁸⁰d</strong></span> <span class='ocrx_word' id='word_1_618' title='bbox 1505 5271 1539 5330; x_wconf 55' lang='grc' dir='ltr'><strong>εἰ</strong></span> <span class='ocrx_word' id='word_1_619' title='bbox 1557 5257 1659 5329; x_wconf 58' lang='lat' dir='ltr'><strong>¹¹⁰Vi²</strong></span> <span class='ocrx_word' id='word_1_620' title='bbox 1682 5279 1774 5332; x_wconf 67' lang='lat'><strong>²⁰¹⁰·</strong></span> <span class='ocrx_word' id='word_1_621' title='bbox 1834 5258 1932 5349; x_wconf 63' lang='lat' dir='ltr'><strong>Quid</strong></span> <span class='ocrx_word' id='word_1_622' title='bbox 1960 5259 2071 5352; x_wconf 56' lang='lat' dir='ltr'><strong>lilim</strong></span> <span class='ocrx_word' id='word_1_623' title='bbox 2089 5261 2267 5335; x_wconf 63' lang='lat' dir='ltr'><strong>inlffll?</strong></span> 
     </span>
     <span class='ocr_line' id='line_1_52' title="bbox 272 5357 2265 5458; baseline -0.011 -4"><span class='ocrx_word' id='word_1_624' title='bbox 272 5395 305 5453; x_wconf 68' lang='grc' dir='ltr'><strong>ὁ)</strong></span> <span class='ocrx_word' id='word_1_625' title='bbox 322 5391 427 5452; x_wconf 67' lang='lat' dir='ltr'><strong>suaa]</strong></span> <span class='ocrx_word' id='word_1_626' title='bbox 450 5391 516 5442; x_wconf 70' lang='lat' dir='ltr'><strong>tub.</strong></span> <span class='ocrx_word' id='word_1_627' title='bbox 533 5391 660 5445; x_wconf 70' lang='lat' dir='ltr'><strong>mam.</strong></span> <span class='ocrx_word' id='word_1_628' title='bbox 771 5379 793 5448; x_wconf 66' lang='grc' dir='ltr'>ζ</span> <span class='ocrx_word' id='word_1_629' title='bbox 1200 5455 1201 5458; x_wconf 9' lang='lat'>¹</span> <span class='ocrx_word' id='word_1_630' title='bbox 1276 5360 1428 5456; x_wconf 89' lang='lat' dir='ltr'><strong>Utrique</strong></span> <span class='ocrx_word' id='word_1_631' title='bbox 1456 5361 1552 5432; x_wconf 89' lang='lat' dir='ltr'><strong>idem</strong></span> <span class='ocrx_word' id='word_1_632' title='bbox 1575 5361 1723 5436; x_wconf 88' lang='lat' dir='ltr'><strong>verbum</strong></span> <span class='ocrx_word' id='word_1_633' title='bbox 1747 5357 1898 5448; x_wconf 88' lang='lat' dir='ltr'><strong>habent,</strong></span> <span class='ocrx_word' id='word_1_634' title='bbox 1931 5377 1967 5438; x_wconf 86' lang='lat' dir='ltr'><strong>rt</strong></span> <span class='ocrx_word' id='word_1_635' title='bbox 1988 5363 2098 5436; x_wconf 89' lang='lat' dir='ltr'><strong>verbo</strong></span> <span class='ocrx_word' id='word_1_636' title='bbox 2122 5378 2265 5440; x_wconf 81' lang='lat' dir='ltr'><strong>tantum</strong></span> 
     </span>
    </p>
   </div>
   <div class='ocr_carea' id='block_1_9' title="bbox 439 3484 1023 3589">
    <p class='ocr_par' dir='ltr' id='par_1_13' title="bbox 439 3484 1023 3589">
     <span class='ocr_line' id='line_1_53' title="bbox 439 3484 1023 3589; baseline 0.007 -26"><span class='ocrx_word' id='word_1_637' title='bbox 439 3489 528 3589; x_wconf 70' lang='lat' dir='ltr'><strong>Ego</strong></span> <span class='ocrx_word' id='word_1_638' title='bbox 544 3489 778 3566; x_wconf 67' lang='lat' dir='ltr'><strong>damnatum</strong></span> <span class='ocrx_word' id='word_1_639' title='bbox 800 3516 874 3564; x_wconf 85' lang='lat' dir='ltr'><strong>non</strong></span> <span class='ocrx_word' id='word_1_640' title='bbox 893 3484 1023 3567; x_wconf 77' lang='lat' dir='ltr'><strong>habeo.</strong></span> 
     </span>
    </p>
   </div>
   <div class='ocr_carea' id='block_1_10' title="bbox 423 3998 1128 4103">
    <p class='ocr_par' dir='ltr' id='par_1_14' title="bbox 423 3998 1128 4103">
     <span class='ocr_line' id='line_1_54' title="bbox 423 3998 1128 4103; baseline -0.004 -27"><span class='ocrx_word' id='word_1_641' title='bbox 423 3999 500 4076; x_wconf 85' lang='lat' dir='ltr'><strong>Sed</strong></span> <span class='ocrx_word' id='word_1_642' title='bbox 520 3998 723 4098; x_wconf 70' lang='lat' dir='ltr'><strong>hononfico</strong></span> <span class='ocrx_word' id='word_1_643' title='bbox 739 4013 882 4103; x_wconf 79' lang='lat' dir='ltr'><strong>putrem</strong></span> <span class='ocrx_word' id='word_1_644' title='bbox 906 4025 1037 4078; x_wconf 82' lang='lat' dir='ltr'><strong>meum.</strong></span> <span class='ocrx_word' id='word_1_645' title='bbox 1124 4091 1128 4098; x_wconf 27' lang='grc' dir='ltr'>Ι</span> 
     </span>
    </p>
   </div>
   <div class='ocr_carea' id='block_1_11' title="bbox 358 4817 1103 4921">
    <p class='ocr_par' dir='ltr' id='par_1_15' title="bbox 358 4817 1103 4921">
     <span class='ocr_line' id='line_1_55' title="bbox 358 4817 1103 4921; baseline -0.001 -28"><span class='ocrx_word' id='word_1_646' title='bbox 358 4817 406 4894; x_wconf 81' lang='lat' dir='ltr'><strong>St</strong></span> <span class='ocrx_word' id='word_1_647' title='bbox 426 4819 511 4921; x_wconf 84' lang='lat' dir='ltr'><strong>quis</strong></span> <span class='ocrx_word' id='word_1_648' title='bbox 532 4842 732 4892; x_wconf 81' lang='lat' dir='ltr'><strong>sermonem</strong></span> <span class='ocrx_word' id='word_1_649' title='bbox 758 4842 875 4908; x_wconf 83' lang='lat' dir='ltr'><strong>meum</strong></span> <span class='ocrx_word' id='word_1_650' title='bbox 897 4818 1103 4894; x_wconf 80' lang='lat' dir='ltr'><strong>servaverit.</strong></span> 
     </span>
    </p>
   </div>
   <div class='ocr_carea' id='block_1_12' title="bbox 0 0 2345 5812">
    <p class='ocr_par' dir='ltr' id='par_1_16' title="bbox 0 0 2345 5812">
     <span class='ocr_line' id='line_1_56' title="bbox 0 0 2345 5812; baseline 0 0"><span class='ocrx_word' id='word_1_651' title='bbox 0 0 2345 5812; x_wconf 95' lang='lat' dir='ltr'><strong> </strong></span> 
     </span>
    </p>
   </div>
  </div>
 </body>
</html>
