4622 5818
186 75 304 216 'aaa
390 131 394 150 ·
828 110 1689 210 rarnssusnscnursuxaanrrca„
2141 49 2251 199 'aso

335 305 475 382 Deinde
503 299 548 374 de
569 293 680 389 signis
709 291 909 386 respondet.
969 287 1052 362 Non
1075 289 1165 363 dicit
1185 311 1223 360 se
1368 289 1475 384 -Ergo
1490 303 1638 384 magnae
1653 287 1757 366 robis
1774 311 1911 384 ponam
1925 291 2149 383 impendent,
2171 293 2251 368 sicot

203 414 335 502 ¹nulla
351 411 451 501 signa
469 408 634 475 daturum
652 420 736 468 esse.
788 393 864 464 lmo
885 391 1062 484 promittit
1083 391 1224 482 signum
1277 393 1450 466 videmus.
1486 389 1680 466 Germania
1694 387 1821 466 babuit
1837 415 1965 486 magna
1980 395 2087 480 dona,
2104 417 2252 484 magnam

237 515 398 588 omnium
414 527 590 579 summum
607 504 651 570 de
670 493 927 568 resurrectione
951 506 985 563 et
999 493 1135 566 excidio
1159 487 1228 562 hu·
1277 496 1414 580 lucem,
1439 496 1631 578 maiorem,
1658 519 1765 588 quam
1791 508 1913 576 antea,
1940 509 1981 566 ut
2004 496 2106 566 lateri
2131 521 2255 570 neeesse
2299 573 2300 578 ,

237 611 447 708 iuepopuli.
498 605 578 676 Hoc
594 599 784 692 signifieat,
811 619 891 668 cnm
910 596 976 677 ait;
1006 594 1164 666 Dabitur
1179 593 1230 663 eis
1279 610 1341 670 est.
1393 595 1519 690 Coepit
1534 597 1634 668 abuti
1648 597 1722 669 illis
1736 597 1843 667 donis
1861 599 1903 668 ad
1921 598 2062 684 lurum,
2086 600 2130 670 ad
2147 622 2258 691 super·

238 722 379 810 signum
400 699 727 796 lonaeProphelae.
778 696 974 771 Habebunt
994 697 1155 786 signum,
1182 697 1230 765 si·
1278 699 1395 785 biam,
1422 701 1466 768 ad
1481 698 1684 789 crapulam,
1702 701 1796 770 etad
1811 699 1880 768 alia
1899 697 1996 770 vitia.
2299 731 2300 826 p

239 836 299 894 cut
321 834 406 889 ωηο
428 810 567 884 Ninive.
626 800 702 892 Ego
727 813 806 892 post
831 809 982 868 mortem
1008 798 1230 880 reviviscam,

1383 815 1469 892 ldeo
1494 829 1592 888 tanta
1619 839 1735 910 poena
1763 829 1882 889 secuta
1908 829 1978 902 est,
2013 831 2143 910 quanta
2166 817 2259 890 etiam

242 925 332 994 sicsd
347 909 473 1000 lonas,
500 923 564 996 01⁰·
615 905 756 978 Deinde
771 897 830 971 hle
844 901 997 995 P⁰P¹¹¹¹¹³
1011 899 1158 994 P¹⁰l³ier
1174 899 1232 967 5¹¹·
1281 915 1467 1013 nunquam
1483 919 1551 991 luit
1567 917 1606 988 in
1624 915 1828 993 Germania.

243 1005 494 1106 eredulitatem
507 1007 703 1120 delebitur,
730 1019 794 1078 etc.

346 1139 415 1210 Sed
433 1155 541 1229 quare
557 1126 661 1199 dicits
687 1123 769 1194 Non
789 1119 933 1192 dabitur
956 1120 1053 1190 aliud
1070 1117 1234 1210 signum?

246 1246 323 1316 Cur
338 1241 388 1312 sic
404 1237 502 1321 di'cit,
519 1253 598 1303 cum
614 1227 727 1299 multa
741 1223 809 1296 alia
826 1224 924 1314 signa
939 1224 1073 1332 maiora
1089 1218 1236 1291 lecerit?

632 1393 853 1460 despondeo.

341 1511 462 1585 Prima
478 1516 592 1600 potest
607 1526 681 1574 esse
696 1499 810 1570 facilis
828 1497 1031 1588 responsio,
1058 1495 1154 1590 quod
1169 1489 1238 1564 hoc

178 1656 182 1664 ¹
249 1619 296 1692 sit
310 1611 505 1712 principale
519 1607 663 1706 siguum
678 1615 713 1672 et
727 1593 889 1673 omnium
906 1621 1097 1681 summum,
1121 1619 1239 1667 resur-

165 1763 170 1773 ,
250 1719 361 1794 rectio
378 1740 419 1786 ex
433 1723 559 1789 morte,
582 1720 616 1780 et
631 1702 698 1775 hoc
714 1704 901 1798 praecipue
917 1701 1100 1769 confirmat
1115 1719 1237 1769 omnes

254 1825 455 1900 credentes,
488 1810 571 1906 quia
598 1803 668 1877 hoc
699 1806 840 1892 signum
874 1801 1057 1902 manifeste
1083 1799 1239 1870 ostendit

255 1915 548 2012 omnipotentiam
566 1905 710 1982 Christi.
740 1905 825 1978 ltem
841 1898 1112 1977 inchoatvitam
1128 1915 1241 1972 aeter-

254 2049 336 2096 nam
355 2041 471 2092 eoram
490 2011 664 2096 Ecclesia,
690 2032 779 2103 quae
802 2018 889 2077 tunc
912 2004 1000 2089 fuit,
1026 2027 1144 2074 coram
1160 1991 1244 2072 Ma·

240 2127 309 2232 ‘rie
325 2140 358 2196 et
376 2115 574 2212 Apostolis,
601 2125 666 2186 etc.
775 2168 778 2176 .

359 2219 496 2310 Sed'est
509 2247 541 2304 et
559 2231 666 2301 altera
679 2224 876 2319 responsio,
902 2244 1011 2316 quare
1028 2223 1137 2294 dicat:
1160 2217 1243 2292 Non
1321 2279 1325 2285 .

256 2343 356 2417 aliud
381 2341 520 2428 signum
538 2332 701 2420 dabitur,
736 2327 887 2411 scilicet,
913 2347 1117 2417 quanquam
1132 2322 1244 2396 multa

257 2447 369 2528 facio,
388 2455 510 2511 tamen
532 2457 606 2504 non
630 2428 728 2501 aliud
750 2427 942 2520 pertinebit
962 2428 1006 2494 ad
1030 2427 1115 2495 istos
1129 2423 1246 2492 incre-

259 2546 386 2626 dulos,
409 2540 479 2609 nisi
499 2536 637 2626 signum
655 2530 774 2615 lonae,
796 2529 834 2598 id
852 2541 921 2612 est,
945 2526 1015 2595 nisi
1030 2524 1161 2596 deletio
1177 2521 1246 2594 hu·

260 2651 318 2720 ius
331 2644 452 2734 regni,
478 2661 567 2733 quae
585 2636 654 2706 erit
673 2629 940 2715 testimonium,
962 2629 1059 2722 quod
1075 2651 1151 2697 ηοη
1168 2629 1247 2696 fue·

258 2751 328 2822 rim
344 2735 667 2833 Pseudopropheta.

368 2865 471 2936 lonas
494 2861 561 2929 luit
583 2857 721 2945 signum
744 2849 935 2932 Ninivitis,
960 2847 1043 2939 quia
1066 2846 1248 2938 praedica-

262 2971 334 3050 vit,
361 2981 395 3036 et
408 2959 572 3051 allegavit
593 2953 834 3028 testimonium
851 2950 1047 3020 vocationis
1063 2973 1145 3020 suae
1158 2949 1249 3018 libe·
1282 2969 1283 2974 ¹

262 3070 438 3144 rationem
464 3087 505 3132 ex
530 3073 639 3130 coeto.
705 3051 754 3126 Et
783 3051 1000 3150 praedicatio
1026 3053 1095 3122 fuit
1118 3050 1251 3134 efficax,
1314 3081 1317 3090 ·

265 3171 336 3244 hoc
351 3186 493 3264 quoque
507 3174 559 3232 est
574 3161 725 3250 signnm.

190 3305 198 3322 ·
293 3343 295 3348 .
369 3285 468 3366 ltem,
490 3267 645 3350 minatus
660 3287 711 3345 est
725 3275 775 3344 els
791 3270 945 3343 exitium.
982 3263 1029 3338 Et
1047 3291 1249 3360 quanquam

266 3393 416 3464 dilatum
434 3399 484 3454 est
501 3381 673 3452 excidium
688 3389 834 3468 propter
850 3371 1115 3462 poenitentiam,
1133 3384 1252 3439 tamen

266 3506 346 3588 post
360 3489 494 3582 aliquot
509 3506 620 3554 anuos
635 3493 773 3570 recepta
784 3474 999 3559 Idololatria,
1025 3471 1132 3572 periit
1144 3470 1252 3542 Nini-

267 3619 328 3676 ve,
353 3589 416 3661 60.
431 3585 534 3656 annis
546 3596 627 3676 post
642 3578 778 3651 lonam.

268 3733 444 3816 Historia
469 3730 587 3804 Ionae
611 3725 766 3799 eontinet
790 3721 989 3816 imaginem
1001 3715 1256 3817 praedicatio.

346 3840 426 3927 nis,
448 3831 657 3944 passionis,
683 3837 715 3898 et
735 3822 1006 3940 resurrectionis
1023 3813 1179 3896 Christi.

661 3978 868 4070 narrasses.
937 4006 998 4045 ·.
1104 3949 1128 4030 ,'

374 4097 421 4172 Et
435 4091 623 4194 adiicietur
637 4084 737 4158 utilis
754 4077 973 4160 admonitio,
1001 4077 1096 4170 quod
1115 4089 1258 4168 propter

273 4199 528 4299 poenitentiam
539 4191 635 4260 Deus
651 4187 757 4256 etiam
772 4205 852 4252 suas
869 4178 1030 4271 proprias
1047 4179 1258 4269 praedictio-

273 4329 336 4378 nes
353 4311 505 4376 revocat,
531 4308 566 4364 et
580 4313 654 4360 non
671 4285 882 4377 exsequitur.
912 4279 1013 4354 Sicut
1024 4278 1258 4358 leremiasbd.

274 4407 361 4478 dicit
376 4404 419 4472 ad
437 4391 660 4471 Sedeehiam:
688 4387 728 4458 si
752 4383 862 4474 egeris
885 4381 1158 4473 poenitentiam,
1184 4407 1258 4453 uon

276 4507 434 4600 capietur
452 4497 654 4570 Ierusalem.

408 4633 496 4708 Viri
511 4626 705 4702 Ninivitas
719 4627 869 4713 surgent
886 4617 924 4687 in
941 4612 1089 4702 iudicio,
1119 4665 1120 4668 =

398 4733 550 4830 Regina
566 4725 699 4806 Austri
711 4729 852 4814 surget,
879 4729 940 4794 ete.

365 4867 606 4949 Comminatio
623 4877 674 4934 est
692 4861 736 4929 ab
752 4857 919 4949 exemplis
933 4868 1057 4928 sumta.
1091 4851 1166 4923 Alii
1183 4878 1263 4945 ege.

271 4967 364 5054 'runt
380 4971 652 5072 poenitentiam,
676 4959 738 5056 qui
759 4983 833 5028 non
850 4959 1018 5026 viderunt
1040 4969 1138 5025 tanta
1154 4959 1263 5026 mira·

280 5087 377 5168 cula,
403 5103 466 5150 nec
490 5084 624 5148 tantam
649 5063 898 5134 revelationem
926 5055 1137 5129 babuerunt.
1189 5057 1262 5129 Vos
1321 5055 1328 5072 ‘

265 5182 488 5266 'nonagitis
520 5165 793 5268 poenitentiam,
840 5183 920 5230 cum
962 5159 1112 5230 audiatis
1146 5160 1263 5250 ipsum

279 5284 392 5352 lilium
408 5279 491 5364 Dei,
517 5300 600 5347 cum
623 5268 771 5340 videatis
794 5261 933 5336 assidua
956 5261 1136 5332 miracula.

1286 1426 1455 1510 tentiam,
1480 1426 1545 1520 qui
1561 1439 1644 1496 sunt
1660 1439 1900 1520 persecutores
1918 1440 1952 1495 et
1969 1420 2099 1500 hostes.

1361 1072 1457 1156 Cum
1481 1092 1601 1154 autem
1621 1075 1834 1185 immundus
1858 1080 2015 1182 spiritus
2037 1083 2178 1162 exierit.

2255 1271 2258 1278 ,
2299 1209 2300 1266 l

1390 1321 1420 1398 l.
1460 1321 1623 1394 Primum
1642 1337 1727 1396 sunt
1743 1346 1888 1416 prorsus
1901 1344 1976 1393 non
1992 1337 2137 1414 agentes
2151 1326 2261 1417 poeni·

1388 1219 1477 1293 Tria
1492 1234 1575 1296 sunt
1596 1244 1725 1312 genera
1743 1222 1959 1314 auditorum.

1391 1540 1440 1615 ll.
1492 1540 1657 1614 Secundo
1680 1555 1763 1612 sunt
1786 1541 1869 1621 alii,
1895 1540 1958 1634 qui
1982 1542 2160 1634 incipiunt
2177 1567 2261 1634 agere

1289 1643 1566 1739 poenitentiam,
1590 1646 1651 1714 sed
1667 1644 1818 1714 redeunt
1834 1645 1878 1746 sd
1888 1643 2016 1735 ‘priora
2033 1645 2131 1714 vitia.

1392 1757 1459 1833 llI.
1499 1759 1624 1832 Tertio
1641 1773 1722 1830 sunt
1740 1759 1842 1852 pauci
1858 1774 1999 1849 agentes
2012 1763 2263 1852 poenitentiam,

1291 1877 1325 1934 et
1340 1875 1604 1955 perseverantes
1619 1863 1657 1931 in
1673 1861 1742 1930 fide
1757 1874 1793 1931 et
1810 1860 1950 1936 timore.

1393 1977 1465 2050 Hic
1486 1977 1573 2050 dicit
1590 1980 1634 2048 de
1648 1979 1802 2048 secundo
1819 2000 1959 2066 genere.
2008 1975 2058 2050 Et
2075 1993 2125 2050 est
2141 1981 2266 2051 terribi-

1292 2083 1338 2154 lis
1372 2083 1513 2152 concio:
1558 2077 1671 2150 Fiunt
1702 2075 1904 2150 novissima
1933 2076 2074 2174 peiora·
2096 2085 2266 2174 prioribus.

1295 2185 1396 2258 Sicut
1412 2183 1541 2258 accidit
1557 2179 1791 2274 ierosolymae
1808 2194 1888 2271 post
1902 2179 2165 2255 crucifixionem
2177 2181 2266 2255 Chri-

1294 2287 1357 2372 sti,
1382 2299 1454 2356 tota
1471 2283 1600 2356 Iudaea
1623 2283 1690 2353 suit
1706 2282 1808 2372 plena
1823 2281 2033 2370 impietatis,
2059 2285 2267 2370 seditionum,

1224 2407 1226 2412 '
1296 2387 1458 2460 caedium
1490 2399 1524 2456 et
1555 2384 1717 2454 omnium
1745 2376 1976 2454 horribilium
2001 2387 2187 2461 malorum.
2230 2386 2267 2458 Et

1296 2490 1380 2562 talia
1405 2503 1488 2558 sunt
1508 2487 1579 2558 iam
1602 2483 1777 2578 principia
1799 2487 1894 2575 apud
1915 2508 1998 2566 nos,
2033 2510 2127 2579 quae
2149 2489 2266 2558 utinam
2299 2535 2300 2574 ,

1297 2588 1393 2663 Deus
1416 2589 1590 2659 emendet.
1657 2583 1869 2688 Quia'certe
1891 2609 2018 2676 magna
2040 2603 2076 2659 et
2100 2585 2267 2660 horribilia

1298 2706 1332 2763 et
1348 2689 1508 2760 inaudita
1526 2688 1617 2757 mala
1635 2701 1848 2780 sequentur,
1873 2688 1941 2758 nisi
1956 2686 2052 2760 Deus
2069 2714 2134 2762 sua
2151 2693 2268 2764 miseri·

1299 2792 1418 2865 cordia
1436 2812 1567 2883 poenas
1581 2788 1767 2878 mitigabit.

1731 2971 1855 3026 Causa.

1402 3093 1473 3168 Sed
1499 3115 1589 3188 quae
1611 3115 1713 3163 cansa
1735 3105 1787 3185 est
1807 3105 1988 3167 tantorum
2010 3096 2183 3190 malornm
2205 3110 2269 3198 post

1301 3198 1459 3272 auditam
1481 3194 1805 3288 praedicationem?
1855 3189 1982 3266 Otium
2006 3210 2040 3266 et
2062 3202 2222 3270 securitas
2239 3202 2268 3267 iu
2299 3215 2300 3290 t

1302 3297 1378 3387 hia,
1404 3299 1467 3393 qui
1490 3311 1682 3388 coeperunt
1704 3320 1805 3388 agere
1824 3296 2098 3386 poenitentiam,
2123 3315 2268 3392 etpostea

1302 3401 1396 3475 fiunt
1408 3399 1679 3490 negligentiores
1693 3411 1727 3468 et
1740 3397 1868 3483 securi,
1893 3413 2071 3491 quaerunt
2085 3403 2272 3493 voluptates,

1304 3528 1405 3598 opes,
1437 3501 1643 3594 potentiam.
1709 3495 1787 3568 Hoc
1818 3499 1930 3568 otium
1952 3513 1985 3572 et
2010 3496 2104 3572 hanc
2125 3505 2270 3574 securita-

1306 3621 1376 3678 tem
1407 3627 1488 3674 eum
1508 3602 1604 3671 videt
1625 3597 1817 3686 Diabolus,
1847 3600 2014 3693 irrumpit
2036 3617 2202 3698 tanquam
2223 3627 2271 3696 per
2299 3631 2300 3688 v

1305 3717 1452 3802 portant
1460 3705 1678 3796 patefactam.
2299 3689 2300 3764 l

1408 3820 1462 3893 De
1498 3818 1563 3890 hac
1598 3817 1783 3890 securitate
1816 3840 1920 3912 saepe
1950 3820 2037 3890 alias
2066 3825 2208 3910 dicitnr,
2242 3837 2300 3896 uti

1309 3921 1442 3999 Matth'.
1459 3923 1536 3997 24:
1565 3921 1735 4010 Vigilate,
1761 3919 1843 4012 quia
1861 3922 2003 3992 nescitis
2019 3949 2088 4016 qua
2106 3921 2189 3997 hora
2203 3951 2272 3995 ven·
2299 3905 2300 3996 l

1308 4045 1410 4102 turus
1435 4028 1482 4096 sit
1504 4022 1693 4094 Dominus.
1754 4019 1862 4108 ltem,
1894 4021 1933 4090 in
1954 4027 2122 4125 parabola
2143 4031 2185 4098 de
2209 4029 2272 4108 beu,

1310 4153 1400 4225 quae
1420 4125 1636 4204 eradicatur,
1664 4147 1742 4193 cnm
1758 4137 1838 4214 post
1852 4124 2026 4195 culturam
2043 4150 2119 4198 non
2135 4131 2197 4201 fert
2211 4131 2272 4198 lm·
2299 4137 2300 4230 ζ

1311 4245 1405 4303 οωηι
1428 4243 1494 4302 etc.
1552 4223 1601 4296 Et
1623 4223 1805 4296 ieremias:
1838 4221 2058 4299 Erubescere
2082 4233 2271 4312 nesciemnt‚
2299 4271 2300 4326 4

1311 4323 1381 4404 sed*
1392 4331 1423 4400 si
1443 4353 1539 4400 nunc
1554 4322 1621 4398 bae
1636 4340 1753 4397 tantae
1767 4325 1980 4398 calamitates
1993 4353 2067 4400 non
2081 4333 2208 4403 faciunt
2221 4353 2271 4400 nos

1312 4435 1552 4514 modestiores,
1575 4441 1660 4499 ωηο
1675 4430 1832 4521 prolecto
1847 4429 1960 4500 multo
1976 4433 2146 4504 tristiores
2162 4427 2270 4526 poenae
2299 4471 2300 4518 3

1312 4536 1465 4605 venient.
1532 4529 1650 4602 Erunt
1685 4555 1777 4600 nova
1807 4529 1899 4599 bella
1931 4531 2114 4615 intestina,
2152 4538 2300 4604 venient.

1312 4636 1439 4732 Turei,
1471 4648 1511 4707 et·
1524 4630 1616 4703 hauc
1636 4632 1883 4722 pulcerrimum
1906 4648 2041 4724 partem
2062 4638 2168 4707 totius
2186 4659 2271 4726 gene-

1313 4739 1362 4808 ris
1381 4735 1550 4821 humani,
1574 4733 1737 4804 videlicet
1751 4729 1926 4803 Ecclesias
1949 4736 1987 4804 in
2005 4735 2211 4816 Germania,
2230 4759 2271 4806 rs·

1314 4835 1433 4930 digent
1465 4839 1502 4908 in
1528 4834 1725 4905 vastitatem
1751 4850 1783 4905 et
1804 4837 2055 4925 solitudinem,
2088 4841 2175 4912 sicut
2196 4838 2271 4910 Asia,

1314 4943 1405 5012 sicut
1422 4939 1571 5011 Graecia
1588 4960 1684 5006 nunc
1702 4950 1786 5008 sunt
1802 4937 2024 5013 solitudines.

1415 5057 1498 5130 Non
1520 5079 1609 5150 opus
1629 5068 1680 5126 est
1706 5057 1745 5124 in
1766 5049 1833 5125 hoc
1855 5069 1952 5126 textu
1975 5058 2042 5128 alia
2063 5060 2274 5130 declaratione

1316 5161 1512 5256 subtiliore.
1563 5156 1632 5229 Sed
1656 5181 1744 5247 opus
1769 5171 1819 5225 est
1842 5159 2120 5233 consideratione
2142 5163 2207 5232 irae
2222 5159 2272 5230 liei

1316 5279 1350 5343 et
1380 5261 1640 5354 exemplorum,
1673 5273 1706 5330 et
1737 5257 1868 5330 talibus
1896 5261 2099 5357 auditorum
2121 5264 2273 5344 cordibus,
