4590 5808
79 161 137 232 ott
299 155 381 233 xtt.
443 151 836 232 ANNOTATIONES
861 149 929 228 ET
955 148 1238 230 CONCIONES
1263 151 1315 227 ΙΝ
1340 145 1523 228 EVANG.
1549 147 1830 224 Marrttattt.
1934 168 1939 180 ·
2000 148 2076 222 682
2193 155 2197 160 '

77 333 118 404 tio
128 351 183 400 seu
200 327 328 418 gratia,
355 330 533 422 quomodo
548 325 646 400 Deus
667 327 712 400 eit
737 329 979 418 agnoscendus
1000 339 1033 398 et
1084 321 1275 396 abhorrere
1293 325 1449 420 denique
1463 324 1509 394 ab
1525 321 1692 393 omnibus
1708 315 1892 392 haereticis
1902 349 1918 408 ,·
1939 321 2072 393 lenati-

76 433 294 510 invocandus,
320 454 427 524 quare
449 432 576 500 misem
598 431 644 502 sit
664 430 757 500 filius
772 426 860 515 Dei,
886 443 922 500 et
943 452 1033 523 quae
1084 429 1134 499 cis
1151 441 1186 498 et
1200 427 1318 518 impiis
1332 427 1584 517 opinionibus,
1617 421 1859 516 pugnantibus
1877 446 1958 494 cum
1981 447 2071 517 quo·

75 536 134 602 sint
150 531 220 601 eius
241 531 428 617 beneficia,
460 532 523 624 qui
547 532 620 603 sint
640 531 716 602 veri
740 532 856 603 cultus
872 531 959 617 Dei,
998 545 1033 601 et
1084 554 1223 624 cunque
1239 528 1388 602 articulo
1403 527 1584 623 Symboli,
1617 550 1657 598 ae
1682 523 1774 596 veris
1796 525 1984 614 gemitibus
2008 549 2068 617 pe-

75 635 141 728 quis
154 635 237 704 ordo
252 633 414 703 omnium
428 656 575 724 operum
591 636 717 732 debeat
729 634 881 706 institui.
929 621 935 636 ’
1084 645 1156 704 tere
1172 657 1193 702 a
1208 629 1303 716 Deo,
1327 643 1369 700 ut
1384 625 1469 700 haec
1484 628 1586 700 initia
1602 651 1704 698 verae
1718 627 1801 698 fidei
1810 627 2070 698 confirmentur

157 733 309 806 Accensa
329 759 412 806 vero
430 729 495 804 hac
512 736 589 806 luce
605 737 643 804 in
662 735 841 806 mentibus
857 731 1032 814 humanis,
1084 735 1123 802 in
1144 757 1208 804 suo
1231 748 1392 824 pectore,
1431 755 1476 800 ne
1500 744 1580 800 ruat
1602 731 1646 799 inv
1665 752 1820 814 errores,
1855 723 2015 800 haereses
2035 743 2070 800 et

72 860 191 907 necesse
207 852 255 908 est
270 837 415 908 existere
431 862 548 906 veram
564 852 668 930 atque
688 839 813 907 seriam
830 837 1032 908 conversio·
1082 835 1254 906 fanaticos
1278 835 1434 925 furores,
1460 833 1550 902 sicut
1566 831 1732 901 omnibus
1749 831 1924 902 aetatibus
1945 846 2069 902 conta-

71 963 137 1006 nem
158 941 200 1007 ad
221 937 337 1007 Deum
359 961 421 1008 seu
445 940 716 1029 poenitentiam,
757 939 793 1006 id
822 951 890 1024 est,
929 959 1031 1007 veros
1083 940 1139 1026 gia
1157 937 1438 1008 tristissimorum
1462 957 1623 1004 errorum
1645 935 1714 1004 late
1730 943 1853 1020 vagata
1876 947 1970 1007 sunt.
2020 929 2071 1002 At

70 1063 198 1130 pavores
218 1053 315 1110 ortos
338 1065 380 1108 ex
402 1041 581 1130 agnitione
602 1042 675 1110 irae
703 1041 843 1109 divinae
865 1043 1032 1110 adversus
1084 1040 1128 1108 iis
1157 1063 1240 1108 sane
1272 1039 1424 1107 libenter
1457 1037 1587 1107 auditis
1622 1045 1848 1127 percontatur
1877 1030 2072 1120 Antonius,

69 1155 188 1232 peccata
206 1156 343 1225 nostra,
371 1155 404 1210 et
421 1165 536 1210 veram
552 1142 657 1212 fidem
673 1157 777 1234 atque
791 1141 956 1212 fiduciam
974 1165 1031 1211 ae·
1083 1163 1172 1235 quos
1187 1141 1296 1230 igitur
1312 1139 1426 1210 cultus
1443 1151 1636 1230 praestare,
1667 1159 1755 1230 quae
1776 1135 1915 1227 pietatis
1938 1135 2070 1207 exerci-

68 1242 284 1334 quiescentem
308 1243 346 1311 in
373 1238 450 1310 Deo
475 1257 619 1334 propter
649 1241 763 1314 filium
793 1243 1031 1315 mediatorem.
1083 1245 1131 1312 tia
1147 1265 1338 1332 usurpare,
1365 1240 1494 1334 quibus
1516 1237 1684 1329 operibus
1703 1238 1864 1308 venerari
1877 1235 1991 1308 Deum
2012 1259 2071 1306 so-

67 1342 161 1412 Porro
193 1344 396 1437 ubicunque
428 1344 521 1413 lucet
556 1341 641 1414 haec
671 1345 776 1428 fides,
818 1344 870 1413 ibi
884 1343 1032 1414 ·dcinde
1082 1344 1175 1414 leat?
1228 1342 1323 1413 Tum
1358 1357 1473 1412 sutor:
1500 1337 1597 1410 Haec
1612 1340 1721 1420 fidere
1742 1338 1880 1432 inquit,
1904 1363 1973 1432 qua
1989 1362 2070 1408 vere

67 1468 172 1514 omnes
194 1446 326 1529 cultus,
362 1457 396 1514 et
418 1460 551 1514 caetera
575 1469 700 1543 opera,
733 1445 907 1516 divinitus
929 1444 1031 1514 insti·
1082 1446 1187 1516 eredo
1212 1441 1308 1528 Deo,
1349 1457 1381 1513 et
1406 1441 1534 1532 gratias
1557 1465 1621 1531 ago
1647 1465 1711 1531 pro
1734 1452 1830 1510 tanta
1854 1440 2014 1512 bonitate
2035 1454 2069 1510 et

68 1559 145 1626 tuta,
167 1559 348 1636 praecepta
364 1559 398 1615 ct
409 1549 620 1637 approbata,
643 1560 704 1617 aut
720 1571 949 1640 quaecunque
966 1546 1031 1614 ob·
1083 1546 1287 1636 ingentibus
1302 1544 1497 1627 beneficiis,
1525 1544 1619 1637 quod
1632 1541 1729 1614 Deus
1744 1542 1914 1612 immensa
1933 1542 2070 1610 miseri-

68 1647 262 1716 servationes
277 1661 370 1716 recte
391 1648 548 1716 ordinari
572 1663 677 1741 atque
700 1649 850 1720 iudicari
874 1662 1032 1740 possunt.
1082 1648 1203 1718 cordia
1229 1671 1286 1716 me
1306 1659 1451 1738 propter
1471 1645 1587 1715 filium
1609 1668 1712 1715 suurn
1730 1639 1926 1714 Dominum
1951 1640 2068 1712 lesum

69 1745 133 1816 Hoc
147 1748 361 1818 declaremus
377 1750 547 1840 exemplo.
1082 1746 1264 1820 Christum
1286 1749 1392 1838 gratis
1413 1747 1555 1839 recipit,
1581 1749 1677 1839 quod
1696 1746 1826 1816 iustum
1851 1745 2070 1838 pronuntiat,

149 1847 340 1942 Postquam
363 1847 494 1918 Paulus
519 1864 622 1922 norat
649 1874 685 1919 se
708 1849 815 1940 recipi
839 1863 872 1920 et
896 1849 1031 1940 placere
1082 1854 1178 1945 quod
1211 1851 1286 1922 vult
1318 1845 1409 1919 mibi
1441 1849 1616 1940 propitius
1642 1871 1732 1933 esse,
1774 1871 1934 1918 summus
1962 1860 2070 1916 estet

67 1948 146 2028 Deo,
185 1973 221 2018 se
247 1951 378 2020 iustum
403 1973 476 2018 esse
496 1953 603 2040 gratis
626 1965 771 2044 propter
793 1951 1029 2023 obedientiam
1082 1953 1291 2045 praecipuus
1309 1952 1436 2024 cultus.
1486 1947 1571 2019 Ideo
1588 1949 1748 2042 quotidie
1762 1950 1975 2038 cogitatione
1991 1961 2070 2018 tan-

67 2045 192 2118 Domini
210 2052 323 2120 nostri
342 2049 420 2120 lesu
429 2046 580 2135 Christi,
609 2066 645 2122 et
658 2067 857 2123 exarserant
872 2051 909 2120 in
924 2053 1030 2121 corde
1082 2069 1198 2123 torum
1210 2052 1463 2122 beneficiorum
1480 2051 1673 2120 exsuscitor
1683 2052 1727 2118 ad
1744 2051 1938 2138 gratiarum
1958 2049 2069 2120 actio-

67 2175 152 2221 verus
177 2153 287 2221 timor
305 2149 390 2237 Dei,
430 2176 511 2224 vera
535 2155 638 2237 fides,
678 2167 713 2223 et
737 2177 818 2222 vera
842 2154 1031 2235 invocatio,
1082 2179 1182 2240 nem,
1207 2167 1312 2247 atque
1326 2153 1462 2222 utinam
1480 2151 1607 2240 possim
1622 2151 1762 2222 ardenti
1779 2166 1921 2241 pectore
1936 2165 1970 2220 et
1985 2173 2068 2220 vera

65 2253 225 2344 perspicue
240 2253 459 2342 intelligebat
474 2255 616 2334 ieiunia,
631 2256 858 2335 ceremonias,
873 2267 907 2323 et
922 2278 1030 2348 quae·
1080 2255 1296 2345 gratitudine
1317 2253 1476 2323 divinam
1497 2255 1692 2324 bonitatem
1713 2252 2068 2346 benevolentiamque

65 2375 183 2446 cunque
200 2379 309 2447 opera
327 2355 467 2424 anobis
481 2357 587 2426 electa
610 2377 833 2448 nequaquam
860 2379 932 2426 esse
955 2378 1030 2425 rne-
1082 2359 1271 2430 celebrare.
2061 2355 2066 2364 ’

8 2511 9 2540 3
64 2455 117 2524 rita
130 2457 345 2526 remissionis
369 2469 607 2545 peccatorum,
633 2471 693 2527 aut
716 2457 885 2528 iustitiam
911 2479 1045 2540 coram,
1183 2456 1366 2529 Necenim
1390 2469 1529 2549 praeter
1551 2451 1643 2526 hanc
1665 2455 1857 2547 gratiarum
1881 2457 2068 2539 actionem,
2143 2459 2172 2548 ¹,

65 2551 142 2640 Deo,
163 2561 221 2626 sed
240 2581 314 2627 esse
328 2572 471 2638 externa
481 2559 662 2642 exercitia,
689 2581 778 2652 quae
798 2583 860 2649 pro
879 2559 1030 2629 circum·
1081 2573 1118 2631 et
1135 2560 1385 2630 beneficiorum
1411 2559 1730 2650 praedicationem,
1772 2559 1960 2654 quicquam
1984 2557 2068 2626 reli·

64 2659 182 2728 stantiis
197 2659 378 2728 observari
395 2659 450 2727 vel
470 2660 585 2730 omitti
600 2673 758 2749 possunt.
1081 2685 1193 2755 quum
1209 2662 1332 2740 fuerit,
1358 2685 1430 2754 quo
1446 2661 1559 2732 Deum
1585 2659 1722 2730 honore
1742 2661 1897 2745 afficere,
1926 2681 2067 2753 quoque

8 2829 10 2840 ,
146 2758 253 2830 Hunc
269 2761 430 2829 ordinem
448 2776 487 2832 ut
499 2764 649 2831 disceret
662 2761 843 2831 Antonius
858 2757 1028 2845 Eremita,
1082 2764 1300 2834 voluntatem
1316 2763 1447 2850 gratiae
1463 2762 1662 2831 referendae
1677 2763 1796 2832 testari
1813 2785 1950 2854 queam.
1978 2759 2066 2829 Pro-

64 2861 212 2950 siugulari
234 2862 453 2930 revelatione
467 2863 774 2945 commonefiebat,
801 2885 846 2930 ne
860 2884 923 2932 sua
940 2862 1030 2930 ieiu-
1081 2881 1198 2957 pterea
1214 2863 1362 2952 singulis
1379 2865 1520 2949 diebus,
1545 2886 1648 2932 mane
1664 2885 1810 2952 surgens
1825 2887 1843 2930 e
1862 2865 1951 2932 lecto
1965 2861 2067 2931 brevi

63 2963 109 3030 nia
129 2977 161 3033 et
180 2963 385 3034 dulcissima
406 2964 609 3033 solitudinis
634 2964 797 3034 exercitia
821 2961 1034 3033 durissimae'
1080 2964 1281 3057 precatione
1297 2964 1372 3035 Deo
1393 2965 1522 3055 gratias
1545 2987 1627 3052 ago,
1661 2979 1694 3033 et
1721 2979 1800 3056 peto
1822 2963 2066 3034 remissionem

63 3065 172 3132 sutoris
214 3063 452 3134 Alexandrini
495 3065 587 3135 vitae
627 3067 828 3137 anteferret.
905 3063 1028 3136 Recita
1081 3081 1325 3160 peccatorum,
1356 3059 1497 3149 vitam,
1516 3066 1813 3152 consolationem,
1840 3064 2067 3156 gubernatio-

7 3179 8 3184 ’
62 3156 244 3234 historiam:
1081 3192 1183 3254 nem,
1219 3167 1369 3259 victum,
1405 3168 1666 3253 defensionem,
1707 3181 1812 3260 atque
1845 3167 2066 3238 miseriarum

145 3263 326 3337 FeruntS.
335 3262 496 3336 Antonio
511 3267 646 3334 venisse
663 3267 854 3359 aliquando
873 3267 910 3336 in
929 3290 1028 3335 men·
1079 3269 1356 3360 mitigationem,
1381 3264 1489 3353 mihi,
1515 3270 1676 3359 coniugi,
1703 3269 1825 3338 liberis
1839 3283 1872 3338 et
1880 3265 2067 3340 Ecclesiae.

7 3389 8 3404 ¹
62 3375 134 3444 tem,
157 3381 194 3436 ut
212 3381 357 3458 cuperet
373 3368 479 3450 scire,
508 3391 553 3434 an
568 3368 661 3436 vitae
676 3390 802 3457 genus,
831 3371 928 3460 quod
954 3368 1027 3459 ipse
1079 3368 1241 3441 Eandem
1264 3393 1404 3464 quoque
1428 3370 1619 3458 gratiarum
1644 3370 1839 3456 actionem,
1866 3385 1899 3442 et
1921 3369 2065 3468 petitio-

63 3483 241 3558 susceperat
258 3468 295 3534 in
309 3469 517 3537 durioribus
533 3467 604 3535 illis
622 3469 794 3538 exercitiis
813 3470 1028 3554 solitudinis,
1080 3496 1181 3560 nem,
1206 3486 1326 3562 repeto
1345 3472 1502 3541 assidens
1525 3473 1567 3540 ad
1592 3495 1770 3562 mensam,
1798 3486 1831 3542 et
1848 3475 1962 3544 iturus
1981 3475 2065 3539 dor·
2134 3509 2146 3520 -

61 3571 278 3651 praestantius
300 3583 407 3653 esset,
435 3594 474 3640 ac
500 3569 609 3657 magis
624 3565 699 3638 Deo
724 3570 893 3658 placeret,
920 3595 1026 3664 quarn
1080 3573 1219 3646 mitum.

61 3666 137 3738 vitae
151 3671 352 3739 communis
367 3671 497 3754 officia,
530 3695 620 3762 quae
635 3685 811 3760 praestare
827 3673 942 3743 solent
965 3697 1021 3763 pa·
1181 3673 1282 3763 Quae
1300 3699 1379 3744 cum
1398 3674 1509 3744 valde·
1522 3676 1758 3766 probarentur
1776 3671 1958 3758 Antonio,
1986 3701 2064 3770 per·

59 3771 265 3842 tresfamilias
278 3767 493 3854 Christiani,
518 3772 557 3839 in
579 3773 707 3863 quibus
725 3796 798 3841 non
817 3769 936 3844 haeret
952 3797 1026 3841 ma·
1078 3777 1128 3866 git
1169 3777 1386 3866 interrogare
1427 3777 1471 3848 de
1509 3776 1725 3848 ieiuniorum
1759 3794 1797 3850 et'
1827 3779 2064 3873 corporalium

60 3867 167 3940 nisesta
184 3875 386 3964 turpitudo,
411 3873 463 3942 ibi
475 3870 569 3942 Deus
584 3896 644 3963 per
660 3874 837 3944 somnium
854 3876 908 3944 vel
927 3899 1027 3944 reve·
1078 3877 1324 3948 exercitiorum
1341 3879 1465 3948 ordine
1481 3891 1586 3972 atque
1603 3883 1719 3952 modo.
1760 3879 1967 3971 Respondet
1980 3881 2063 3948 iste:

61 3967 212 4044 lationem
249 3977 430 4066 quandam
464 3975 586 4044 volens
618 3971 797 4044 Eremitae
832 3979 1026 4062 ostendere,
1064 3977 1272 4072 'Postquam
1292 4003 1396 4048 mane
1415 3980 1534 4067 paucis
1551 3981 1669 4050 verbis
1686 4005 1752 4072 pro
1775 3984 1909 4052 familia
1930 3995 1963 4050 et
1981 3981 2064 4050 uui-

59 4075 267 4160 quantumin
284 4071 352 4144 hoe
374 4076 465 4147 vitae
482 4099 606 4166 genere
626 4076 825 4166 proficeret,
851 4091 1025 4148 monstra·
1078 4105 1176 4150 versa
1201 4081 1342 4152 civitate
1362 4083 1478 4166 oravi,
1502 4080 1614 4150 taetm
1634 4083 1727 4152 facio
1750 4085 1957 4155 domesticas
1980 4105 2065 4173 ope·
2113 4129 2117 4136 -

60 4171 99 4240 vit
111 4174 139 4242 ei
156 4178 301 4246 domum
326 4179 457 4248 sutoris
473 4175 706 4248 Alexandrini
723 4176 876 4248 vicinam
895 4195 1026 4270 portae,
1078 4205 1145 4256 ras.
1178 4179 1327 4252 Premor
1346 4183 1440 4255 enim
1459 4184 1584 4278 etipse
1601 4184 1739 4272 vulgari
1753 4208 1860 4255 onere
1877 4199 2065 4278 pauperta-

57 4275 219 4361 aciussit‚
258 4292 298 4350 ut
327 4278 426 4349 illius
455 4279 617 4350 exercitia
646 4293 679 4348 et
701 4279 795 4348 dona
815 4281 1025 4368 exploraret.
1076 4284 1140 4367 tis,
1179 4283 1261 4352 ideo
1292 4279 1383 4352 mihi
1413 4283 1601 4354 necessitas
1631 4285 1826 4378 incumbit,
1866 4286 2065 4380 opitulante

57 4367 194 4485 leniens
209 4380 318 4468 igitur
334 4381 372 4450 in
388 4383 512 4452 urbem
520 4376 818 4464 Alexandrinam,
843 4377 1025 4454 Antonius
1075 4381 1172 4463 Deo,
1196 4385 1313 4474 parvis
1323 4386 1451 4456 liberis
1469 4400 1503 4457 et
1519 4386 1714 4458 familiolae
1732 4387 1864 4461 victum
1882 4413 2064 4485 quaerere.

58 4481 238 4564 tngreditur
271 4485 416 4552 domum
453 4483 603 4566 sutoris,
643 4480 838 4574 alloquitur
871 4497 1024 4575 patrem·
1076 4485 1234 4556 Proinde
1248 4487 1294 4555 do
1311 4487 1378 4556 arti
1394 4485 1492 4558 meae
1506 4511 1662 4578 operam,
1676 4504 1710 4560 et
1725 4514 1823 4578 curo,
1837 4508 1878 4565 ut
1891 4494 1955 4562 filii
1972 4505 2064 4561 recte

56 4571 207 4663 familias,
232 4607 273 4653 ac
296 4584 450 4677 primum
473 4585 667 4672 interrogat
688 4584 732 4651 de
755 4584 933 4672 doctrina,
960 4577 1030 4657 εἱὶ-1
1076 4592 1290 4668 doceantur,
1312 4602 1420 4682 utque
1436 4589 1571 4660 familia
1589 4593 1634 4659 ad
1658 4591 1876 4679 agnitionem
1902 4612 1935 4668 et
1959 4597 2062 4664 invo-

57 4695 92 4743 ne
104 4675 342 4770 Christianus,
367 4700 401 4756 et
415 4710 461 4756 an
479 4709 560 4754 vera
577 4685 644 4752 fide
667 4684 900 4774 amplectatur
916 4687 1020 4780 Sym·
1073 4689 1247 4760 rationem
1263 4687 1522 4763 Deiinvitetur
1547 4715 1588 4760 ac
1611 4693 1829 4768 instituatur.
1879 4697 2061 4770 Praeterea

56 4773 159 4850 bolum
174 4799 207 4856 et
222 4788 342 4856 omnia
363 4788 491 4877 scripta
507 4781 765 4877 Prophetarum
783 4799 817 4857 et
831 4789 1023 4878 Apostolo-
1074 4815 1304 4884 quaecuuque
1326 4798 1471 4865 mandat
1491 4792 1644 4882 legitima
1674 4809 1827 4885 potestas
1850 4801 1888 4870 in
1911 4801 2063 4894 politicis

57 4881 143 4950 rum?
190 4884 259 4957 llic
274 4891 433 4960 modeste
446 4890 490 4958 de
505 4889 666 4959 doctrina
681 4891 892 4978 respondet,
933 4891 1021 4961 late-
1072 4894 1235 4982 negotiis,
1252 4893 1443 4983 diligenter
1457 4911 1688 4990 exsequor,‘et
1705 4900 1943 4972 obedientiam
1962 4925 2063 4994 prae-

57 4987 103 5046 tur
121 5007 154 5052 se
177 5009 249 5058 esse
270 4987 532 5074 Christianum,
573 4991 724 5061 affirmat
750 5001 797 5059 se‘
820 4991 964 5062 relicere
987 5005 1021 5063 et
1072 5008 1126 5067 sto
1142 4995 1182 5064 iu
1198 4994 1368 5067 solvendo
1384 4998 1535 5085 tributo,
1561 5011 1667 5090 atque
1681 5004 1929 5074 communibus
1944 5007 2063 5075 oneri-

60 5085 270 5160 tvndemnare
290 5087 462 5162 Ethnicas
491 5091 746 5175 idolomanias,
793 5106 826 5162 et
855 5094 1020 5164 invocare
1070 5097 1137 5168 bus
1153 5096 1285 5168 civium
1302 5097 1540 5170 sustinendis.

58 5199 160 5299 terum
175 5187 289 5264 Deum
304 5194 343 5261 in
362 5194 540 5283 agnitione
561 5192 637 5264 lesu
652 5190 786 5265 Christi
803 5195 1020 5280 mediatoris,
1170 5183 1252 5268 Non
1278 5198 1367 5284 alia,
1398 5200 1517 5294 inquit
1535 5201 1736 5290 Antonius,
1763 5199 1871 5277 habes
1897 5209 2060 5280 exercitia

56 5299 86 5348 ac
99 5308 132 5354 m
146 5311 275 5366 summa
293 5295 380 5366 dicit
395 5299 586 5366 accredere
604 5320 727 5368 omnes
741 5297 911 5368 articulos
926 5299 1018 5380 fidei,
1068 5299 1244 5372 duriora?
1271 5316 1310 5372 ut
1334 5316 1446 5373 certos
1469 5303 1545 5374 dies
1569 5306 1802 5393 ieiuniorum,
1835 5323 1869 5380 et
1893 5311 2061 5404 quasdam
