4590 5808
214 122 294 204 647.

216 285 309 360 Fiat
326 285 497 382 polurctas
517 295 600 367 tua,
626 285 718 358 sicut
739 287 779 356 in
794 283 890 356 coelo
914 285 1015 356 sicet
1041 285 1081 357 in
1098 295 1210 361 terra.

320 443 499 510 Dominus
515 441 598 509 lacit
613 441 755 512 initium
779 440 991 528 precationis
1009 464 1027 508 a
1047 455 1126 508 vera
1143 428 1209 508 Dei

218 547 419 634 agnitione,
452 558 486 612 et
511 543 681 622 efficacia,
712 565 774 610 seu
802 541 1059 630 gubernatione
1087 543 1209 610 divina

219 646 377 716 innubis
397 645 494 737 ipsis.
546 642 666 733 Quare
692 668 787 712 nunc
812 645 974 736 sequitur
997 642 1099 712 tertia
1118 643 1209 734 peti-

219 753 287 830 tio,
317 751 497 838 pertinens
513 749 555 814 ad
571 746 714 826 tertium
736 758 770 815 et
794 758 959 837 quartum
985 761 1210 837 praeceptum

221 852 409 940 Decalogi‚
443 873 532 942 quae
562 851 606 915 de
637 848 884 918 vocationibus
907 862 942 916 et
965 847 1211 918 structionlhus

219 957 426 1046 loquuntur.
493 949 565 1020 Nec
594 947 664 1016 iarn
697 949 836 1042 privata
864 961 1000 1019 tautum
1024 950 1119 1019 bona
1142 947 1210 1019 tibi

220 1057 286 1143 ipsi
306 1055 411 1144 petis,
427 1055 487 1120 sed
506 1050 625 1145 potius
640 1050 841 1130 communia
858 1064 892 1120 et
906 1052 1048 1142 publica
1062 1051 1210 1143 quihus·

221 1161 308 1227 libet
325 1155 592 1236 vocationibus,
618 1154 825 1238 ordinibus,
853 1167 887 1222 et
908 1154 1057 1223 statibus
1080 1154 1211 1223 saluta·

223 1263 285 1330 ria.
309 1335 311 1342 ,
339 1255 434 1327 Oras
457 1256 587 1328 etenim
614 1280 678 1343 pro
705 1256 903 1326 ministerio
918 1253 1122 1345 Evangelii,
1148 1279 1212 1345 pro

221 1361 484 1450 magistratibus
498 1375 530 1428 et
553 1359 686 1449 politia,
713 1382 772 1428 seu
788 1383 853 1450 pro
872 1360 967 1427 bono
983 1371 1074 1428 statu
1093 1358 1212 1450 puhli-

223 1489 284 1548 co,
310 1489 375 1554 pro
397 1461 623 1530 oeconomica
649 1485 709 1530 seu
731 1461 921 1530 domestica
945 1461 1214 1548 gubernatione,

223 1593 301 1635 cum
321 1581 399 1634 tuae
418 1564 570 1632 familiae
589 1577 663 1632 tum
679 1563 848 1632 aliarum:
873 1557 1213 1646 AhDomineDeus‚
1233 1567 1236 1577 '

117 1685 120 1692 '
223 1685 262 1739 tu
296 1689 393 1756 regas
425 1666 500 1756 ipse
522 1679 555 1734 ct
580 1667 726 1734 adiuves
759 1678 835 1732 tuas
862 1664 1077 1748 functiones,
1110 1677 1151 1734 ut
1174 1664 1213 1731 in

63 1767 66 1774 ⁴
153 1831 160 1848 ,
222 1771 321 1840 omni
350 1769 623 1857 gubernatione,
658 1766 983 1846 administratione,
1016 1766 1214 1848 vocatione,

223 1867 310 1942 Tua
335 1872 498 1939 voluutas
522 1869 597 1952 bat,
623 1870 660 1938 id
686 1882 755 1958 est,
782 1880 822 1936 ut
848 1868 1011 1951 bantra,
1039 1891 1128 1960 quae
1152 1861 1214 1936 Tu

224 1973 417 2052 mandasti,
443 1971 530 2039 liant
552 1971 618 2040 tihi
636 1986 732 2059 grata
758 1982 789 2039 et
819 1970 1014 2061 placentia,
1040 1970 1215 2052 videlicet,

224 2091 263 2148 ut
281 2074 546 2143 concionatores
563 2084 596 2140 ct
612 2068 790 2142 Ecclesiae
814 2071 970 2142 ministri
989 2084 1100 2153 recte,
1127 2071 1214 2140 fide-

224 2179 305 2246 liter
340 2188 529 2268 sancteque
567 2177 735 2258 doceant,
782 2186 822 2243 ut
855 2197 972 2262 reges,
1020 2173 1215 2271 principes,

162 2297 167 2306 ’
224 2279 404 2360 consules,
431 2301 470 2346 ac
490 2277 693 2368 omnesqui
720 2289 904 2364 praesunt,
931 2275 1000 2371 piis
1026 2291 1060 2345 et
1083 2275 1216 2346 saluta-

224 2383 324 2449 ribus
350 2379 509 2447 consiliis
531 2379 770 2466 constituant,
802 2388 923 2465 regant
954 2399 994 2444 ac
1025 2378 1217 2445 defendant

227 2480 458 2570 respublicas,
482 2490 523 2547 ut
547 2493 662 2566 patres
686 2493 884 2568 matresque
900 2476 1052 2544 familias
1069 2473 1216 2545 honeste

124 2589 128 2596 '
227 2594 352 2654 curent
379 2603 461 2648 suos
485 2580 616 2649 liberos
637 2578 796 2662 educari,
829 2576 962 2647 erudiri
992 2591 1026 2647 et
1056 2577 1217 2665 castigari

227 2687 323 2756 iuxta
340 2683 540 2752 doctrinam
557 2681 760 2763 coelestem,
786 2693 895 2773 utque
911 2677 1042 2768 singuli
1058 2703 1121 2749 suo
1139 2681 1217 2748 loco

152 2836 155 2843 -
227 2787 382 2858 officium
404 2808 508 2854 suum
524 2784 593 2855 rite
610 2797 644 2854 et
657 2783 809 2853 feliciter
823 2782 972 2865 faciant,
996 2805 1034 2851 ac
1050 2793 1217 2856 maneant

226 2911 349 2961 omnes
360 2887 518 2957 adiuncti
533 2885 759 2976 copulatique
775 2883 839 2953 tihi
849 2880 938 2972 Deo,
954 2889 1098 2978 tamque
1106 2907 1219 2951 mern-

227 2995 290 3063 bra
309 2991 386 3060 viva
407 3013 471 3058 suo
496 3012 580 3056 vero
603 2987 728 3078 capiti,
755 2999 789 3056 et
809 3007 931 3066 omnes
948 2985 1015 3056 tibi
1038 2985 1220 3068 obediant,

160 3117 163 3124 ’
227 3117 292 3163 nec
313 3091 427 3161 avulsi
458 3088 639 3159 discedant
666 3101 701 3158 et
732 3089 898 3158 aberrent
926 3111 944 3157 a
976 3111 1061 3157 vero
1092 3087 1219 3177 capite.

229 3194 335 3264 Tolle
363 3191 484 3259 omnio
513 3190 678 3261 scandala
710 3191 987 3279 gubernatorum
1011 3202 1045 3260 et
1067 3189 1219 3258 aliorum

229 3321 319 3390 quae
334 3293 523 3363 oflendunt
545 3297 643 3363 tua'm
659 3292 891 3364 voluntatem.
942 3288 1029 3384 Non,
1049 3291 1221 3360 concedas

176 3447 186 3460 ‚
229 3412 268 3468 ut
285 3395 419 3466 diaboli
435 3409 553 3465 serant
569 3395 694 3464 salsam
709 3395 926 3478 doctrinam,
947 3407 1113 3486 spargant
1128 3393 1223 3461 inter

199 3573 203 3580 ,
230 3523 296 3568 nos
314 3511 422 3567 tetros
432 3521 567 3566 errores
582 3511 617 3567 et
634 3493 908 3567 contumeliosos
918 3497 1085 3566 adversus
1093 3492 1223 3579 Deum,

230 3602 360 3694 quibus
387 3594 549 3667 homines
577 3598 731 3668 avellant
760 3621 780 3666 a
802 3595 898 3681 Deo,
937 3597 1027 3669 sicut
1048 3596 1164 3669 Adam
1188 3608 1223 3666 et

230 3703 343 3773 Evam
360 3704 522 3791 deceptos
537 3701 782 3768 abstraxerunt
796 3722 815 3767 a
834 3711 893 3766 tua
909 3699 1118 3800 voluntate..
1137 3697 1221 3768 Non

231 3807 425 3874 accendant
447 3801 582 3870 diaboli
607 3800 691 3869 odio
720 3798 772 3868 tui
802 3801 1010 3893 tyrannides
1033 3812 1067 3868 et
1089 3800 1221 3870 iniusta

232 3909 324 3977 bella
342 3918 463 3975 contra
489 3916 584 3972 tuam
610 3895 850 3984 voluntatem,
875 3925 920 3969 ne
945 3914 1138 3994 sequantur
1158 3901 1223 3970 tri-

232 4010 401 4080 stissimae
422 4005 636 4076 vastationes
653 3999 908 4088 Ecclesiarum,
935 4003 1103 4074 interitus
1116 4003 1222 4072 disci·

233 4113 349 4203 plinae
365 4125 398 4181 et
413 4109 555 4201 piorum
572 4106 755 4178 sudiorum
771 4106 977 4178 iuventutis.

215 4349 219 4355 Ι
336 4262 388 4332 De
418 4259 475 4333 his
506 4262 613 4334 tantis
645 4263 750 4330 rebus
786 4259 945 4354 loquitur
979 4254 1047 4329 hoc
1079 4261 1221 4330 tertium

234 4365 449 4432 membrum:
476 4362 557 4434 Fiat
573 4363 737 4432 voluntas
753 4377 829 4442 tua,
855 4362 945 4433 sicut
973 4363 1009 4430 in
1032 4363 1149 4448 coelo,
1176 4363 1225 4432 sic
1265 4431 1269 4440 ,

234 4467 337 4537 etiam
356 4467 392 4532 iu
411 4477 514 4539 terra.
567 4461 723 4534 Proinde
738 4464 875 4555 quoties
898 4457 984 4534 baec
1006 4467 1112 4534 verba
1134 4466 1223 4534 reci-

234 4585 304 4652 tas,
328 4567 461 4655 cogita,
487 4582 521 4638 te
544 4563 693 4637 hicnon
714 4566 828 4634 solum
853 4590 917 4656 pro
943 4580 975 4635 te
1000 4579 1134 4657 petere,
1162 4569 1223 4636 sed

185 4681 187 4688 '
234 4661 298 4764 pro
315 4683 388 4740 toto
405 4693 552 4761 corpore
560 4665 747 4753 Ecclesiae,
767 4667 1222 4757 prosingulisordinibuset

234 4774 395 4857 statibus,
412 4795 476 4862 pro
486 4770 905 4862 omnihusregiminibus,
920 4771 1122 4839 coetibuset
1133 4771 1224 4842 vitae
1254 4807 1257 4829 ·

235 4878 433 4966 generibus.
461 4869 856 4964 Aesaepemultumque
870 4865 1052 4941 deheshoc
1069 4886 1224 4941 tuocum

236 4978 355 5046 animo
365 4978 599 5058 considerare,
617 4974 1224 5066 quodanteamouuidiligenterex-

235 5081 464 5170 pendendum
484 5091 515 5147 et
532 5077 568 5146 iu
588 5091 777 5166 conspectu
789 5077 980 5162 tenendum
998 5097 1083 5146 esse.
1112 5073 1226 5144 Filius

234 5178 302 5251 Dei
317 5180 417 5249 iussit
429 5179 778 5272 ipsepetitantasrcs,
797 5169 971 5256 videlicet,
987 5178 1225 5248 conservatio·
1253 5190 1255 5264 ζ

234 5307 316 5353 nem
332 5283 490 5352 coelestis
512 5282 712 5364 doctrinae,
740 5279 1032 5370 gubernationem
1056 5293 1088 5350 et
1109 5277 1225 5348 ellica-
1252 5269 1255 5292 ¹

778 114 932 194 rulo.
959 112 1076 188 MEL.
1102 111 1310 188 SCRIPTA
1336 111 1639 240 EXEGETICA.
1709 50 1713 70 Ι

2159 114 2223 192 ou
2256 87 2257 96 ‘

1261 287 1351 357 ciam
1368 289 1526 356 divinam
1540 287 1577 357 in
1592 255 1715 372 nosti,
1740 288 2033 378 gubernationem
2057 287 2226 358 salutarem
2258 286 2259 300 ³

1261 385 1517 474 Ecclesiarum,
1550 391 1633 459 item
1658 389 1873 478 regiminum
1897 404 1931 460 et
1949 389 2170 482 politiarum,
2195 405 2228 462 ut
2259 385 2260 416 ¹

1261 488 1475 600 Ecclesiolae
1489 492 1645 560 misellae
1661 492 1850 562 foveantur
1865 505 1900 562 et
1917 505 2151 584 protegantur.

1363 615 1559 698 Hae'certe
1583 643 1667 698 suut
1690 652 1745 698 res
1768 642 1875 721 atque
1900 628 2087 719 petitiones
2101 629 2228 697 maximi
2260 584 2262 664 l

1261 731 1453 814 momenti,
1480 731 1731 824 omniumque,
1754 731 2001 824 quaecogitari
2017 755 2056 800 ae
2071 729 2232 800 nominari
2261 684 2263 770 l

1261 855 1324 902 seo
1353 832 1514 900 oratione
1544 828 1796 924 comprehendi
1828 846 1996 925 possunt,
2028 856 2177 903 summae
2204 845 2233 900 et

1263 933 1517 1024 amplissimae3
1564 949 1797 1005 veruntamen
1822 935 1904 1028 quia
1928 933 2102 1004 Dominus
2129 947 2233 1002 noster
2265 978 2266 1066 p

1265 1033 1359 1105 lesus
1377 1029 1541 1116 Christus,
1559 1037 1755 1128 praecepit,
1781 1051 1820 1106 ut
1842 1034 1929 1107 haec
1952 1052 2048 1109 tanta
2072 1041 2161 1107 bona
2182 1059 2234 1131 pe·
2264 1080 2267 1154 p

1263 1151 1396 1220 tamus,
1423 1161 1486 1206 nec
1505 1138 1603 1206 irrita
1623 1157 1703 1208 vota
1729 1151 1871 1224 nostra,
1906 1163 1970 1208 nec
1994 1143 2115 1210 inanes
2134 1152 2166 1209 et
2186 1139 2234 1206 in·
2265 1178 2268 1266 q

1263 1241 1369 1311 utiles
1386 1252 1490 1309 erunt
1504 1240 1674 1309 clamores
1690 1241 1815 1310 nostri.
2268 1278 2269 1356 p

1366 1375 1638 1448 Meminerimus
1671 1378 1795 1459 etiam,
1837 1373 2007 1452 maximas
2035 1381 2235 1472 maximeque
2267 1375 2270 1454 l

1266 1480 1478 1550 necessarias
1494 1503 1548 1548 res
1565 1481 1646 1549 ideo
1663 1475 1934 1571 comprehensas
1950 1506 2022 1552 esse
2039 1483 2076 1550 in
2097 1477 2159 1551 hac
2174 1483 2234 1550 lor·
2270 1474 2271 1562 l

1266 1607 1321 1652 ma
1346 1582 1577 1673 precationis,
1611 1581 1736 1650 divino
1759 1583 1909 1652 consilio
1932 1586 2080 1664 tradita,
2114 1598 2152 1656 ut
2181 1606 2235 1650 nos
2271 1574 2272 1650 l

1266 1707 1324 1752 eas
1338 1683 1550 1771 cogitatione
1571 1683 1760 1774 complexi,
1788 1685 2025 1763 afficeremur,
2049 1686 2190 1755 aliorum
2208 1697 2236 1752 et
2270 1674 2273 1740 l

1266 1786 1375 1856 totius
1391 1781 1566 1854 Ecclesiae
1580 1809 1683 1869 cura,
1710 1809 1756 1854 ne
1772 1787 1962 1858 securitate
1985 1802 2017 1858 et
2035 1789 2164 1858 scritate
2179 1783 2236 1878 Cy·
2273 1774 2274 1803 ¹

1267 1886 1403 1978 clopica
1429 1888 1587 1956 viventes
1610 1887 1649 1955 in
1671 1882 1785 1970 diem,
1819 1873 1973 1960 essemus
1998 1892 2074 1960 sine
2097 1888 2235 1959 solicitu-
2274 1872 2275 1918 l

1268 1991 1372 2072 dine,
1398 2012 1462 2058 nec
1475 2011 1686 2076 angeremur
1702 2014 1766 2079 pro
1788 1989 1889 2075 aliis,
1913 1994 1975 2061 sed
2002 2003 2116 2060 mente
2134 2003 2164 2059 et
2186 2011 2237 2056 co·
2275 1972 2276 2001 ¹

1267 2091 1437 2181 gitatioue
1461 2089 1631 2183 cuiusque
1662 2091 1700 2159 in
1724 2093 1865 2182 publica
1891 2094 2005 2172 salute
2029 2092 2162 2176 defixis,
2191 2090 2239 2157 iu-

1267 2209 1451 2266 tueremur
1471 2205 1507 2262 et
1529 2192 1842 2283 complecteremur
1860 2208 1969 2265 totam
1988 2192 2189 2276 Ecclesiam,
2211 2203 2239 2257 et

1268 2296 1473 2366 universum
1488 2295 1647 2382 regimen
1668 2294 1870 2384 politicum,
1897 2299 2057 2391 motique
2080 2294 2240 2365 calamita·

1269 2398 1365 2468 tibus
1401 2391 1613 2474 Ecclesiae,·
1648 2393 1881 2488 reipublicae,
1921 2413 2127 2490 parentum,
2163 2395 2239 2464 libe-

1271 2521 1415 2580 rorum,
1458 2509 1492 2564 et
1516 2497 1729 2580 amicorum,
1772 2521 1844 2568 non
1869 2501 2155 2583 nobistantum,
2191 2495 2239 2564 sed

1271 2599 1375 2668 etiam
1392 2596 1471 2666 aliis
1487 2621 1589 2687 opem
1605 2597 1689 2667 lerri
1704 2599 1952 2690 flagitaremus.
2008 2601 2127 2695 Itaque
2141 2597 2241 2668 consi·

1271 2703 1434 2771 daremus
1458 2721 1663 2768 communes
1686 2715 1720 2770 et
1748 2701 1901 2792 privatas
1930 2705 2164 2786 necessitates,
2195 2699 2241 2766 in-

1272 2801 1466 2895 primisque
1483 2800 1625 2891 puhlica
1648 2803 1803 2891 pericula
1820 2805 2028 2892 regionum,
2054 2827 2140 2899 qnae
2154 2798 2241 2869 nobis

1273 2919 1307 2973 et
1320 2899 1479 2972 honestis
1496 2903 1623 2971 studiis
1637 2898 1790 2991 hospitia
1805 2907 2027 2993 concedunt,
2052 2932 2090 2977 ac
2104 2917 2242 2999 petamus

1273 3027 1339 3074 nos
1373 3005 1450 3072 luce
1481 3005 1604 3072 divina
1627 3005 1700 3094 regi
1726 3005 1762 3072 in
1786 3006 1993 3092 vocatione,
2031 3011 2069 3078 io
2096 3005 2242 3077 omnibus

1274 3105 1451 3184 consiliis,
1492 3105 1531 3174 in
1564 3110 1695 3176 tuenda
1728 3107 1880 3197 puritate
1901 3103 2098 3195 Ecclesiae,
2136 3109 2169 3176 in
2189 3107 2242 3174 do·

1273 3210 1407 3292 tendo,
1447 3207 1486 3276 in
1513 3209 1665 3297 regenda
1696 3207 1877 3299 republica
1908 3224 1942 3280 et
1972 3207 2119 3285 honesta
2150 3203 2243 3279 disci·

1276 3311 1384 3402 plina.

1298 3487 1438 3564 Panem
1449 3502 1622 3563 nostrum
1639 3492 1899 3592 quotidianum
1919 3495 1969 3569 do
1992 3499 2099 3571 nobis
2116 3493 2225 3570 hodie.

1377 3629 1632 3700 Praecedeotes
1648 3630 1837 3720 petitiones
1852 3635 1989 3726 optimo
2014 3637 2138 3706 ordine
2158 3657 2244 3726 prae-

1275 3736 1426 3826 scriptae
1441 3731 1619 3822 sapienter
1634 3755 1775 3802 exorsae
1792 3751 1879 3808 sunt·
1892 3759 1910 3806 a
1929 3739 2044 3826 primo
2068 3749 2245 3831 praecepto,

1276 3837 1460 3912 videlicet,
1484 3833 1529 3902 ab
1553 3833 1734 3922 agnitione
1750 3831 1838 3916 Dei,
1862 3851 1897 3908 et
1919 3840 2092 3927 efficacia,
2116 3863 2173 3909 seu
2191 3859 2246 3926 go-

1276 3937 1484 4010 bernatioue
1507 3935 1630 4004 divina
1661 3935 1700 4004 in
1723 3937 1839 4010 nohis.
1898 3939 2010 4011 Istum
2043 3943 2245 4032 aptissimum

1277 4040 1440 4111 ordinem
1456 4038 1548 4107 bene
1571 4037 1855 4111 animadvertere
1877 4065 1917 4111 ac
1941 4042 2138 4133 intelligere
2158 4038 2245 4108 valde

1276 4143 1439 4234 prodest,
1467 4151 1501 4208 et
1514 4139 1554 4207 in
1569 4139 1732 4211 docendo
1755 4140 1950 4231 plurimum
1968 4145 2058 4216 locis
2072 4160 2108 4216 et
2128 4137 2246 4235 perspi-

1276 4243 1415 4314 cuitatis
1434 4241 1546 4312 affert.

1376 4359 1611 4454 Haecquarta
1636 4362 1777 4450 petitio:
1806 4361 1938 4434 Panem
1964 4379 2123 4436 nostrum
2145 4359 2246 4456 quoti·

1276 4464 1422 4533 dianum
1439 4466 1482 4534 da
1500 4464 1603 4534 nobis
1621 4458 1749 4548 hodie,
1774 4465 1934 4557 loquitur
1955 4471 1999 4537 de
2022 4466 2247 4561 corporalibus

1278 4566 1398 4644 bouis,
1423 4567 1554 4635 devita
1574 4581 1606 4635 et
1624 4565 1867 4638 incolumitate
1882 4593 2089 4660 corporum,
2110 4572 2153 4639 de
2169 4568 2249 4634 bona

1278 4667 1499 4752 valetudine,
1526 4668 1570 4735 de
1597 4668 1712 4752 victu,
1738 4664 1910 4760 hospitio,
1944 4667 2145 4754 domicilio,
2170 4685 2251 4758 pate,

1277 4769 1501 4854 defensione,
1543 4769 1711 4837 omnihus
1748 4771 1901 4863 denique
1932 4774 2026 4844 vitae
2061 4765 2250 4843 commodis,

1278 4871 1479 4963 praesidiis,
1506 4885 1541 4939 et
1558 4870 1807 4956 adminiculis,
1837 4874 1927 4943 sicut
1944 4876 1984 4944 in
2005 4871 2174 4964 praesenti
2189 4865 2249 4932 vita

1278 4997 1425 5062 corpora
1450 4971 1570 5042 multis
1598 4986 1631 5041 et
1656 4974 1805 5044 diuersis
1828 4978 1935 5045 rebus
1966 4977 2146 5066 indigent,
2170 4970 2250 5042 cibo,

1278 5091 1383 5172 potu,
1410 5076 1503 5143 bona
1538 5073 1759 5157 valetudine,
1791 5078 1896 5146 certis
1924 5076 2157 5156 oeconomiis,
2181 5093 2252 5161 pos·

1279 5176 1514 5255 sessionibus,
1558 5176 1691 5244 nidulis
1717 5203 1755 5244 ac
1786 5181 1993 5269 tuguriolis,
2030 5178 2120 5246 lelici
2145 5199 2181 5242 ac
2203 5169 2249 5260 pla

1278 5278 1584 5352 administratione
1609 5279 1834 5368 politiorum,
1859 5306 1948 5372 quae
1972 5283 2144 5374 praebent:
2159 5271 2251 5344 nobis
