4622 5818
61 145 126 230 aas
277 147 361 227 xn.
414 115 910 230 emortuorum
942 143 1227 232 coactores
1259 151 1312 230 m
1344 153 1531 240 avano.
1561 144 1847 254 Morantur.
2003 179 2078 256 seo

58 297 297 410 eiusdestroit,
321 298 795 400 ut'diciturt.10tnnn.s.:
821 323 864 396 ln
880 326 949 399 hoc
964 350 1029 418 ep-
1319 413 1322 418 ,
1372 328 1546 393 sequttoe
1577 331 1779 401 ttsputstto
1850 335 1865 360 ⁶

56 423 159 517 pamit
180 423 275 495 filius
294 421 383 511 Dei,
408 435 455 494 ut
473 425 631 496 destruat
651 449 759 520 opera
782 428 929 506 diaboli.
966 425 1028 512 ,Et
1290 431 1338 506 tle
1358 442 1581 540 remissione
1599 454 1854 534 peccatorum.

56 523 251 644 G²⁰f⁸i³³⁸
276 524 405 638 &m
419 524 818 648 'lull‘llffwnwlfflbll
831 543 1025 650 alulfi*
1181 563 1361 642 Pharisaei
1384 571 1519 649 indocti
1543 573 1637 649 nihil
1659 583 1840 660 sciverunt
1856 592 1900 660 de
1916 596 2067 684 promia-

55 641 165 720 pentrs.
202 625 284 717 Qua
300 629 344 698 de
359 651 398 700 re
411 627 500 699 alrbt
515 630 648 700 drettur
662 653 850 723 copiosius.
885 629 1025 703 Deinde
1097 667 1105 684 ·

318 729 327 748 ι
405 728 416 751 .
522 729 533 749 ·
576 729 654 800 d'‘
741 731 809 801 W
861 729 971 805 Ch„
1077 669 1188 740 sionis
1211 671 1408 759 intellectu,
1435 701 1508 747 non
1525 681 1725 768 cogitarunt
1742 688 1846 760 etiam
1862 695 1991 766 Davidi
2007 698 2066 766 tli-

53 741 894 906 P⁰ff¹³Pf⁰P⁰¹1¹al¹¹¹¹¹¹e¹gs¹gemr¹gusu¹g¹sso&agdo
919 748 1025 907 Ἓξ
1078 782 1174 890 ctum
1198 795 1289 844 esse:
1316 769 1496 891 llominus
1516 782 1663 855 abstulit
1687 804 2004 916 peccatum-tuum,
2030 813 2066 868 et

50 853 107 1002 151ξῖ
116 853 179 1022 ¹3¹1:
181 855 302 1004 111ξίξῖ
316 933 441 1020 afficit,
463 853 741 1029 qfiodmabolus
754 934 796 1007 in
811 883 938 1036 ponz,
953 939 1023 1006 im*
1075 869 1264 943 Dantelem
1288 879 1407 949 decere
1428 881 1472 949 ad
1496 905 1630 974 regem:
1657 881 1738 960 Ertt
1759 906 1897 966 sanatio
1912 898 2063 1024 delecto·

49 1033 163 1120 mittit,
195 1048 237 1107 ut
257 1049 354 1108 totus
373 1059 456 1126 grex
478 1057 644 1127 praeceps
662 1035 701 1105 in
724 1059 822 1107 mare
841 1053 962 1111 rueret
982 1063 1022 1110 sc
1074 993 1154 1044 mm
1171 987 1335 1064 'mirum’
1360 993 1425 1054 ἠ·

323 1137 333 1158 ,
370 1138 380 1156 ,
493 1136 503 1156 ,
1174 1069 1323 1172 Semper
1343 1079 1488 1154 Levitae
1517 1071 1623 1157 simul
1657 1091 1857 1167 debuerunt
1885 1097 2063 1170 declarare

47 1147 240 1212 mmmm·
265 1133 561 1210 E¹¹³¹¹¹¹¹⁰⁶¹¹²m
576 1134 1020 1242 mul¹⁰⁸l¹¹‘¹‘¹‘²⁰⁸⁸l'⁰⁸¹⁸·
1067 1176 1345 1265 ¹promissionem
1374 1185 1419 1254 de
1440 1183 1591 1275 Messio,
1623 1193 1683 1260 sed
1712 1218 1784 1266 non
1810 1195 2062 1275 intellexerunt

249 1341 259 1360 .
303 1341 314 1358 ‚
474 1342 483 1358 ,
742 1341 751 1360 ‚
988 1347 998 1362 ‚
1071 1277 1225 1368 amplius
1248 1283 1405 1355 officium
1427 1310 1542 1360 suum.
1592 1287 1696 1364 Hanc
1711 1295 1949 1385 ignorantiam
1966 1315 2061 1374 taxat

48 1335 165 1410 Gema
186 1341 387 1460 dehfumet
422 1367 485 1436 ‘1¹¹¹
506 1353 631 1413 mm
654 1356 770 1462 ΜΡ
789 1349 1019 1417 mmmmm·
1070 1372 1253 1468 Christus,
1280 1399 1314 1457 et
1329 1388 1508 1476 adfirmat,
1533 1393 1630 1485 quod
1651 1395 1736 1469 velit
1753 1397 1933 1473 instituere
1951 1402 2059 1471 mini-

47 1459 114 1510 Μ
140 1462 180 1512 ²⁰
200 1438 271 1512 ΒΕ]
295 1445 501 1515 ¹⁰³⁰d³l¹¹¹⁰
524 1465 665 1514 ΜΕΝ
690 1445 831 1514 ⁸⁰¹¹¹³m
856 1448 1019 1518 mm‘d‘·
1069 1480 1215 1552 sterium
1240 1485 1445 1586 remittendi
1471 1509 1632 1584 peccata,
1657 1497 1747 1569 sicut
1763 1501 1866 1573 dicit:
1894 1501 2059 1596 Quorum

46 1539 116 1612 flul·
163 1540 243 1614 ΗΜ
257 1567 400 1639 ‘lumin‘
416 1542 546 1639 9⁰¹5oe
562 1539 725 1617 Cbffllu’
739 1545 864 1620 l⁰l¹¹l¹0
1069 1583 1275 1660 remiseritis
1291 1603 1443 1680 peccata.

129 1677 197 1750 Sed
223 1680 263 1749 in
286 1674 352 1752 hac
376 1680 461 1773 ipsa·
474 1702 589 1772 poena
608 1673 676 1752 ltoc
691 1680 909 1755 observetur.
960 1681 1017 1755 la·
1169 1685 1283 1760 Addit
1296 1686 1460 1766 Christus
1481 1693 1714 1788 miraculum,
1740 1713 1780 1776 ut
1804 1705 1849 1779 sit
1869 1701 1975 1777 huius
1991 1707 2057 1778 ‹lo-

45 1789 127 1850 ctura
148 1803 339 1870 porcorum
361 1805 425 1872 per
449 1803 579 1851 senon
602 1796 653 1854 est
671 1805 816 1874 magna,
842 1787 900 1855 scd
918 1788 1014 1880 quod
1068 1785 1202 1858 ctrinae
1217 1789 1471 1873 testimonium.

10 1891 12 1940 ἰ
44 1879 262 1969 significatur,
294 1875 363 1954 hoc
384 1883 483 1954 triste
506 1907 545 1954 ac
566 1883 826 1975 deplorandum
848 1899 915 1957 est:
948 1882 1014 1958 ho·
1173 1887 1275 1963 lubet
1290 1889 1476 1983 Christus,
1501 1909 1541 1968 nt
1564 1899 1667 1972 tollat
1682 1905 1913 1993 grabbatum,
1938 1907 2056 1992 idest,

44 1980 139 2052 mines
159 1983 294 2058 scilicet
318 1984 475 2075 ingratos
489 1981 685 2074 Evangelio
708 1987 747 2056 io
763 2009 891 2081 porcos
909 1989 1014 2059 terri·
1066 2003 1204 2080 accepta
1227 1993 1434 2067 remissione
1452 1998 1659 2090 mitigantur
1682 2027 1837 2096 poenae,
1867 2031 2056 2102 possumus

45 2081 96 2150 bili
116 2081 393 2178 metamorphosi
414 2083 592 2172 converti,
624 2098 660 2158 et
683 2087 865 2159 domicilia
887 2089 1014 2159 diabo-
1065 2101 1200 2180 gestare
1212 2095 1435 2183 grabbatum.

45 2183 143 2256 lomm
162 2187 259 2274 fieri,
290 2183 358 2258 hoc
379 2189 545 2281 inquam,
570 2187 670 2280 triste
691 2211 731 2258 ac
754 2191 1011 2281 deplorandum
1484 2271 1493 2290 ι
1582 2249 1589 2258 .
1849 2281 1857 2298 ι

46 2298 99 2371 est,
121 2287 227 2384 idque
252 2287 290 2360 in
316 2285 381 2360 hac
403 2291 559 2380 imagine
580 2289 808 2379 significatur.
861 2289 907 2363 Et
922 2291 1012 2363 vidit
1244 2261 1314 2334 ne
1337 2273 1586 2340 ”mmm
1611 2271 1868 2348 maltham·

45 2401 119 2456 aetas
144 2405 264 2461 nostra
292 2391 449 2482 exempla
473 2386 660 2462 horribilia
683 2385 1015 2486 Anabaptistamm,
1113 2383 1168 2458 El
1190 2411 1269 2460 tum
1293 2393 1469 2466 transire!
1495 2393 1580 2468 inde
1598 2393 1727 2486 Jews,
1752 2401 1843 2476 vt'dt'l
1866 2401 2051 2480 homiuem

44 2490 222 2584 quiquam
253 2493 354 2565 tetris
379 2495 579 2578 furoribus,
613 2505 648 2564 et
669 2493 860 2564 sceleribus
883 2495 1008 2566 diabo-
1163 2484 1342 2564 sedentem
1376 2495 1417 2566 in
1453 2495 1610 2589 telonio,
1658 2501 1899 2580 Matthaeum
1931 2513 2052 2582 nonti-

44 2587 105 2660 licis
123 2613 195 2663 sese
217 2594 432 2683 polluerint,
466 2609 500 2668 et
521 2617 619 2666 nunc
643 2616 716 2666 sese
739 2595 921 2688 polluant,
953 2619 1010 2668 res
1164 2615 1208 2661 m
1228 2601 1288 2668 etc.
1716 2637 1722 2644 ·
1924 2623 1927 2630 ·

43 2688 119 2780 ipsae
139 2706 173 2765 et
190 2689 359 2769 historiae
375 2696 489 2770 nostri
506 2697 676 2792 temporis
690 2697 874 2771 evidenter
888 2711 1008 2772 osten·
1135 2691 1178 2764 lu
1204 2699 1364 2790 exemplo
1396 2697 1569 2773 Matthaei
1594 2702 1757 2812 Christus
1789 2709 1863 2802 ipse
1892 2710 2049 2786 ostendit

44 2791 129 2880 dunt,
153 2810 216 2872 etc,
919 2811 923 2820 ’
1060 2795 1353 2886 applicationem,
1385 2805 1481 2894 quod
1509 2804 1555 2876 sit
1585 2809 1826 2881 testimoninm
1848 2817 2048 2888 communis

215 2883 216 2886 ’
1059 2896 1240 2968 doctrinae
1253 2895 1451 2990 Evangelii,
1475 2907 1572 3000 qood
1588 2911 1755 2981 omnibus
1769 2914 1944 3004 praedicat
1961 2941 2047 3008 poe-

48 1251 91 1306 tas
110 1260 148 1308 ac
169 1239 367 1310 desertores
389 1240 524 1312 rituum
541 1239 655 1330 gentis
670 1237 883 1314 Israeliticae
898 1245 937 1313 in
955 1239 1021 1316 bac

385 3031 422 3122 c
530 2971 533 2978 ’
569 3035 635 3120 IX
1059 2998 1265 3084 nitentiam,
1291 3002 1407 3092 arguit
1427 3021 1564 3096 peccata
1587 3009 1626 3079 in
1643 3013 1828 3100 omnibns,
1855 3029 1888 3104 et
1903 3041 2048 3090 annun-

423 3043 524 3144 apul
637 3097 648 3122 ⁸
1060 3099 1122 3170 tiat
1152 3100 1396 3172 remissionem
1424 3122 1657 3200 peccatorum⁸
1673 3116 1840 3186 omnihus
1860 3119 2046 3208 agentibus
2075 3143 2078 3150 ’

240 3175 338 3242 Vem'l
360 3175 398 3243 ln
416 3175 591 3262 propriam
612 3175 791 3245 deitatem.
1060 3201 1333 3290 poenitentiam,
1359 3219 1394 3276 et
1416 3209 1649 3303 credentibus
1666 3217 1812 3288 remittit
1835 3221 1942 3310 gratis
1959 3245 2045 3312 pro-

180 3334 367 3425 Quaefust
385 3335 529 3427 propri,
548 3331 845 3410 civimffiflffip
1058 3314 1136 3392 pter
1161 3297 1365 3392 Christum,
1405 3307 1502 3382 iuxta
1531 3313 1683 3384 dictum:
1722 3311 1813 3386 Vivo
1843 3343 1924 3412 rgo,
1957 3323 2045 3396 dicit

393 3450 442 3526 Ca
1057 3401 1250 3488 Dominus,
1284 3407 1368 3478 nolo
1390 3424 1539 3483 mortem
1563 3418 1774 3506 peccatoris,
1809 3425 1869 3491 sed
1893 3438 1935 3497 ut
1956 3450 2044 3496 con-

445 3477 629 3544 P‘maum·
1058 3517 1215 3576 vertatur
1230 3519 1265 3577 et
1280 3505 1387 3592 vivat.

119 3583 264 3674 Qum?
322 3585 417 3678 Quia
441 3588 510 3682 luit
528 3590 764 3684 municipium
787 3588 1004 3679 R⁰¹⁰⁸¹¹l¹ffls
1157 3603 1213 3677 Sit
1234 3607 1344 3699 igitur
1361 3605 1562 3684 Matthaeus
1584 3619 1802 3711 exemplum,
1828 3627 1923 3718 quod
1948 3627 2042 3700 filius

41 3677 92 3752 full
105 3709 180 3777 ergo
194 3689 249 3761 lbi
268 3688 374 3777 civit,
400 3704 441 3761 ut
457 3703 547 3762 ettet
563 3691 684 3766 tutior·
1054 3702 1120 3778 Dei
1142 3730 1224 3778 vere
1245 3711 1393 3806 recipiat
1414 3736 1538 3787 omnes
1554 3733 1695 3810 agentes
1710 3723 1982 3818 poenitentiam,
2006 3741 2042 3801 et

121 3803 192 3876 lam
215 3808 350 3900 cogita,
374 3833 481 3904 quam
504 3810 626 3902 pulcer
639 3822 751 3882 status
763 3811 868 3882 luerit
882 3812 922 3880 in
937 3811 1001 3881 illo
1052 3807 1161 3898 gratis
1176 3807 1332 3904 recipiat.

40 3903 168 4000 oppido,
198 3899 264 3981 irbi
284 3911 448 3992 luerunt,
474 3924 594 4004 pastor
616 3909 748 3997 lairus,
774 3926 810 3985 et
829 3910 1000 3985 Centurio
1363 3909 1410 3987 Et
1426 3918 1546 4008 regula
1564 3921 1610 3992 sit
1626 3937 1726 3995 nota:

40 4005 234 4098 capitaneus,
259 4025 294 4083 et
317 4005 355 4080 hi
373 4015 519 4084 luerunt
533 4012 639 4083 amici
651 4009 814 4097 Christo,
840 4016 1000 4087 etmulta
1154 4009 1236 4081 Non
1264 4015 1347 4085 veni
1370 4041 1497 4105 uocare
1527 4017 1655 4108 iustos,
1688 4027 1749 4095 sed
1772 4042 1971 4121 peccatores
1991 4031 2038 4102 ad

39 4099 172 4184 lecerunt
192 4116 237 4184 de
258 4113 334 4184 eius
355 4113 517 4188 consitio.
570 4113 624 4186 Ita
648 4139 728 4187 vere
748 4113 1000 4188 suiturbsCa-
1055 4112 1321 4204 poenitentiam.
1365 4113 1557 4190 Etdiserte
1569 4123 1671 4196 dicit:
1698 4122 1756 4197 Ad
1772 4130 2040 4220 poenitentiam,

39 4221 206 4301 perosum,
251 4214 288 4285 id
329 4229 401 4288 est,
446 4211 667 4310 Θῴῡηῡοῑῇ,
717 4241 865 4289 amoena
904 4217 1000 4290 villa.
1053 4213 1130 4284 volt
1152 4238 1216 4284 nos
1234 4212 1331 4288 Deus
1350 4221 1393 4290 ad
1415 4243 1453 4290 se
1475 4223 1654 4311 converti,
1680 4247 1755 4298 non
1778 4231 1854 4305 vult
1873 4254 1940 4302 nos
1961 4257 2037 4306 ma-

39 4295 183 4393 Optimos
202 4328 313 4388 status
330 4330 400 4402 est,
432 4318 577 4414 quando
600 4331 721 4413 pastor
742 4333 776 4392 et
797 4320 999 4414 capitaneus
1050 4339 1134 4384 uere
1150 4315 1189 4384 in
1202 4317 1340 4390 delictis
1355 4335 1478 4393 contra
1494 4325 1775 4405 conscientiam.¹

39 4422 103 4480 sunt
118 4417 217 4489 amici
234 4413 385 4500 Christi,
411 4433 476 4497 εις,
1071 4423 1076 4430 ’
1151 4413 1248 4488 Haec
1270 4433 1322 4492 est
1344 4441 1482 4496 summa
1505 4429 1670 4520 exempli.
1723 4427 1827 4501 Nunc
1854 4433 2035 4510 videamus

1048 4531 1177 4608 partes.

310 4621 379 4693 De
401 4623 693 4716 paralytico.

118 4743 218 4824 Fides
240 4753 353 4826 aliena
379 4757 522 4846 prodest
547 4759 592 4827 ad
615 4757 726 4828 multa
751 4757 845 4829 bona
867 4781 994 4850 corpo-

39 4839 108 4914 ralia
126 4851 200 4923 aliis
220 4855 454 4947 impetranda.
514 4856 584 4929 Sed
607 4858 848 4930 remissionem
873 4884 995 4951 pecca·
1047 4889 1110 4974 εἰς,

40 4947 133 5016 torum
148 4969 281 5044 oportet
298 4958 493 5052 quemlibet
509 4960 666 5056 accipere
682 4959 824 5054 propria
838 4962 917 5038 lide.

1418 4687 1664 4751 retostus.

1152 4786 1181 4860 l.
1233 4786 1354 4862 Status
1379 4795 1505 4886 populi
1522 4793 1740 4894 'ludaeorum
1762 4805 1830 4877 luit
1850 4807 2034 4878 miserabi-

1143 4889 1247 4962 multi
1271 4890 1418 4980 Levitae
1445 4895 1527 4967 lacti
1554 4917 1636 4972 sunt
1659 4905 1796 4978 scribae
1821 4922 1854 4977 et
1879 4909 2034 4980 ntinistri

1046 4990 1340 5083 publicanorum,
1388 5010 1422 5069 et
1464 4999 1649 5088 publicani
1691 5007 1850 5101 plerique
1888 5009 2034 5083 inerunt

117 5075 182 5153 llic
212 5087 425 5183 paralyticus
456 5102 491 5161 et
518 5091 632 5162 aliena
663 5090 733 5162 fide
759 5093 917 5164 adfertur
945 5093 990 5164 ad
1044 5087 1214 5178 Euboici,
1244 5109 1280 5166 et
1303 5095 1623 5176 valdeoneramnt
1649 5101 1810 5179 homines
1836 5111 1972 5194 usuris„
1998 5127 2034 5186 et

40 5161 209 5282 Christum,
234 5204 267 5261 et
281 5190 356 5282 ipse
371 5185 477 5262 habet
493 5193 673 5285 propriam
689 5193 813 5282 fidem,
838 5217 917 5266 cum
932 5193 991 5264 di·
1042 5216 1167 5266 eorum
1195 5195 1332 5268 scribae
1361 5197 1523 5272 vixerunt
1546 5199 1703 5278 Ethnico
1733 5233 1832 5280 more
1854 5214 1950 5302 apud
1973 5238 2033 5287 eos

41 5282 111 5346 etur
124 5282 167 5352 ei:
190 5287 436 5366 Remittentur
449 5292 514 5366 tibi
530 5310 672 5388 peccata
688 5308 762 5372 tua.
1042 5309 1110 5372 etc.
1160 5293 1239 5370 lloc
1256 5320 1423 5393 magnum
1437 5301 1597 5380 dolorem
1611 5310 1732 5382 attulit
1746 5311 1893 5390 sanctis.
1996 5365 2003 5372 -
