4714 5826
72 153 115 226 ts
492 147 539 222 x.
590 134 896 218 EXPLlCATlO
923 131 1337 260 ruovuuntottutt
1363 134 1694 242 summonte·
2045 146 2095 220 50

1452 306 1591 421 Caput
1627 313 1749 400 XXI.

1156 469 1247 549 Non
1270 483 1321 545 est
1345 472 1548 573 sapientia,
1575 501 1650 548 uon
1670 472 1888 578 prudentio,
1914 503 1988 552 uon
2007 505 2093 554 con·
2125 521 2133 546 ι

1208 574 1338 648 silium
1357 585 1483 647 contro
1501 573 1639 652 Deum.

1156 677 1292 779 Equus
1311 687 1474 775 paratur
1494 673 1550 748 od
1569 677 1665 754 diem
1691 678 1796 770 betti,
1822 708 1847 754 a
1868 681 1952 756 Deo
1971 657 2093 759 antem

1209 791 1260 853 est
1276 779 1441 855 victorio.

70 327 160 396 ribus
181 323 358 409 strendis,
382 343 472 416 quae
489 319 588 390 iubet
609 317 720 399 ferre,
748 329 782 386 et
804 314 911 386 simul
936 326 1053 406 petere

69 445 101 500 et
120 440 302 516 expectare
322 425 496 495 auxilium
528 445 547 492 a
568 417 665 504 Deo,
698 419 789 488 sicut
811 415 947 496 Paulus,
966 410 1053 485 haec

71 529 267 618 coniungit:
296 527 448 626 Semper
462 525 629 614 gaudete,
656 544 795 614 semper
807 519 935 610 gratias
951 518 1053 606 agite,

69 653 198 724 semper
211 643 323 700 orate.

112 865 342 939 Haereditos
364 860 551 963 adquam
572 855 941 960 properaturarum,
968 866 1053 926 ton-

77 997 81 1004 .
163 965 246 1042 dm,
264 961 508 1040 hemmam
526 964 669 1036 ,mm
1208 915 1344 1008 Regula
1374 917 1568 988 necessaria
1597 934 1649 990 est
1680 918 1790 1005 vitae,
1828 923 1989 995 facienda
2007 944 2094 998 ‘esse

1106 1021 1222 1091 officia
1239 1020 1456 1104 vocationis,
1481 1034 1514 1090 et
1530 1022 1723 1111 petendum
1736 1043 1810 1091 esse
1826 1025 1997 1096 auxilium
2008 1025 2092 1100 Dei:

161 1121 397 1215 Praeceptum
434 1135 485 1192 est
523 1123 567 1189 de
606 1116 820 1211 expectanda
857 1115 1053 1187 vocatione.
1108 1124 1153 1192 ita
1176 1118 1255 1190 Deo
1284 1122 1428 1192 iuvante
1451 1121 1591 1191 labores
1613 1121 1704 1194 fiunt
1725 1123 1832 1194 utiles
1857 1141 1892 1196 et
1914 1127 2095 1202 salutares.

68 1227 223 1296 Absalon
241 1225 413 1317 potuisset
429 1223 506 1291 lieri
523 1247 602 1306 rex,
629 1222 657 1290 si
675 1231 886 1309 expectasset
903 1230 1052 1286 mortem
1107 1223 1175 1296 Sed
1195 1223 1325 1294 iniusta
1345 1222 1511 1312 negocia,
1536 1236 1598 1292 aut
1612 1224 1816 1296 curiositate
1831 1243 2008 1319 suscepta,
2034 1247 2096 1304 aut

68 1329 191 1420 patris,
217 1328 278 1396 sed
302 1327 385 1418 quia
406 1339 486 1394 aute
501 1339 639 1416 tempus
656 1336 690 1390 et
705 1321 780 1388 sine
797 1320 982 1387 vocatione
996 1340 1053 1385 ra·
1107 1313 1337 1420 quaecunque
1367 1323 1511 1414 negocia
1538 1309 1697 1414 suscepto
1720 1325 1796 1396 sine
1818 1329 1945 1400 fiducia
1970 1329 2038 1403 Dei
2057 1349 2096 1407 et

68 1432 113 1518 pit
126 1428 435 1514 dominationem,
461 1448 584 1497 rursus
600 1424 776 1494 excutitur
792 1434 825 1490 ct
840 1419 1054 1512 opprimitur
1106 1428 1349 1511 invocatione,
1380 1441 1463 1496 sunt
1487 1426 1661 1511 infelicia,
1688 1429 1825 1500 etiamsi
1847 1453 1972 1521 magna
1994 1437 2095 1506 calli-

68 1528 301 1602 bnrribilibus
320 1528 455 1621 poenis.
497 1525 593 1596 *Filii
610 1521 784 1618 Ephraim
807 1537 886 1591 aute
902 1519 1053 1614 Moysen
1106 1532 1196 1600 ditas
1213 1525 1413 1598 adhibetur.
1435 1533 1438 1544 '
1989 1583 1992 1590 .

68 1635 271 1703 invaserunt
288 1645 419 1703 terram
433 1627 677 1710 Cananaeam,
704 1625 836 1694 carnali
852 1623 980 1692 fiducia
997 1623 1053 1691 di·
1142 1711 1145 1716 ¹
1208 1631 1356 1721 Semper
1377 1630 1486 1720 igitur
1502 1629 1540 1699 in
1559 1646 1747 1720 conspectu
1768 1633 1838 1703 sint
1855 1650 2037 1727 praecepta
2050 1641 2095 1710 de

68 1737 166 1804 vinae
182 1733 451 1844 promissionis,
476 1732 558 1824 quia
574 1731 675 1820 stirpi
693 1721 859 1798 Abrahae
876 1738 966 1794 terra
984 1721 1054 1796 Ca·
1107 1731 1315 1804 Vocatione.
1370 1730 1418 1804 Ut
1441 1735 1484 1802 ad
1507 1727 1633 1802 Thess.
1656 1733 1775 1828 inquit
1788 1733 1938 1807 Paulus:
1965 1739 2095 1812 Ambi.

69 1861 157 1908 naan
172 1837 345 1929 promissa
362 1849 452 1904 erat:
478 1835 537 1902 sed
555 1832 636 1925 quia
652 1831 728 1906 sint·
744 1829 946 1906 vocallonss
973 1850 1054 1918 pet·-
1107 1836 1194 1904 tiose
1223 1832 1290 1904 hoc
1319 1835 1431 1924 agite,
1466 1846 1505 1902 ut
1538 1834 1679 1924 propria
1708 1836 1854 1908 faciatis.
1908 1835 2016 1927 ltem,
2050 1845 2094 1914 ad

68 1940 227 2010 suasione
252 1933 409 2007 hu’mana
433 1947 578 2003 movent
600 1935 751 2014 bellum,
779 1927 1054 2007 interficiuntur,
1106 1932 1329 2006 Corinthios:
1364 1933 1445 2024 Qua
1472 1936 1658 2006 vocatione
1686 1939 1836 2032 quisque
1866 1956 2010 2014 vocatus
2032 1960 2095 2032 est,

70 2057 103 2110 et
138 2053 250 2110 totum
281 2038 469 2110 consilinm
501 2036 629 2106 inutile
661 2035 749 2116 fuit,
791 2033 823 2104 1.
847 2030 1054 2119 Paralip'l.
1107 2039 1144 2107 in
1166 2063 1204 2107 ea
1229 2039 1398 2114 ambulet.
1450 2034 1497 2108 Et
1519 2037 1648 2106 deinde
1672 2055 1855 2131 praecepta
1879 2044 1924 2112 de
1948 2045 2094 2118 invoca.

10 5383 12 5430 l

10 5477 11 5532 l

69 2141 261 2212 Promissio
282 2141 379 2209 enim
404 2140 551 2208 dederat
573 2139 627 2206 ius
648 2139 805 2218 adrem,
832 2133 994 2201 nondum
1015 2132 1052 2198 in

69 2271 115 2314 re.
164 2241 302 2314 Contra
323 2266 407 2311 vero
423 2238 538 2310 David
558 2239 623 2308 etsi
641 2238 704 2306 scit
720 2236 786 2304 sibi
805 2258 951 2324 reguum
970 2257 1053 2322 pro-

70 2349 210 2416 missum
242 2367 336 2427 esse,
369 2356 488 2412 tamen
517 2342 599 2410 vivo
624 2339 730 2412 Saule
763 2360 984 2429 nequaquam
1019 2358 1054 2403 se

72 2450 229 2518 nominat
250 2469 386 2536 regem,
412 2468 477 2513 nec
499 2443 601 2514 illum
626 2466 667 2510 ex
688 2463 797 2528 regno
815 2438 963 2516 excutit,
990 2461 1054 2506 nec

73 2575 143 2619 eum
173 2548 361 2632 interficit,
395 2570 473 2616 cum
499 2547 606 2614 iustas
628 2565 749 2612 causas
772 2537 938 2623 haberet,
971 2539 1052 2630 quia

67 2651 152 2722 Saul
188 2651 415 2722 interfecerat
446 2649 662 2728 sacerdotes,
703 2658 736 2714 et
767 2666 868 2735 saepe
898 2653 1054 2710 armatus

69 2755 254 2846 quaerebat
273 2751 396 2834 illum,
423 2760 463 2819 ut
475 2763 555 2818 cum
570 2747 792 2817 interficeret.

171 2868 418 2942 Disceruamus
439 2867 549 2956 igitur
563 2864 755 2936 necessaria
771 2886 789 2932 a
806 2886 879 2931 non
896 2885 1053 2934 necessa-

69 2975 147 3059 riis,
172 2988 207 3044 et
222 2967 316 3041 nihil
332 2970 408 3042 siue
425 2969 608 3041 vocatione
627 2981 771 3058 cogente
790 2987 1003 3036 moveamus.

115 3211 251 3288 Ruina
269 3225 321 3287 est
337 3210 493 3294 homini,
519 3219 649 3282 sancta
665 3203 883 3280 contumelia
896 3202 1055 3304 afficere,

168 3328 200 3389 el
214 3327 341 3415 postea
360 3325 442 3386 vota
452 3314 590 3414 facere.

168 3467 213 3538 ln
222 3465 348 3537 Latina
366 3464 556 3557 scriptione
571 3475 604 3530 et
621 3461 780 3530 versione
797 3459 945 3527 mendae
959 3469 1054 3540 sunt,

70 3595 155 3664 quae
176 3571 421 3662 praebuerunt
441 3567 658 3634 occasionem
681 3562 805 3630 alienis
822 3576 855 3630 et
871 3583 1052 3628 commcn-

70 3674 154 3744 titiis
183 3668 555 3759 interpretationibus,
598 3679 631 3734 et
661 3661 976 3732 accommoclatioui
1008 3664 1051 3727 ad

69 3781 145 3844 rota
168 3772 378 3842 monastica.
447 3769 629 3840 Caeterum
653 3765 853 3836 Salomonis
880 3763 1051 3830 sententia

70 3877 251 3966 perspicua
278 3887 338 3941 est.
399 3871 511 3940 Taxat
540 3868 801 3938 usitatissimam
832 3864 1053 3954 superstitio-

69 4003 146 4046 nem
162 3977 338 4046 maximae
350 3975 458 4064 partis
473 3969 679 4050 hominum,
706 3969 766 4059 qui
785 3967 908 4056 polluti
926 3965 1052 4056 impie-

68 4094 154 4162 tate,
179 4079 267 4147 odio
284 4071 468 4162 Evangelii
484 4088 517 4141 et
532 4073 609 4140 aliis
625 4069 814 4138 sceleribus
828 4082 949 4136 contra
967 4091 1052 4136 con-

69 4182 268 4258 scientiam,
301 4191 420 4268 postea
448 4175 662 4244 ceremonias
691 4171 825 4262 aliquas
857 4169 958 4237 anxie
987 4171 1052 4236 ob-

70 4297 227 4361 servant,
254 4293 289 4349 ct
314 4291 457 4368 propter
479 4273 542 4344 bas
565 4273 743 4350 somniant
760 4297 796 4342 se
811 4269 887 4338 Deo
904 4271 1051 4358 placere,

71 4401 98 4455 et
120 4409 158 4454 se
180 4382 336 4452 efferunt
359 4403 463 4469 supra
487 4378 593 4460 alios,
617 4389 655 4443 ut
670 4371 821 4464 Hispani
843 4373 994 4440 adulteri
1019 4385 1053 4440 ct

72 4487 182 4555 sicarii
213 4504 339 4571 magna
363 4479 589 4552 solicitudine
613 4491 771 4564 spectant
794 4474 961 4557 Missam,
993 4488 1052 4542 aut

70 4589 101 4656 iu
131 4586 232 4657 leriis
260 4583 364 4653 certis
384 4583 524 4674 publica
551 4578 786 4670 flagellatione
807 4578 960 4645 lacerant
983 4589 1053 4644 tcr-

71 4712 156 4775 gnra.

167 4807 287 4899 Supra
316 4819 431 4874 autem
457 4807 500 4873 de
524 4801 790 4874 discriminibus
812 4795 970 4866 cultuum
997 4797 1053 4864 di-

71 4923 159 4982 ctum
186 4925 259 4990 est,
286 4907 323 4975 iu
347 4907 537 4977 sententia:
565 4904 739 4974 Victimae
761 4899 953 4990 impiorum
970 4899 1053 4968 abo·

71 5014 239 5095 minatio,
269 5008 385 5079 oratio
412 5023 528 5078 autem
558 5020 734 5077 rectorum
760 5003 874 5094 placet
897 4995 971 5069 Deo
991 5013 1054 5072 etc.

72 5109 114 5185 Et
133 5111 368 5184 Ecclesiastae
386 5107 421 5184 4.
442 5111 589 5180 dicitur:
618 5105 750 5178 Melior
772 5117 824 5174 est
843 5102 1057 5202 obedientia,

1107 2141 1203 2210 tione
1220 2141 1308 2222 Dei,
1336 2154 1370 2209 et
1394 2138 1626 2229 promissione
1649 2140 1795 2223 auxilii,
1822 2157 1860 2212 ut
1879 2143 1917 2211 in
1934 2144 2093 2221 Psalmo:

1107 2239 1324 2313 Commeuda
1340 2241 1416 2312 Deo
1440 2240 1533 2308 viam
1554 2252 1671 2325 tuam,
1699 2253 1733 2310 et
1755 2265 1857 2334 spera
1879 2243 1919 2314 in
1933 2224 2032 2330 eum,
2060 2266 2094 2322 et

1107 2346 1180 2435 ipse
1195 2345 1308 2413 saciet.
1363 2341 1462 2427 ltem,
1483 2343 1525 2410 ad
1542 2337 1767 2412 Corinthios:
1794 2342 1961 2424 Nonerit
1975 2349 2094 2423 inanis

1106 2447 1209 2516 labor
1238 2460 1352 2516 vester
1381 2445 1419 2513 in
1449 2441 1619 2516 Domino.
1678 2439 1726 2514 Et
1757 2441 1981 2524 {ohan-15.:
2018 2451 2092 2544 Qui

1107 2564 1226 2628 manet
1250 2547 1288 2616 iu
1311 2572 1386 2636 me,
1413 2559 1447 2616 et
1469 2568 1531 2636 ego
1556 2545 1595 2616 in
1616 2569 1678 2634 eo,
1705 2540 1764 2618 hic
1779 2549 1847 2624 lert
1860 2551 2016 2625 fructum
2032 2579 2093 2628 co·

1107 2677 1258 2744 prosum.

1209 2753 1283 2824 Has
1301 2753 1558 2826 consolationes
1575 2775 1799 2851 opponamus
1812 2754 2092 2847 difficultatibus,
2111 2831 2115 2837 ,

1107 2881 1196 2952 quae
1216 2857 1480 2946 langueiaciunt
1503 2855 1657 2941 animos,
1683 2855 1886 2927 dubitantes
1902 2871 2021 2930 utrum
2037 2862 2091 2932 la·
2162 2921 2167 2929 .
2194 2855 2201 2868 ⁸

1108 2961 1173 3031 bor
1194 2960 1400 3049 profuturus
1423 2959 1479 3030 sit.
1527 2955 1576 3028 Et
1598 2959 1685 3028 fides
1707 2969 1742 3027 et
1760 2959 1937 3031 invocatio
1956 2964 2093 3032 exusci-

1107 3063 1213 3132 tanda
1236 3073 1306 3146 est,
1330 3074 1364 3131 et
1387 3083 1446 3152 spe
1468 3059 1590 3130 auxilii
1614 3059 1729 3129 divini
1745 3059 1885 3130 labores
1900 3063 2023 3134 sedulo
2039 3065 2092 3136 la·

1107 3163 1224 3235 ciendi
1247 3177 1347 3248 suut,
1379 3176 1414 3232 et
1436 3161 1618 3231 sciendum
1642 3176 1713 3243 est,
1739 3158 1856 3232 Deum
1878 3164 1967 3233 velle
1989 3188 2092 3237 exer-

1107 3267 1178 3358 ceri
1195 3266 1319 3350 tidem,
1346 3263 1606 3334 invocationem
1624 3276 1657 3335 et
1671 3285 1769 3354 spem
1786 3263 1824 3332 iu
1843 3260 1898 3335 his
1913 3270 2092 3340 aerumnis

1107 3369 1279 3457 graduum
1298 3365 1409 3448 vitae,
1433 3379 1474 3434 ut
1489 3363 1650 3436 Psalmus
1666 3364 1800 3458 inquit:
1828 3364 2000 3440 Subditus
2016 3384 2091 3444 esto

1107 3471 1200 3552 Deo,
1226 3482 1260 3537 ct
1273 3492 1333 3536 ora
1352 3491 1432 3536 eum
1448 3478 1513 3536 etc.

1210 3569 1369 3640 Sciamus
1392 3567 1496 3637 etiam
1514 3569 1622 3638 taxari
1638 3567 1801 3639 fiduciam
1818 3584 2018 3642 nostrarum
2037 3575 2091 3643 vi·
2196 3636 2203 3648 ,

1107 3675 1219 3754 rium,
1243 3661 1612 3768 πολυπραγμοσύνην
1629 3686 1662 3742 et
1675 3665 1899 3764 κακοζηλίαν
1916 3688 1980 3746 etc.
2031 3673 2091 3746 lu-

1105 3790 1161 3844 xta
1186 3771 1248 3842 has
1268 3774 1476 3843 sententias:
1507 3770 1589 3844 Nou
1612 3786 1661 3843 est
1685 3772 1877 3863 sapientia,
1910 3799 1983 3848 non
2006 3799 2089 3864 pru-

1106 3879 1244 3955 dentia,
1272 3900 1345 3944 nou
1370 3873 1557 3943 consilium
1583 3889 1706 3944 contra
1723 3870 1931 3949 Dominum.
1984 3875 2089 3948 ltcm:

1107 3979 1185 4048 Non
1207 3990 1320 4070 potest
1346 3977 1412 4076 sibi
1436 3971 1544 4045 homo
1566 3999 1704 4047 sumere
1726 3976 1935 4076 qrricquam,
1960 3978 2030 4048 nisi
2045 3981 2092 4052 sit

1106 4081 1136 4148 ei
1161 4083 1284 4150 datum
1312 4103 1330 4146 a
1354 4073 1443 4148 Deo.
1496 4071 1600 4145 ltem:
1628 4075 1705 4146 Nisi
1729 4073 1904 4148 Dominus
1926 4079 2092 4151 aedilita-

1106 4181 1196 4266 verit
1226 4183 1391 4264 domum,
1425 4180 1462 4246 iu
1496 4201 1624 4247 vanum
1659 4179 1841 4264 laborant,
1874 4181 1936 4274 qui
1968 4184 2093 4253 aedifi.

1105 4298 1187 4354 cant
1207 4306 1293 4352 cam.

1282 4599 1286 4614 Ι
1367 4505 1372 4516 ’
1436 4471 1575 4592 Caput
1617 4427 1761 4569 XXll.

1158 4645 1300 4821 Meliuls
1327 4657 1391 4746 'est
1430 4669 1560 4715 nomen
1596 4645 1748 4732 bonum,
1795 4621 1908 4746 purim
1943 4645 2094 4720 divitiae

1210 4778 1270 4820 mu
1290 4762 1360 4825 loe.

1210 4891 1320 4963 Recte
1336 4889 1485 4959 dicitur:
1512 4883 1613 4956 Bona
1627 4887 1838 4957 conscientia
1850 4884 1938 4956 mibi
1949 4903 2096 4986 propter

1109 4995 1223 5066 Deum
1257 5017 1346 5084 opus
1374 5004 1443 5076 est,
1474 4989 1568 5058 bona
1599 4989 1691 5058 fama
1716 5004 1860 5080 propter
1882 4990 2096 5079 proximum.

1108 5099 1154 5170 Et
1177 5097 1358 5168 sciendum
1378 5107 1446 5177 est,
1471 5088 1610 5160 Bonam
1628 5092 1757 5158 famam
1775 5113 1848 5158 esse
1864 5113 1938 5160 rem
1954 5093 2099 5182 bonam,

73 5239 172 5310 qoam
195 5214 390 5286 stultorum
411 5211 593 5297 victimae,
620 5207 684 5292 oui
706 5207 870 5278 nesciunt
884 5218 1055 5299 qnantum
1080 5263 1083 5280 ,
1108 5204 1143 5270 id
1168 5213 1236 5284 est,
1263 5195 1553 5290 approbationem
1573 5193 1767 5261 ordinatam
1787 5189 1913 5292 allen,
1940 5207 1975 5266 et
1989 5219 2097 5287 appe-

10 5349 11 5370 l
73 5319 152 5386 mali
167 5315 313 5388 faciant.

120 5424 299 5516 manaim.
319 5420 423 5485 Orru.
447 5419 528 5480 Von.
546 5413 639 5483 XlV.

1080 5283 1083 5388 l
1108 5305 1260 5400 tendam¹
1275 5323 1366 5384 esse,
1392 5297 1474 5392 quia
1492 5295 1591 5366 Deus
1614 5293 1691 5363 vult
1712 5293 1863 5385 publicis
1888 5297 2099 5370 testimoniis

1560 5393 1584 5466 4
