4590 5808
47 211 109 286 ur
270 206 353 288 xu.
406 133 804 288 suuorarrours
827 205 896 286 ar
922 199 1204 284 couctours
1230 201 1283 284 ru
1306 179 1492 284 avano.
1520 171 1801 285 narratae
1972 211 2048 286 asa

45 385 192 468 recitabo,
217 398 361 476 propter
373 405 461 481 quas
470 377 633 460 Christus
648 386 693 457 ad
709 385 907 456 sacerdotes
920 383 1007 455 istos
1059 375 1128 452 hoc
1150 379 1320 453 miraculo
1342 395 1376 454 et
1402 383 1482 454 aliis
1502 405 1564 453 eos
1587 383 1815 470 convincere,
1840 397 1881 456 ut
1901 387 2049 457 credant

44 500 159 558 sanatos
173 486 320 577 ablegat.
974 565 977 573 ¹
1058 507 1095 554 se
1117 507 1190 556 esse
1206 481 1393 569 Messiam,
1419 499 1453 558 et
1477 485 1516 554 in
1539 480 1604 555 hac
1620 487 1795 577 legatione
1809 489 2049 562 commoneta-

123 585 352 662 Primacausa
369 602 439 676 est,
464 578 706 684 vult'ipsosct
723 589 1006 679 universumge-
1057 586 1106 657 cit
1135 609 1215 672 eos,
1249 601 1290 659 ut
1318 588 1433 678 ipsum
1463 603 1656 678 agnoscant
1684 603 1717 660 et
1746 590 1938 682 recipiant,
1970 590 2048 662 vult

43 715 95 761 uus
114 685 302 762 humanum
324 693 628 764 commonefacere
651 689 719 764 hoc
740 693 929 779 mandato,
964 705 1005 763 ut
1057 689 1153 782 ipsos
1176 702 1210 759 et
1231 690 1379 760 nuntios
1400 705 1435 762 et
1457 705 1563 762 testes
1586 713 1660 761 esse
1683 693 1877 783 praesentis
1893 690 2047 762 Messiae

43 807 68 864 et
87 793 146 884 ipsi
168 807 202 865 et
224 817 289 866 nos
312 793 1003 884 omnesministerio-Sacerdotumlegi·
1056 815 1096 859 ac
1116 787 1357 864 Redemtoris.
1417 791 1502 886 Fuit
1527 793 1622 862 enim
1648 791 1893 866 Sacerdotium
1918 795 2047 865 veteris

41 896 126 980 timo,
150 908 182 965 et
204 919 224 965 a
244 920 281 966 se
297 897 510 991 constituto,
536 909 739 968 reverenter
755 910 789 968 et
804 899 848 968 ad
865 897 920 966 sui
935 919 1005 966 no·
1056 889 1276 964 Testamenti
1305 908 1450 986 propter
1481 889 1577 966 bunc
1607 895 1774 966 ultimum
1805 921 1845 966 ac
1866 920 2046 968 summurn

41 997 126 1067 niuis
145 998 291 1088 gloriam
314 1012 475 1074 utantur.
527 996 581 1070 Ac
600 999 704 1072 sicuti
719 994 785 1071 hos
800 1013 941 1072 sanatos
958 999 1004 1068 ad
1055 995 1161 1065 finem
1187 996 1362 1068 sancitum
1386 1020 1425 1067 ac
1446 999 1697 1088 constitutum,
1731 1011 1771 1068 ut
1794 1001 1937 1068 doceret
1959 1023 2046 1068 ven-

41 1098 217 1172 Sacerdotes
238 1101 408 1182 remittit,
435 1103 483 1172 ita
509 1101 686 1192 intelligas
709 1125 776 1172 nos
800 1124 943 1192 omnes,
969 1115 1004 1172 et
1055 1108 1176 1167 turum
1199 1120 1273 1166 esse
1290 1095 1477 1180 Messiam,
1504 1101 1566 1193 qui
1590 1101 1665 1192 ipse
1683 1103 1826 1172 iuturus
1841 1102 1887 1170 sit
1900 1101 2045 1170 victima

41 1200 171 1290 singulos
198 1204 365 1274 omnibus
390 1205 609 1294 temporibus
632 1207 677 1274 ad
702 1203 939 1275 ministerium
963 1203 1023 1290 iuw
1055 1212 1090 1269 et
1118 1199 1325 1291 propitiatio
1353 1227 1434 1272 vera
1460 1226 1525 1293 pro
1548 1201 1698 1294 peccatis
1720 1205 1858 1294 generis
1881 1197 2046 1294 humani,

40 1297 171 1372 Ecclesia
192 1305 340 1377 deduci:
375 1305 427 1376 ibi
449 1330 569 1377 vocem
592 1302 779 1398 Evangelii
800 1306 943 1391 audias,
967 1318 1004 1376 et
1055 1314 1089 1373 et
1111 1294 1202 1370 hanc
1225 1316 1410 1374 venturam
1429 1304 1609 1378 victimam
1626 1305 1762 1374 umbris
1779 1304 1851 1376 illis
1869 1328 1907 1374 ac
1923 1305 2046 1400 figuris

40 1427 88 1472 usu
107 1403 412 1480 sacramentorum
436 1407 541 1478 fidem
567 1409 773 1493 confirmes,
800 1403 869 1478 hoc
893 1407 1002 1476 mini-
1053 1401 1296 1473 Leviticorum
1324 1405 1577 1477 sacrificiorum
1606 1407 1808 1496 significari.
1860 1405 1913 1476 lta
1942 1410 2046 1478 docet

40 1506 120 1576 sterio
148 1509 234 1578 scias
259 1509 351 1580 velle
373 1508 489 1580 Deum
514 1505 709 1581 Ecclesiam
732 1523 909 1582 aeternam
932 1509 1001 1581 sibi
1053 1499 1232 1597 Baptista,
1266 1505 1448 1600 inquiens:
1482 1505 1574 1579 Ecce
1602 1533 1715 1599 agnus
1735 1507 1821 1594 Dei,
1857 1509 1918 1602 qui
1950 1509 2047 1594 tollit

40 1609 196 1698 colligere,
222 1625 353 1683 acum
371 1636 456 1681 voce
475 1608 582 1684 huius
599 1613 789 1684 ministerii
804 1627 839 1683 et
853 1635 920 1683 usu
935 1610 1001 1684 Sa·
1054 1621 1193 1698 peccata
1227 1611 1373 1694 mundi,
1406 1634 1446 1680 ac
1477 1611 1552 1681 siue
1582 1611 1763 1704 agnitione
1791 1624 1825 1681 et
1848 1611 1916 1680 fide
1937 1607 2045 1682 huius

40 1726 270 1784 crementorum
298 1715 390 1783 velle
421 1713 595 1785 efficacem
623 1739 713 1800 esse,
744 1729 779 1786 et
801 1709 870 1785 hoc
892 1715 1001 1784 modo
1053 1707 1223 1796 Messiae,
1266 1711 1496 1783 mactationes
1532 1713 1755 1784 victimarum
1793 1727 1826 1784 et
1856 1715 2046 1784 conciones

39 1824 64 1880 et
79 1837 140 1882 non
164 1815 268 1885 aliter
290 1810 454 1886 homines
478 1831 684 1888 convertere
706 1832 740 1889 et
763 1818 916 1898 salvare,
943 1840 1001 1886 re·
1052 1810 1284 1883 Sacerdotum
1319 1809 1510 1886 horribiles
1540 1816 1706 1887 tenebrae
1736 1830 1771 1887 et
1802 1813 2045 1887 ldolomaniae

37 1914 148 1986 mittere
170 1930 330 2008 peccata,
356 1933 390 1990 et
413 1919 517 1989 initia
538 1920 631 1990 vitae
656 1933 818 1991 aeternae
840 1921 879 1989 in
896 1919 1001 1988 nobis
1050 1914 1208 1985 fuerunt.

39 2018 207 2088 accendere.
267 2016 364 2090 Haec
389 2044 462 2092 esse
484 2045 565 2092 vera
588 2022 821 2092 certissimum
840 2036 916 2106 ¹est,
951 2020 1001 2090 ita

40 2117 108 2186 enim
129 2119 198 2211 ipsc
213 2118 393 2192 Dominus
415 2123 550 2216 inquit:
578 2121 678 2196 Sicut
701 2124 798 2194 misit
813 2147 868 2194 me
882 2121 1000 2208 Pater,

39 2218 71 2288 ita
82 2244 135 2311 ego
147 2223 249 2294 mitto
260 2247 334 2294 vos.
358 2224 519 2298 Ecatibi:
535 2223 609 2314 Qui
621 2249 684 2296 vos
694 2227 805 2310 audit,
822 2251 879 2296 me
889 2225 1000 2310 audit,

39 2321 82 2412 qui
99 2347 155 2394 vos
174 2325 332 2417 spernit,
356 2351 412 2397 me
426 2327 576 2420 spernit.
626 2325 807 2402 Rom.1.:
835 2323 999 2418 Evange-

38 2421 101 2494 lium
114 2441 160 2498 est
174 2422 336 2522 potentia
354 2426 422 2499 Dei
440 2432 484 2500 ad
501 2431 650 2501 salutem
666 2429 764 2499 omni
779 2432 950 2505 credenti.

112 2527 213 2600 Hunc
237 2531 403 2612 ordinem
425 2531 521 2604 Deus
546 2533 621 2623 ipse
644 2531 816 2603 immensa
840 2533 999 2604 bonitate

37 2624 69 2694 ita
93 2632 258 2722 saucivit,
291 2634 340 2704 sic
367 2635 446 2707 vult
476 2659 551 2705 esse
575 2635 713 2721 efficax,
745 2647 780 2706 et
803 2629 999 2706 Ecclesiam

36 2742 179 2803 artemam
207 2735 396 2826 colligere,
432 2748 466 2806 et
497 2739 541 2805 ad
569 2731 637 2808 hoo
657 2736 894 2810 ministerium
918 2761 938 2806 a
962 2760 999 2807 se

37 2833 178 2906 sancitum
224 2862 352 2908 omnes
399 2839 561 2919 deducit,
611 2839 757 2933 vultque
801 2839 999 2930 intelligere

37 2955 148 3022 annes,
170 2939 216 3011 ita
234 2963 292 3022 se,
319 2954 354 3012 et
371 2964 446 3010 nnn
462 2940 584 3023 aliter,
610 2941 785 3028 efficacem
800 2941 897 3033 fore,
922 2942 1001 3013 vult

35 3031 117 3121 igitur
140 3035 262 3113 vocem
286 3039 472 3134 Evangelii
502 3056 535 3113 et
557 3063 661 3114 usum
686 3041 998 3115 sacramentorum

36 3140 209 3228 magnifieri.
271 3144 325 3214 Ac
354 3146 484 3215 diserte
511 3168 552 3214 ac
579 3168 700 3214 severe
730 3142 917 3238 prohibet,
952 3170 998 3215 ne

35 3241 92 3330 quis
111 3265 143 3312 se
162 3246 283 3338 ipsum
303 3263 364 3320 aut
385 3269 449 3319 suo
472 3249 633 3339 exemplo
657 3247 746 3317 alios
768 3248 814 3319 ab
838 3243 906 3318 hoc
929 3249 999 3318 mi-

34 3341 153 3416 nisterio
178 3347 343 3421 abducat.
401 3348 516 3423 Sicuti
547 3342 638 3441 proh
669 3349 774 3420 dolor
800 3364 998 3422 contemtus

33 3434 190 3536 Evangelii
211 3465 248 3521 et
269 3448 582 3525 Sacramentorum
612 3452 738 3541 ingens
766 3452 806 3521 in
833 3453 998 3524 multitu-

33 3543 96 3615 dine
116 3553 315 3640 promiscua
333 3554 508 3642 cernitur,
534 3567 568 3624 et
585 3553 709 3624 crescit
726 3555 764 3623 in
780 3555 856 3624 dies
871 3557 999 3626 barba·

33 3645 100 3732 ries,
121 3677 159 3723 ac
179 3655 305 3728 multis
327 3659 428 3727 tetris
451 3657 635 3727 furoribus
657 3669 854 3728 contemtus
875 3653 1011 3742 Esau-¹

32 3749 93 3832 gelli
116 3753 151 3823 in
176 3756 306 3826 animis
331 3749 518 3828 hominum
542 3759 782 3830 confirmatur.
833 3757 906 3829 Nec
929 3761 997 3831 du-

31 3845 107 3919 bium
129 3872 196 3944 est,
223 3859 414 3927 maximam
439 3875 573 3952 partem
598 3861 879 3931 tristissimarum
901 3863 998 3933 cala·

31 3953 186 4036 nicarum,
222 3959 422 4046 bellorum,
456 3961 580 4048 famis,
614 3963 836 4035 crudelitatis
866 3961 997 4035 Tucci-

31 4073 88 4135 us,
122 4077 155 4132 et
188 4061 341 4132 aliarum
378 4062 621 4151 miseriarum,
660 4061 768 4136 huius
799 4073 997 4138 contemtus

29 4174 135 4240 poema
152 4187 238 4238 esse.

109 4260 159 4335 lta
180 4264 334 4358 primum
358 4267 581 4338 considerate
596 4265 795 4339 Dominum
821 4273 995 4344 deducere

30 4377 78 4428 uos
96 4367 137 4434 ad
157 4369 393 4440 ministerium
411 4368 661 4455 Sacerdotum,
686 4367 755 4444 hoc
773 4387 844 4457 est,
870 4377 916 4446 ad
931 4400 996 4446 vo-

29 4479 84 4530 tem
104 4461 289 4562 Evangelii
310 4485 344 4542 et
368 4473 413 4542 ad
436 4495 541 4541 usum
565 4469 888 4552 Sacramentorum.
939 4473 996 4549 Ex

29 4549 70 4630 lic
93 4592 232 4660 prorsus
251 4597 327 4644 non
347 4575 528 4667 sequitur,
560 4575 816 4646 confessionem
840 4576 996 4670 Papisti-

30 4682 88 4736 tsm
107 4671 294 4746 aDomino
318 4676 489 4748 sancitam
512 4698 604 4762 csse,
628 4701 719 4771 quae
740 4678 885 4773 quidem
901 4682 996 4752 mul-

1152 2061 1353 2138 Resuscitat
1375 2069 1484 2159 igitur
1507 2083 1686 2155 mortuos,
1712 2082 1747 2142 et
1763 2071 1867 2142 editis
1880 2072 1959 2141 aliis
1973 2073 2046 2144 mi-

1052 2167 1182 2238 raculis
1208 2169 1497 2261 conspiciendum
1522 2194 1559 2241 se
1580 2173 1725 2265 praebet
1749 2168 1807 2244 hic
1830 2175 1903 2265 ipse
1918 2172 2045 2244 Domi-

1051 2293 1119 2338 nus
1142 2283 1264 2341 noster
1281 2268 1377 2342 lesus
1399 2269 1563 2345 Christus
1585 2299 1689 2347 verus
1704 2273 1852 2346 Messias
1875 2292 1978 2346 natus
2002 2299 2044 2344 ex

1051 2372 1189 2462 virgine
1213 2371 1352 2466 Maria,
1382 2389 1417 2446 et
1438 2375 1645 2448 Sacerdotes
1673 2372 1729 2447 his
1753 2377 1839 2471 ipsis
1862 2379 2044 2448 miraculis

1051 2474 1264 2569 alloquitur,
1292 2489 1332 2548 ut
1353 2478 1469 2569 ipsum
1491 2494 1703 2569 agnoscant,
1728 2505 1810 2551 vera
1826 2483 1869 2550 de
1886 2481 1962 2571 ipso
1979 2482 2045 2550 do·

1051 2591 1171 2662 ceant,
1196 2592 1231 2649 et
1253 2591 1357 2649 testes
1379 2579 1452 2651 sint
1465 2605 1547 2652 suae
1564 2581 1799 2675 praesentiae,
1825 2585 1870 2652 de
1884 2579 1952 2653 hoc
1967 2582 2043 2675 ipso

1050 2703 1114 2770 per
1144 2676 1210 2750 bos
1238 2694 1378 2781 sanatos
1399 2683 1557 2776 leprosos
1578 2685 1849 2755 commonefacit
1870 2682 2044 2755 Sacerdo-

1050 2793 1113 2851 tes.
1165 2780 1236 2853 Sed
1254 2775 1428 2875 quantum
1448 2787 1633 2876 profecerit
1650 2785 1848 2871 Dominus,
1873 2787 2042 2856 omatibus
2159 2771 2162 2784 ⁸

1050 2883 1277 2954 notissimum
1295 2898 1355 2978 est.

1153 3033 1208 3108 Ac
1232 3061 1277 3107 ne
1300 3040 1472 3135 conqueri
1493 3041 1649 3132 possint,
1679 3038 1877 3113 Dominum
1900 3042 2043 3114 abolere

1049 3137 1183 3230 legem,
1218 3141 1416 3214 ministeria
1442 3168 1567 3214 eorum
1592 3158 1773 3236 appetere,
1807 3158 1843 3216 et
1864 3144 2042 3237 stipendia

1049 3241 1222 3314 divinitus
1235 3243 1320 3335 ipsis
1335 3246 1504 3318 attributa
1519 3247 1743 3338 imminuere,
1768 3270 1926 3340 expresse
1939 3269 2042 3340 prae·

1049 3344 1136 3436 cipit
1156 3341 1352 3432 Dominus,
1386 3361 1426 3418 ut
1448 3344 1600 3420 offerant
1615 3347 1867 3421 Sacerdotibus
1890 3373 2039 3422 munera
2106 3339 2119 3359 ’
2162 3387 2168 3408 ⁴

1048 3470 1068 3516 a
1085 3444 1188 3517 Mose
1211 3449 1411 3521 constituta.
1461 3448 1509 3521 Et
1533 3464 1670 3522 exstant
1685 3450 1771 3522 alibi
1789 3452 1919 3522 similia
1935 3465 2040 3544 prae-

1049 3561 1150 3638 cepta
1180 3549 1224 3618 de
1252 3552 1415 3622 decimis:
1449 3549 1546 3622 Haec
1570 3554 1730 3646 oportuit
1751 3555 1882 3640 lacere,
1916 3568 1951 3626 et
1977 3555 2039 3626 illa

1048 3673 1122 3718 non
1152 3650 1334 3740 omittere,
1364 3649 1494 3729 Matth.
1514 3655 1580 3729 28.
1615 3655 1668 3727 lta
1692 3669 1859 3738 testatur,
1885 3680 1922 3727 se
1943 3650 2038 3728 nibil

1048 3745 1122 3821 illis
1145 3753 1237 3825 velle
1258 3756 1406 3849 eripere.
1457 3754 1608 3829 Aecum
1624 3761 1785 3830 nondum
1804 3760 1976 3831 abolitum
1992 3763 2039 3832 sit

1048 3853 1313 3945 Sacerdotium,
1344 3874 1379 3932 et
1406 3860 1481 3953 ipse
1509 3854 1617 3930 huius
1642 3858 1820 3932 Ecclesiae
1847 3861 1934 3930 civis
1963 3884 2037 3932 esse

1048 3957 1150 4043 velit,
1176 3973 1211 4030 et
1232 3985 1313 4031 cum
1336 3961 1423 4054 ipsis
1443 3963 1534 4034 ritus
1553 3962 1734 4035 institutos
1752 3965 1932 4044 observet,
1958 3964 2037 4035 vult

1047 4071 1082 4130 et
1105 4055 1172 4130 bac
1195 4061 1235 4130 in
1257 4086 1296 4132 re
1313 4063 1492 4135 officiosus
1508 4086 1589 4154 erga
1605 4065 1701 4155 ipsos
1717 4088 1806 4145 esse,
1834 4089 1916 4135 cum
1931 4087 2035 4137 man-

1048 4160 1110 4231 dat
1130 4162 1306 4254 stipendia
1330 4166 1447 4236 debita
1470 4163 1722 4236 Sacerdotibus
1746 4166 1914 4258 persolvi.
1969 4167 2036 4238 Vi·

1047 4263 1164 4332 cissim
1187 4278 1223 4336 ct
1235 4265 1445 4340 Sacerdotes
1461 4267 1518 4338 sui
1535 4268 1722 4339 ministerii
1739 4269 1883 4362 propria
1900 4270 2036 4341 intelli·
2125 4307 2133 4318 ·

1046 4387 1127 4455 gere
1148 4377 1184 4436 et
1207 4371 1333 4463 exequi
1357 4372 1554 4462 oportebat.
1580 4370 1767 4442 ·Debebat
1784 4372 1878 4442 euim
1897 4375 2034 4457 docere,

1046 4467 1215 4540 sacrificia
1245 4493 1309 4542 sua
1337 4494 1412 4542 non
1444 4496 1518 4543 esse
1548 4473 1672 4545 merita
1703 4473 1923 4547 remissionis
1953 4501 2035 4574 pec-

1046 4583 1223 4652 catorum,
1271 4576 1332 4644 sed
1372 4572 1528 4647 Messiae
1569 4576 1748 4647 victimam
1789 4600 1908 4650 veram
1948 4604 2034 4670 pro-

1044 4672 1267 4764 pitiationem
1304 4691 1546 4770 peccatorum,
1589 4693 1623 4750 et
1659 4678 1732 4748 irae
1769 4678 1837 4751 Dei
1876 4681 2032 4752 futuram

29 4774 70 4834 tos
93 4784 193 4846 tetros
215 4778 353 4849 furores
375 4793 573 4872 pugnantes
596 4803 677 4850 cnm
699 4805 783 4851 voce
804 4779 993 4872 Evangelii
1044 4784 1129 4850 esse.
1187 4773 1235 4850 Et
1258 4775 1356 4850 hunc
1379 4804 1502 4852 verum
1526 4779 1694 4851 Messium
1717 4781 1787 4852 iam
1812 4797 2031 4874 praesentem

29 4873 171 4948 continet,
225 4877 295 4951 sed
322 4905 396 4950 non
418 4907 479 4953 ero
504 4883 542 4952 in
565 4875 632 4966 hap
654 4885 993 4957 commemoratione
1044 4899 1140 4969 esse,
1174 4892 1210 4949 et
1228 4880 1267 4949 iu
1287 4879 1401 4953 oculis
1420 4883 1581 4955 universi
1603 4885 1732 4982 populi
1749 4884 1898 4964 versari,
1933 4885 2033 4954 vide·

29 4971 190 5066 prolixior,
224 5005 288 5054 uos
310 4984 511 5074 exemplum
534 4980 756 5072 intueamur,
790 4989 887 5082 quod
909 5013 993 5078 pro-
1043 4976 1144 5062 licet,
1179 4975 1277 5054 hunc
1301 4998 1424 5056 natum
1449 5009 1490 5055 ex
1515 4984 1633 5056 Maria
1658 4986 1814 5077 virgine,
1848 4998 1899 5056 tot
1921 4987 2033 5056 mira-

30 5074 158 5156 positum
186 5097 238 5154 est
267 5086 364 5166 ideo,
396 5101 436 5158 ut
459 5088 632 5172 revereri,
665 5112 782 5160 amare
807 5104 842 5163 et
863 5112 992 5162 ornare
1042 5082 1133 5152 culis
1160 5105 1234 5156 sese
1262 5089 1508 5158 ostendentem
1530 5100 1596 5163 etc.
1651 5085 1710 5159 Ad
1733 5085 1829 5158 hunc
1850 5089 2031 5160 doctorem

30 5171 237 5255 ministerium
252 5182 440 5279 Evangelii
456 5190 669 5265 studeamus.
1042 5185 1217 5258 deducere
1239 5190 1436 5276 auditores,
1462 5205 1498 5263 et
1519 5193 1563 5260 dc
1584 5216 1625 5264 eo
1648 5191 1826 5263 testificari
1843 5192 2032 5269 debebant.

47 5374 54 5389 .
111 5279 266 5361 Secunda
293 5313 415 5378 causa,
440 5292 537 5386 quod
558 5291 643 5361 istos
666 5290 991 5365 sanatosadLevi.
1040 5285 1111 5356 Hic
1131 5303 1182 5362 est
1202 5314 1296 5364 uuus
1316 5293 1378 5362 illc
1399 5307 1562 5365 aeternus
1578 5308 1613 5366 et
1628 5316 1788 5365 summus
1805 5291 1968 5366 Pontifex
1986 5319 2027 5364 ac
2106 5313 2113 5323 ’

33 5381 496 5466 tuosSacerdotesDominus
518 5392 684 5476 remittit,
708 5389 793 5466 baec
807 5411 874 5468 est:
901 5393 990 5466 Vult
1041 5391 1166 5465 doctor
1182 5392 1380 5477 Ecclesiae,
1406 5397 1468 5490 qui
1484 5394 1585 5494 Adae
1606 5411 1640 5468 et
1654 5392 1752 5467 Evae
1771 5391 1863 5468 hanc
1878 5397 2029 5491 promis·
2133 5493 2140 5502 ¹
