4590 5808
236 116 332 220 ras
429 231 430 234 γ
603 207 622 220 ,,
832 139 958 216 run.
984 129 1663 220 urnsumerauxuuursce
1827 71 1831 80 ’
2145 147 2234 226 aa

237 317 328 388 alius
345 313 524 386 invocavit
537 279 677 401 Iorem,
699 313 789 386 alius
806 311 997 402 lunonem,
1019 310 1078 388 hic
1099 316 1223 389 dlvnm
1276 314 1482 407 antingere
1499 313 1660 400 numina,
1687 335 1777 412 quse
1792 337 1867 388 non
1880 328 1982 402 suut,
2008 329 2043 390 st
2054 317 2144 394 idola
2157 345 2237 394 con·

209 413 556 510 ·Ghristophornm,
593 418 657 487 ille
683 416 720 490 S.
746 412 903 492 Annam.
977 415 1030 490 lta
1058 421 1227 490 omnihus
1280 417 1427 512 pellere.

112 551 115 560 =
238 522 459 614 temporibus
473 519 569 590 idola
585 519 697 599 culta,
732 529 766 589 et
788 519 966 593 cumulata
987 535 1071 595 sunt
1095 522 1227 616 ubique
1379 533 1543 608 secunda
1558 537 1868 613 commonefaesiog
1893 535 2239 618 considerandum

239 623 417 713 gentium,
444 635 478 693 et
493 643 630 712 semper
645 621 685 689 in
701 643 828 712 magna
843 625 1075 696 multitudine
1089 623 1227 716 generis
1278 651 1502 730 praeceptum
1528 663 1591 712 geu
1616 642 1822 713 mandatum
1846 639 1915 713 Dei
1938 643 2184 715 severissimum
2205 649 2240 717 ὀρ

239 721 390 796 humani
423 736 568 795 malleni
599 723 733 795 semina
766 724 1025 798 diabolicarum
1056 727 1227 820 Sllpmll·
1279 741 1515 819 invocgfione·
1550 740 1694 832 Quanta
1711 739 1798 815 hm
1813 757 1865 816 ρει
1880 744 2039 817 bonitgg!
2063 745 2241 841 quodDfflg

239 829 391 902 tionum.
442 825 624 896 AdversllS
638 817 708 896 lloe
729 825 829 899 ll‘lSle
854 841 889 899 el
907 822 1083 900 horribile
1104 851 1228 922 pectil-
1278 843 1354 935 ᾕρεε
1368 823 1576 916 nonlgolum
1598 869 1664 916 1103
1685 845 1831 932 invitat,
1862 848 1925 918 κά
1949 847 2056 921 etiam
2079 849 2242 920 severitate

241 944 316 1001 tum
334 927 489 1000 clamitat
503 923 600 998 Deus
614 922 672 998 his
687 927 773 1019 ipsis
787 930 922 1016 verbis,
947 927 1052 1006 Dent.
1067 931 1123 1004 S:
1149 932 1229 1003 Do-
1279 946 1432 1040 quadam
1450 947 1543 1038 cogit
1564 959 1598 1018 et
1619 947 1793 1040 impellit,
1823 961 1864 1020 ut
1885 949 1932 1020 ab
1955 949 2032 1041 ipso
2052 964 2198 1042 petamus
2216 963 2242 1021 et

239 1031 379 1101 minum
398 1029 513 1100 Deum
529 1041 630 1101 tuum
645 1031 829 1117 adorabis,
861 1045 895 1104 et
916 1033 973 1102 illi
996 1033 1064 1103 soli
1085 1033 1229 1106 servies·
1280 1061 1518 1139 exspectemus
1550 1049 1721 1120 auxilium
1753 1049 1794 1119 in
1825 1049 2007 1143 periculis:
2051 1053 2121 1122 imo
2159 1054 2245 1121 docet

181 1227 183 1236 Α
240 1131 415 1224 Quocirca
430 1155 569 1202 necesse
586 1145 637 1202 est
653 1149 852 1223 precantem
867 1136 1037 1225 cogitare,
1062 1137 1166 1231 quid,
1192 1147 1231 1207 et
1251 1143 1256 1202 1
1280 1145 1377 1220 hune
1392 1173 1466 1222 ωε
1482 1173 1660 1222 ,nmmum
1679 1150 1814 1222 cultum
1836 1167 1872 1223 ,ι
1892 1147 2086 1239 honorem,
2119 1154 2176 1248 qui
2190 1153 2245 1222 ,ibt

239 1258 346 1328 quem
363 1233 479 1306 Deum
495 1234 683 1327 compellet
696 1257 736 1305 ac
750 1236 963 1332 alloquatur.
1280 1264 1394 1343 potest
1417 1251 1548 1339 tribui,
1577 1253 1729 1339 scilieet,
1761 1253 1791 1322 si
1818 1277 1901 1325 vero
1926 1255 2061 1344 gemitu
2084 1254 2192 1326 cordis
2210 1255 2247 1323 st
2281 1289 2282 1292 κ

340 1367 389 1442 Et
413 1372 644 1442 discernenda
666 1365 718 1443 cst
738 1387 858 1444 nostra
881 1373 1062 1446 invocatio
1078 1376 1123 1446 ab
1137 1368 1230 1445 Eth-
1279 1354 1398 1473 {Pfflm
1415 1355 1679 1474 ⁰⁰¹¹fusslflm⁰⁸s
1705 1356 2246 1476 ab51³⁸·0J‘011‘lP‘fll'n'sssfl'll‘l
2281 1413 2282 1432 κ

241 1471 426 1554 nieorum,
453 1473 684 1560 ludaeorum³
711 1473 930 1558 Turenum,
963 1472 1229 1572 hypocritarum
1280 1478 1397 1547 spsum
1425 1457 1702 1548 mitigationem,
1746 1457 1920 1528 auxilium
1948 1481 1988 1530 ac
2020 1458 2246 1530 liberationem
2281 1529 2282 1536 χ

242 1566 277 1645 et
301 1571 561 1647 haereticorum
585 1577 821 1649 invocatione.
887 1577 960 1650 Nec
982 1580 1166 1672 pingamus
1191 1579 1230 1648 in
1284 1581 1506 1652 qu³²l⁸¹¹¹¹¹³·
1534 1620 1539 1629 1

240 1679 420 1749 mentibus
437 1681 567 1750 nostris
583 1680 721 1750 idolum
738 1677 825 1772 Dei,
849 1681 954 1774 quale
970 1683 1134 1753 volumus
1150 1680 1232 1772 ipsi,
1385 1673 1446 1749 Ah
1468 1701 1543 1749 non
1562 1679 1672 1752 simus
1694 1679 1783 1750 adeo
1806 1679 1889 1750 duri
1913 1702 1954 1750 ac
1975 1679 2098 1764 ferrei,
2123 1679 2181 1751 sed
2195 1677 2247 1749 tri·

240 1781 301 1848 sed
318 1805 379 1850 cor
394 1780 575 1852 intueatur
591 1781 660 1851 lide
675 1776 772 1852 huuc
787 1806 929 1867 verum,
956 1785 1077 1855 vivum
1094 1798 1129 1854 et
1146 1783 1231 1854 uni·
1281 1781 1432 1851 huamus
1447 1777 1523 1852 Deo
1539 1777 1637 1852 hunc
1657 1777 1850 1868 honorem,
1882 1794 1923 1854 ut
1943 1781 2171 1876 imploremus
2189 1780 2247 1852 eius

241 1905 322 1978 cum
341 1883 479 1967 Deum,
506 1883 618 1979 quise
632 1883 795 1975 patefecit
817 1908 879 1974 per
901 1885 1014 1954 filium
1038 1909 1141 1984 sunm
1155 1881 1232 1956 Do·
1282 1903 1386 1976 opem
1403 1895 1438 1955 et
1452 1883 1742 1955 misericordiam.

239 1985 379 2054 minum
395 1999 555 2056 nostrum
570 1984 687 2056 lesum
701 1982 903 2059 Christumr
930 1989 1231 2080 quemadmodum

157 2121 170 2135 ι
240 2081 418 2157 Dominus
434 2087 508 2177 ipse
524 2087 644 2174 docet,
670 2082 820 2164 lohann.
839 2086 916 2164 te:
943 2087 1057 2162 Nemo
1072 2091 1170 2161 venit
1185 2089 1231 2160 ad

239 2184 379 2259 Patrem
395 2190 464 2258 nisi
478 2213 541 2284 per
549 2187 695 2264 Filium.
748 2188 869 2280 Quare
884 2203 924 2263 ut
938 2192 1232 2264 commonefacias

241 2302 276 2360 te
298 2291 344 2361 de
365 2293 481 2363 tribus
506 2291 665 2382 personis
687 2302 722 2362 et
742 2315 863 2362 earum
893 2293 1092 2379 beneficiis,
1128 2316 1231 2386 saepe

241 2391 372 2483 cogites
386 2417 425 2464 ac
441 2391 566 2465 recites
579 2387 672 2463 hanc
685 2392 836 2464 formam
851 2393 945 2464 inter
959 2395 1188 2487 precandum.

1382 2015 1454 2089 Hic
1470 2018 1606 2090 debetis
1619 2042 1723 2089 nosse
1738 2042 1779 2090 ac
1793 2018 1832 2090 in
1853 2031 2043 2112 conspectu
2064 2033 2177 2092 tenere
2194 2017 2249 2089 ali-

1282 2133 1370 2216 quot
1387 2121 1579 2194 sententias
1595 2121 1850 2214 praecipientes
1868 2107 2147 2208 invocationem,
2175 2142 2249 2214 quae

1282 2223 1377 2294 inter
1392 2225 1611 2316 precandum
1627 2245 1731 2314 saepe
1748 2221 1850 2296 vohis
1872 2221 1911 2294 in
1934 2238 2092 2298 mentem
2108 2223 2249 2296 venient:
2281 2293 2282 2296 ,

1281 2324 1385 2396 utin
1409 2319 1477 2398 hoc
1501 2337 1618 2410 textu,
1644 2325 1797 2396 dictum:
1825 2324 1959 2413 Petite,
1982 2325 2160 2420 quaerite,
2183 2322 2249 2415 pnl-
2281 2347 2282 2350 ’

1281 2439 1366 2498 sate.
1417 2425 1505 2498 ltem
1521 2425 1662 2502 Psalmo
1677 2422 1755 2499 doe
1780 2425 1908 2510 Invoca
1928 2449 1986 2500 me
2010 2427 2052 2498 in
2075 2427 2132 2499 die
2154 2427 2251 2500 trihu·
2281 2507 2282 2512 η

345 2524 640 2622 Oomnlpoteus,
666 2544 826 2616 aeterne,
851 2529 950 2614 vive,
976 2526 1232 2616 etvereDeus,
1281 2527 1445 2610 lationis,
1477 2546 1512 2600 et
1536 2527 1683 2619 eripiam
1704 2542 1748 2603 te.
1801 2525 1889 2600 ltem
1903 2527 2023 2616 Lucae
2040 2531 2119 2604 1s.:
2145 2526 2251 2602 Domi-

241 2643 385 2702 aeterne
401 2646 500 2724 pater
515 2632 668 2703 Domini
684 2633 797 2704 nostri
815 2629 894 2702 lesu
911 2626 1062 2718 Christi,
1095 2621 1232 2704 crealor
1281 2651 1350 2698 nus
1366 2629 1502 2723 inquit,
1525 2643 1667 2728 oportet
1687 2651 1825 2724 semper
1838 2654 1958 2717 orare,
1987 2648 2024 2708 et
2049 2655 2123 2704 nou
2145 2631 2252 2702 delati·
2281 2693 2282 2704 ,

242 2733 332 2803 coeli
348 2748 384 2805 et
400 2749 532 2820 terrae,
562 2748 597 2808 et
611 2731 792 2806 Ecclesiae
804 2733 981 2822 angelicae
997 2747 1032 2804 et
1045 2729 1233 2821 humanae,
1281 2731 1368 2824 gari.
1406 2725 1636 2828 *Mattheus
1658 2727 1811 2822 Vigilate
1825 2745 1860 2802 et
1876 2746 1992 2821 orate,
2014 2727 2062 2806 ne
2077 2732 2207 2805 intretis
2220 2729 2251 2798 in
2281 2765 2282 2782 π

242 2857 315 2905 una
349 2861 430 2908 cum
461 2838 592 2908 dilecto
618 2837 693 2908 filio
724 2851 787 2908 tuo
808 2832 966 2908 Domino
997 2849 1120 2908 nostro
1151 2834 1231 2907 lesu
1282 2833 1525 2906 tentationem.
1573 2831 1714 2904 Horum
1730 2849 1764 2905 et
1780 2835 1952 2906 similium
1974 2837 2152 2908 dictorum
2173 2831 2282 2924 cogi-i

187 3001 193 3014 ,
241 2931 403 3024 Christo,
436 2952 473 3010 et
493 2937 633 3030 Spiritu
654 2953 795 3020 sancto,
827 2936 1028 3024 Paracleto,
1053 2951 1118 3010 etc.
1177 2936 1232 3010 Te
1282 2936 1416 3008 tatione
1438 2959 1501 3008 seu
1522 2933 1730 3008 recitatione
1757 2953 1895 3008 nosmet
1916 2936 2015 3028 ipsos
2035 2933 2282 3016 exhortemur„

241 3061 307 3112 oro
323 3031 499 3111 et‘invoco
514 3041 663 3132 supplex
678 3053 822 3132 propter
843 3039 1073 3123 mediatorem
1096 3054 1132 3114 et
1146 3065 1231 3135 pro-
1282 3036 1543 3121 exsuscitamus,
1559 3061 1599 3108 ac
1614 3039 1712 3110 velut
1725 3037 1949 3131 impellamus
1959 3051 1996 3112 et
2007 3039 2252 3112 exstimulemus

242 3141 445 3234 pitistorem
474 3137 670 3212 Dominum
701 3155 863 3214 nostrum
893 3140 1010 3214 lesum
1037 3137 1232 3230 Christum,
1282 3141 1326 3212 ad
1353 3140 1627 3213 invocationem.
1676 3137 1750 3212 Nec
1771 3140 2022 3230 indulgeamus
2042 3133 2282 3234 trepidationi

241 3243 508 3329 misereremei,
534 3240 940 3337 remittemihip‘eccats,
958 3265 1038 3336 rege
1051 3258 1087 3318 et
1101 3247 1233 3318 sancti-
1282 3255 1442 3324 nostrae,
1483 3243 1677 3334 cogitantes
1700 3254 1762 3314 aut
1785 3239 2004 3315 contentiose
2030 3244 2253 3336 disputantes:

241 3339 308 3414 fica
323 3365 380 3416 me
396 3343 534 3436 Spiritu
550 3362 673 3419 sancto
688 3361 767 3431 tuo,
792 3347 916 3438 mitiga
930 3343 1019 3417 mihi
1034 3371 1232 3434 aerumnas,
1282 3342 1381 3434 Quid
1407 3345 1550 3436 prodest
1580 3343 1768 3416 invocare?
1806 3357 1887 3426 aut,
1925 3368 1990 3415 cur
2014 3343 2114 3418 Deus
2134 3349 2282 3436 curaret?

240 3445 336 3516 adsis
351 3461 385 3520 et
398 3447 582 3539 opituleris
597 3446 687 3520 mihi
703 3450 743 3519 in
756 3445 812 3520 his
826 3448 979 3521 miseriis
998 3463 1033 3522 et
1053 3450 1232 3543 periculis,
1281 3469 1378 3518 meos
1402 3446 1577 3536 gemitus?
1611 3471 1675 3516 cur
1694 3446 1865 3538 reciperet
1887 3467 1983 3518 meas
2010 3469 2150 3541 preces,
2187 3463 2254 3512 cum

240 3546 280 3616 in
296 3549 426 3640 quibus
438 3551 509 3621 iam
526 3574 664 3638 versor,
689 3565 755 3625 etc.
806 3548 990 3638 interdum
1007 3551 1113 3623 etiam
1128 3567 1230 3627 tuum
1280 3548 1348 3618 sim
1363 3547 1532 3638 indignus
1548 3562 1583 3621 et
1596 3549 1687 3618 male
1705 3547 1874 3621 meritus?
1915 3544 2012 3620 Huic
2030 3539 2255 3620 incredulitati

240 3649 457 3748 baptismum
473 3652 644 3744 cogitato,
670 3667 705 3723 et
721 3655 872 3723 formam
888 3653 1098 3740 verborum,
1122 3679 1229 3750 quam
1281 3663 1316 3723 et
1327 3650 1534 3742 indignitati
1549 3663 1690 3722 nostrae
1703 3672 1925 3744 opponamus
1936 3651 2107 3722 mandata
2124 3643 2254 3720 severis-
2281 3717 2282 3722 ,

242 3752 391 3824 tradidit
404 3753 479 3846 ipse
496 3755 591 3827 filius
606 3751 694 3838 Dei,
716 3767 848 3826 attente
860 3755 1056 3826 considera.
1108 3754 1151 3826 lu
1167 3769 1229 3828 tuo
1280 3753 1388 3838 sima,
1420 3775 1511 3847 quae
1528 3754 1651 3826 iubent
1669 3752 1823 3845 precari,
1848 3775 1938 3846 quae
1959 3753 2142 3824 affirmant
2154 3747 2255 3822 Deum

240 3854 417 3947 baptismo
441 3856 531 3928 lacta
554 3869 606 3929 est
629 3859 710 3930 talis
739 3856 938 3942 invocatio,
978 3880 1068 3952 quac
1095 3857 1229 3930 illustri
1281 3854 1371 3926 velle
1387 3849 1577 3926 hocmodo
1593 3854 1673 3928 coli.
1725 3852 1846 3944 Quare
1861 3854 2013 3926 sciamus
2033 3847 2106 3928 hoc
2128 3872 2211 3944 opus
2229 3858 2282 3948 ct}

157 3963 158 3968 ’
241 3956 446 4030 discrimine
469 3959 690 4048 distinguens
713 3981 836 4030 verum
853 3954 970 4028 Deum
994 3960 1041 4031 ab
1061 3961 1229 4048 omnibus
1279 3951 1377 4027 hunc
1392 3957 1527 4028 cultum
1543 3957 1695 4028 maxime
1713 3955 1950 4028 necessarium
1965 3979 2131 4044 esse,.ac
2146 3955 2282 4050 ingens,

242 4062 492 4133 commentitiis
507 4062 737 4146 numinibus,
763 4059 866 4156 quasi
881 4059 1068 4152 conspicua
1089 4076 1174 4134 nota
1194 4075 1229 4134 te
1277 4071 1458 4151 peccatum
1473 4081 1545 4130 esse
1560 4081 1634 4130 non
1649 4060 1798 4130 reddere
1811 4053 1909 4130 hune
1922 4057 2074 4145 cultum,
2101 4080 2166 4128 nec
2179 4051 2255 4124 hanc

241 4160 394 4253 seiungit
407 4165 453 4234 ab
467 4165 628 4236 omnium
641 4163 793 4235 aliarum
812 4162 971 4254 gentium
997 4177 1032 4237 et
1054 4179 1227 4238 sectarum
1277 4159 1517 4233 obedientiam
1533 4159 1609 4232 Deo
1626 4175 1814 4255 praestare.

241 4255 463 4336 hominibus:
504 4281 608 4361 teque
630 4267 733 4336 docet
753 4264 989 4358 compellare,
1014 4266 1168 4362 alloqui,
1192 4282 1244 4341 et'
1380 4295 1503 4370 Terg,
1518 4297 1826 4371 gommonefgcfiog
1847 4294 1917 4369 sed
1933 4310 1974 4368 ut
1987 4308 2186 4370 statuamus
2199 4313 2254 4363 uo-

238 4386 322 4433 Vffl
336 4373 522 4454 dimitere
536 4367 772 4487 huPCJ-efflfll
779 4365 916 4457 D⁰¹¹¹¹¹s
940 4367 1094 4488 filimi
1114 4383 1227 4490 ³⁰²⁰?
1277 4411 1369 4472 stros
1383 4400 1555 4472 clamores
1570 4414 1605 4472 et
1617 4400 1768 4491 gemitus
1780 4423 1855 4472 non
1869 4398 2007 4484 trusos,
2034 4412 2195 4470 ¹¹⁰⁸lffl¹⁰
2207 4395 2254 4462 5⁰·

238 4489 328 4544 num
343 4461 482 4540 Patrem
497 4467 646 4542 Domsns
661 4483 773 4541 nostrr
791 4466 871 4542 lesu
885 4464 1039 4562 Chrrstr,
1065 4483 1099 4542 et
1112 4470 1227 4544 Patrss
1277 4501 1498 4573 vocationem
1520 4502 1597 4576 'non
1621 4502 1729 4573 {mne
1749 4525 1916 4574 murmur
1933 4521 2027 4584 esse,
2054 4522 2195 4572 necesse
2213 4503 2256 4564 est

241 4581 466 4689 ‘Melinum
485 4573 635 4694 fillum&
658 4571 721 4666 (1¹¹3
743 4595 807 4691 tr?
830 4584 866 4644 ²0
887 4571 1030 4642 *laima
1052 4574 1166 4694 f³⁶fl¹⁸
1191 4587 1227 4645 ⁸²
1276 4625 1345 4674 nos
1366 4604 1406 4672 in
1422 4605 1522 4675 omni
1542 4605 1746 4698 precatione
1766 4626 1954 4698 quaerere,
1980 4615 2018 4674 et
2033 4602 2170 4675 intueri
2185 4619 2256 4690 pro-

241 4683 454 4746 conststutus
470 4688 521 4744 est
543 4677 718 4746 mediator
733 4696 774 4744 ac
789 4674 1032 4765 interpellator
1052 4678 1226 4758 assiduus,
1275 4705 1480 4793 mima,
1516 4707 1557 4777 g„
1580 4707 1710 4802 quum,
1732 4705 1896 4800 patefecit
1916 4729 1957 4776 π
1976 4704 2153 4778 revelavit
2171 4699 2256 4774 Deos

237 4791 273 4851 et
299 4771 397 4848 Patri
418 4796 458 4848 sc
479 4773 573 4858 Filio
601 4789 824 4847 coaeternum
848 4772 1022 4868 Spiritum
1053 4792 1225 4864 sanctum,
1276 4829 1375 4878 ,uam
1398 4809 1638 4896 voluntatem,
1678 4809 1717 4879 in
1739 4808 1871 4904 quihus
1891 4820 2070 4879 asseverat
2092 4819 2130 4878 et
2150 4813 2254 4874 sancte

207 4895 211 4920 2
229 4878 301 4972 ‘qni
330 4891 365 4952 te
393 4879 483 4970 regit
512 4892 546 4952 et
573 4878 766 4952 sanctificat
795 4880 839 4948 ad
869 4876 978 4948 vitam
1010 4892 1045 4952 et
1074 4880 1240 4954 salutem.
1275 4910 1469 5003 promittit,
1493 4934 1530 4982 ,θ
1546 4910 1638 4983 ,epe
1657 4935 1725 4982 Μ,
1738 4907 1920 4996 mugire,
1945 4907 2110 5000 recipe„
2130 4919 2255 4978 nostras

234 4994 426 5058 aeternam.
535 4999 536 5004 ’
1275 5036 1412 5104 preces,
1437 5013 1543 5084 nobis
1566 5013 1753 5106 opitulari,
1783 5025 1962 5105 praestare
1985 5033 2081 5104 quae
2103 5009 2255 5102 petimus

338 5113 434 5187 Haec
448 5113 607 5187 breviter
621 5113 712 5186 dicta
728 5114 800 5187 sint
814 5115 859 5184 de
873 5112 990 5205 primo
1002 5113 1092 5184 loco.
1118 5109 1224 5185 Nunc
1273 5137 1409 5207 nosque
1424 5115 1560 5208 eripere
1575 5139 1616 5187 ac
1628 5117 1780 5188 liberare
1794 5138 1837 5185 ex
1848 5113 2001 5186 miseriis
2012 5136 2057 5183 ac
2071 5106 2255 5182 aerumnis·

230 5239 298 5288 ,νος
315 5216 384 5306 ipsi
402 5216 628 5309 perpendite,
661 5242 766 5310 quarn
788 5217 834 5289 sit
855 5211 1075 5286 horrendum
1100 5216 1224 5302 scelus,
1273 5215 1326 5287 lta
1343 5217 1381 5286 in
1397 5218 1571 5310 praesenti
1587 5231 1703 5304 textu,
1728 5241 1790 5288 seu
1810 5216 1980 5300 lectione,
2002 5213 2188 5285 Dominus
2202 5233 2255 5278 ex·

236 5321 367 5391 reiecto
382 5341 465 5385 vero
479 5317 556 5390 Deo
574 5359 586 5401 ,·
608 5319 796 5409 coningere
812 5319 856 5388 ad
873 5312 1037 5388 homines
1051 5331 1222 5400 mortuos,
1272 5340 1391 5410 presse
1404 5320 1543 5393 addidit
1556 5320 1810 5394 universalem:
1835 5313 1976 5406 Omnis,
1998 5315 2065 5410 qui
2080 5314 2185 5412 pellis
2204 5333 2255 5384 ⁸⁶·
