4674 5822
69 191 162 264 stodt
343 175 428 272 xit.
479 179 874 262 annotationes
890 179 966 260 ΕΤ
980 177 1274 261 uottctottus
1292 181 1351 258 ut
1369 115 1561 262 totana.
1584 147 1797 264 tonnuts.
1984 115 2084 264 tuta
2174 184 2178 194 “

74 369 120 435 lex
134 356 278 434 ostendit
292 371 488 450 peccatum,
509 371 691 452 peccatum
707 359 886 452 cognitum
901 355 1041 436 occidit.
1093 357 1213 444 docet,
1252 357 1388 428 renasci
1412 357 1451 427 id
1480 379 1554 430 esse
1585 360 1681 454 qnod
1714 359 1855 432 credere
1876 355 1923 430 -in
1952 361 2078 445 filiurn,

74 465 124 537 Sic
136 463 269 538 Psalmo
283 455 428 537 XLIX.:
456 460 553 553 Ignis
574 455 626 530 in'
635 475 825 554 conspectu
847 461 923 536 eius
939 485 1040 533 erar-
1081 461 1359 553 ·quem.exaltari
1372 474 1534 552 oporteat
1549 461 1641 533 sicut
1653 477 1864 555 serpentem.
1913 457 2006 536 Nam
2020 487 2076 533 re-

73 569 181 637 descet.
205 643 210 652 ,
234 563 340 654 Quod
357 563 468 654 ligura
483 564 833 656 serpentiserigitur,
858 565 1040 656 significat,
1090 562 1168 632 nati
1200 563 1269 632 iam
1301 563 1419 634 sciunt
1447 563 1568 634 omnla
1599 587 1662 634 sua
1690 587 1798 656 opera
1820 577 1963 656 peccata
1985 588 2073 650 case3

72 681 204 740 erectam
228 689 301 737 csse
321 661 467 754 liguram
488 665 638 758 peccati,
671 665 694 735 i.
713 689 742 736 e.
757 661 950 753 Christum,
976 667 1039 762 qui
1089 663 1171 733 ideo
1194 666 1363 750 credunt,
1387 689 1424 736 se
1445 665 1689 737 misericordia
1706 666 1777 736 Dei
1799 667 1901 736 nullo
1921 688 1985 737 suo
2000 691 2074 735 me-

71 793 127 860 pro
138 769 236 840 nobis
248 770 362 839 factus
377 781 428 839 est
446 782 639 861 peccatum.
690 765 760 838 Hic
780 782 942 840 mortuus
963 791 1038 839 aer·
1088 765 1157 838 rito
1181 765 1374 839 iustificari.
1433 762 1635 853 Postremo,
1666 768 1751 862 qnia
1774 768 1882 855 dixit,
1912 781 2074 860 oportere

70 894 143 961 pens
157 884 303 943 mortem
317 871 448 962 peccati
468 881 717 970 repraesentat.
767 867 916 942 Etsicut
930 864 1036 941 Chri·
1087 867 1127 936 in
1142 861 1326 942 Christum
1339 867 1447 955 credi,
1472 869 1554 940 idco
1571 869 1615 940 de
1632 893 1746 958 causa,
1767 893 1831 941 cnr
1844 871 1883 939 in
1897 871 2072 943 mundum
2182 923 2184 930 .

62 986 131 1043 stus
144 985 303 1044 mortuus
317 984 369 1043 est
385 985 529 1064 propter
551 971 837 1044 mortificandum
856 985 1036 1067 peccatum
1087 969 1215 1041 missus
1233 970 1297 1057 sit,
1323 971 1429 1044 latius
1445 971 1614 1064 disputat.
1664 971 1725 1044 Sic
1749 995 1832 1062 ergo
1855 971 1959 1043 dicit:
1986 970 2071 1042 ldeo

68 1074 100 1142 io
118 1097 215 1146 carne
228 1086 366 1144 nostras
391 1072 441 1145 ita
462 1095 604 1144 necesse
622 1086 693 1160 est,
717 1085 752 1145 et
766 1096 831 1145 nos
846 1074 940 1145 mori
951 1098 1036 1167 pro-
1086 1071 1209 1164 quiin
1223 1096 1279 1144 me
1303 1074 1469 1155 credunt,
1495 1072 1586 1144 salvi
1604 1087 1726 1162 erunt,
1752 1073 1836 1167 quia
1857 1095 1920 1164 ego
1945 1074 2073 1144 missus

66 1188 133 1268 pter
144 1175 424 1247 mortificandum
439 1189 618 1268 peccatum
633 1177 673 1245 in
692 1176 810 1250 nobis.
860 1174 931 1249 Sed
949 1171 1035 1248 haec
1086 1195 1183 1260 sum,
1205 1186 1246 1246 ut
1259 1176 1393 1248 salvem
1407 1177 1603 1262 mundum,
1629 1199 1703 1250 non
1717 1189 1758 1248 nt
1772 1173 1938 1248 indicam.

66 1277 242 1349 consolatio
261 1290 323 1362 est,
345 1277 441 1370 quod
457 1277 597 1363 scimus,
621 1292 771 1350 mortem
787 1277 857 1349 iarn
869 1301 945 1348 non
961 1301 1034 1349 esse
1415 1332 1467 1413 N
1605 1337 1613 1358 .
1639 1335 1682 1409 d.

66 1392 211 1464 mortem,
236 1379 321 1473 quia
337 1379 412 1470 ipse
426 1379 615 1450 resurrexit
629 1391 663 1449 et
679 1392 858 1471 peccatum
873 1379 1032 1452 extinxit.
1460 1363 1508 1410 ⁰²⁸
1535 1347 1574 1411 ’Δ
1597 1365 1636 1411 “l
1665 1349 1745 1414 ’Μ’

65 1477 109 1550 lta
130 1481 342 1551 credendum
363 1493 433 1568 est,
467 1480 552 1574 quia
564 1474 699 1552 Christi
718 1494 837 1577 morte·
852 1493 1032 1574 peccatum
1186 1473 1379 1566 Quomodo
1401 1478 1620 1573 conveniunt
1645 1472 1731 1550 baec
1758 1501 1841 1550 cum
1865 1480 1991 1573 quinto
2012 1503 2070 1549 ca-

63 1581 298 1654 mortibcatum
314 1595 384 1667 est,
409 1582 515 1653 nobis
527 1596 708 1673 peccatum
724 1577 1029 1654 non‘obintnrum
1083 1579 1177 1672 pite,
1220 1578 1455 1650 ubidicitur:
1498 1575 1608 1651 Dedit
1636 1603 1742 1650 omne
1770 1581 1944 1653 iudicium
1974 1581 2067 1665 [Πίος

64 1696 118 1757 ειε.
164 1679 242 1754 Ηοε
263 1696 341 1768 est„
364 1684 460 1778 quod
485 1684 535 1755 ait
550 1680 742 1776 Propheta:
773 1679 952 1777 Absorpta
980 1697 1033 1756 est
1082 1681 1184 1753 itemz
1223 1677 1434 1752 Potestatcm
1470 1681 1569 1751 dedit
1596 1679 1630 1750 ei
1660 1681 1834 1754 iudicium
1860 1683 1974 1754 facere
2004 1695 2071 1756 ctc.

61 1784 192 1853 morsin
209 1784 356 1856 victoria
372 1798 437 1860 etc.
465 1782 617 1876 Serpens
632 1786 671 1854 in
686 1785 851 1879 adspectu
867 1786 1030 1858 sanabat:
1083 1779 1318 1874 Respondeo:
1347 1781 1407 1855 Sic
1426 1782 1530 1854 dicit:
1557 1780 1662 1854 Misit
1684 1783 1723 1852 in
1744 1784 1937 1866 mnndum,
1961 1807 2070 1879 quare

60 1885 100 1955 ito
111 1877 269 1957 Christus
286 1887 470 1977 adspectu,
500 1888 525 1962 i.
545 1911 574 1957 ε.
588 1887 658 1958 fide
679 1901 790 1960 sanat.
842 1886 903 1959 Sic
924 1911 1031 1980 erpo·
1082 1884 1126 1953 de
1143 1885 1258 1975 primo
1275 1886 1509 1955 adventusuo
1526 1883 1705 1977 loquitur,
1729 1907 1810 1956 cum
1832 1885 2070 1967 noniodicat,

60 1988 105 2056 nit
116 1981 275 2060 Christus
293 1990 494 2080 adspectum
518 2013 598 2059 cum
621 1989 686 2059 ait:
721 1983 852 2058 Omnis
872 1989 935 2082 qui
954 2010 1031 2060 cre·
1081 1984 1301 2058 iudicaturus
1317 1998 1435 2076 postea
1450 1977 1517 2056 ubi
1528 1986 1734 2078 apparuerit
1754 1985 1794 2057 in
1808 1986 1987 2060 maiestate
2001 2001 2068 2062 etc.

59 2089 104 2158 dit
119 2089 154 2156 in
170 2111 272 2176 enm,
297 2112 373 2159 non
387 2103 517 2182 peccat.
553 2085 601 2161 Et
613 2085 750 2160 Esaias:
776 2085 940 2180 Cognitio
956 2091 1031 2161 eius
1082 2083 1187 2159 lte'ms
1220 2083 1383 2158 Christus
1406 2109 1481 2156 non
1501 2087 1600 2158 venit
1618 2099 1660 2159 nt
1681 2087 1834 2180 iudicet,
1860 2089 2069 2183 quieverit,

57 2189 245 2262 iustificabit
259 2191 399 2263 multos.
448 2187 499 2262 Et
518 2186 575 2261 hic
599 2191 717 2278 vides,
744 2193 839 2285 quod
853 2187 948 2261 nibil
964 2193 1029 2264 tri·
1081 2202 1121 2259 ut
1142 2189 1320 2281 praedicet
1338 2183 1586 2280 Evangelinm.
1638 2188 1874 2276 Lucentem,
1900 2189 2068 2284 qtraeiu-

58 2291 131 2361 buat
156 2291 326 2383 operibns
356 2295 524 2364 adversus
549 2292 682 2370 inferos
697 2305 731 2364 et
757 2293 928 2364 iudicium
948 2291 1029 2366 Dei.
1080 2291 1195 2373 dicat,
1221 2291 1292 2362 iam
1312 2303 1415 2361 antea
1435 2289 1686 2362 condemnavit
1700 2315 1834 2366 omnes.

58 2389 105 2462 lbi
121 2392 192 2484 ipsa
207 2394 271 2464 illa
287 2394 381 2464 bona
397 2416 503 2485 opera
523 2408 627 2467 crunt
645 2394 750 2466 nobis
764 2394 867 2485 igniti
883 2415 1029 2488 serpen·
1105 2399 1111 2406 '

57 2505 114 2580 tes,
138 2495 219 2588 qnia
240 2496 467 2568 immunditia
489 2495 666 2568 bonorum
689 2518 833 2588 operum
854 2496 1028 2567 revelabi-

56 2607 114 2667 tur.
171 2594 337 2669 Summa:
381 2595 524 2668 Nullius
553 2599 691 2670 iusticia
718 2613 772 2670 εει
792 2612 931 2690 accepta
951 2598 1027 2672 Deo
1078 2596 1102 2667 i.
1120 2621 1150 2668 e.
1173 2619 1250 2667 non
1272 2597 1379 2666 tnodo
1403 2608 1477 2666 non
1503 2597 1711 2682 damnatur,
1735 2597 1798 2668 scd
1821 2623 1868 2670 ne
1891 2598 2068 2672 iudicatur

56 2710 180 2787 praeter
193 2699 261 2770 filii
279 2697 465 2776 iusticiam.
492 2691 607 2770 Filius
620 2701 795 2773 iusticiam
812 2723 912 2771 suam
927 2724 1027 2773 com·
1079 2699 1242 2794 quidem,
1268 2697 1292 2766 i.
1306 2721 1336 2767 e.
1350 2697 1559 2790 simpliciter
1573 2697 1604 2785 ⁶)
1626 2699 1658 2768 ei
1683 2699 1769 2768 fides
1785 2701 1982 2792 imputatur
1997 2723 2062 2792 pro

55 2801 201 2872 munitat
218 2799 442 2870 credentibus
458 2801 496 2869 in
510 2822 564 2886 se,
596 2815 636 2871 ut
658 2815 692 2871 et
711 2801 779 2893 ipsi
802 2801 874 2873 sint
894 2801 1026 2894 accepti
1078 2801 1234 2886 iusticia,
1260 2798 1517 2894 qualiacunque
1531 2799 1602 2872 sint
1615 2823 1733 2893 opera.
1784 2800 1877 2873 Nam
1893 2803 2066 2875 iudicium

54 2895 129 2974 Deo.
160 2900 302 2974 Insticia
318 2915 438 2972 nostra
453 2902 554 2971 nulla
569 2925 686 2972 coram
701 2900 777 2973 Deo
794 2917 932 2994 accepta
950 2905 1028 2990 erit,
1076 2903 1135 2988 fis,
1172 2925 1253 2972 cnm
1282 2901 1497 2974 conscientia
1519 2902 1564 2972 de
1588 2901 1754 2994 operibus
1790 2905 1864 2976 suis
1897 2905 2064 2997 disputat,

1224 2454 1305 2557 Qui
1324 2454 1436 2533 credit
1457 2457 1497 2530 in
1513 2483 1610 2549 eum,
1638 2484 1712 2533 non
1736 2456 1935 2552 indicator,

54 2999 152 3072 immo
167 3003 266 3100 ipsae
279 3003 438 3074 iusticiac
451 3015 591 3074 nostrae
606 3018 709 3077 erunt
723 3003 825 3094 igniti
839 3019 1027 3097 serpentes.
1076 3028 1183 3099 quam
1214 3001 1512 3074 conflictationem
1546 3015 1658 3080 totam
1682 3005 1848 3081 absorbet
1877 3007 1982 3090 fides,
2023 3020 2065 3076 nt
2179 3016 2184 3027 ‘

54 3103 163 3195 ltaque
183 3107 269 3174 fides
289 3117 359 3189 est,
386 3100 454 3173 boc
479 3105 639 3186 credere,
681 3109 776 3200 quod
798 3100 961 3178 Christus
981 3107 1026 3178 sit
1077 3128 1166 3200 quae
1197 3127 1272 3175 non
1303 3103 1423 3198 aliquo
1452 3105 1596 3196 proprio
1625 3129 1731 3197 opere
1752 3107 1857 3194 fidat,
1897 3109 1959 3180 sed
1987 3107 2064 3177 solo

55 3205 231 3290 exaltatus,
257 3218 297 3275 ut
313 3217 519 3298 conspectus
533 3227 599 3274 nos
613 3229 633 3276 a
648 3219 760 3277 morte
774 3207 912 3278 liberet.
1076 3202 1231 3281 Christo.
1284 3201 1338 3277 'Et
1359 3201 1427 3276 hoc
1448 3207 1527 3276 loco
1550 3220 1602 3277 est
1624 3227 1787 3293 cernere,
1823 3212 1919 3304 quod
1942 3207 2064 3280 nullus

186 3367 252 3441 εἰσ
276 3368 373 3441 mim
398 3367 505 3442 Deus
530 3365 664 3444 dum
689 3367 865 3444 mundum
960 3415 964 3422 ἱ
1076 3309 1121 3381 εἰι
1136 3332 1282 3400 operum
1299 3317 1474 3399 respectus
1500 3307 1574 3378 sive
1590 3310 1768 3382 bonorum
1789 3309 2062 3384 sicomorum,

139 3507 255 3578 Addit
270 3507 464 3594 rationem,
489 3531 598 3600 qnare
618 3509 731 3580 lilium
747 3523 906 3602 oporteat
927 3511 1025 3602 erigi,
1356 3468 1437 3571 Qui
1456 3499 1537 3547 ⁰⁶²⁰
1559 3499 1634 3549 '⁸⁰⁶
1656 3474 1781 3556 ‘'edli-

50 3609 123 3699 qnia
136 3607 233 3681 Deus
250 3609 373 3680 dilexit
393 3611 589 3693 mnndum,
615 3635 690 3681 non
712 3611 876 3705 quianos
891 3615 1024 3685 merui·
1175 3611 1275 3684 Sicut
1297 3633 1402 3703 supra
1428 3610 1536 3699 dixit,
1579 3636 1654 3684 non
1682 3615 1840 3690 iudicare
1868 3620 2060 3699 credentes,

48 3733 128 3782 mus.
187 3716 258 3782 Ista
285 3711 524 3803 praesumptio
552 3713 683 3785 amoris
706 3711 773 3784 Dei
802 3715 945 3806 proprie
973 3729 1024 3787 est
1073 3715 1099 3788 i.
1107 3739 1135 3786 e.
1150 3715 1332 3789 absorberi
1344 3714 1414 3784 lide
1429 3737 1571 3784 omnem
1586 3714 1861 3810 disputationem
1877 3721 2060 3792 conscien-

47 3811 141 3894 fides,
186 3814 232 3884 ad
262 3806 355 3883 hanc
383 3813 581 3886 inflammat
602 3811 737 3886 Paulus'
764 3816 807 3885 ad
831 3812 938 3891 Rom.
962 3815 1022 3886 V.:
1074 3817 1143 3890 tiae
1167 3818 1211 3888 de
1233 3815 1418 3910 operibus:
1459 3816 1509 3887 ita
1530 3811 1589 3887 hic
1607 3818 1855 3895 incredulitate
1881 3822 2061 3892 absorberi

46 3908 271 3986 Commendat
291 3910 387 3985 Deus
407 3908 613 3988 charitatem
636 3941 752 4003 suam;
779 3910 813 3989 ει
834 3915 948 3992 Vlll.:
983 3919 1023 3990 Si
1073 3941 1196 3990 omnes
1219 3917 1476 4010 disputationes
1500 3916 1756 4008 conscientiae,
1787 3938 1822 3996 et
1850 3921 2057 4016 simpliciter

47 4009 134 4086 Dens
147 4039 212 4108 pro
226 4015 349 4096 nobis,
373 4016 454 4109 quis
473 4030 595 4090 contro
611 4018 704 4090 nos?
725 4019 786 4114 qui
809 4017 913 4091 etiam
938 4043 1022 4112 pro-
1073 4023 1257 4116 desperare
1280 4019 1527 4092 conscientiam
1540 4017 1584 4108 ⁶).
1635 4089 1653 4122 ⁶

46 4116 117 4205 prio
131 4118 203 4189 filio
219 4140 294 4187 non
311 4117 478 4215 pepercit.
1368 4183 1458 4258 Iam
1482 4183 1668 4261 iudicatus
1693 4199 1744 4263 m

1744 4247 1755 4280 2

163 4281 218 4358 Ul
236 4277 364 4377 filium
384 4307 495 4356 suum
517 4283 746 4381 “ntffmilum
772 4281 888 4364 ‘hm’
1071 4329 1168 4401 iuxta
1189 4326 1279 4399 illud
1299 4321 1445 4398 Denter.
1467 4323 1622 4402 livill:
1661 4325 1735 4417 Qui
1758 4329 1882 4401 audire
1902 4304 2058 4405 noluerit

136 4413 370 4509 Unigenitum
393 4433 513 4506 vocat,
546 4434 586 4492 ut
616 4421 791 4494 discernat
811 4423 928 4494 sfiliis
956 4425 1019 4495 ad·
1070 4453 1134 4524 ego
1148 4429 1245 4502 ultor
1259 4427 1414 4500 existam.
1467 4423 1514 4500 Ut
1536 4427 1646 4500 inira:
1676 4425 1797 4502 Moses
1818 4446 1888 4518 est,
1921 4435 1984 4530 qni
1999 4458 2058 4507 ac·

45 4517 177 4608 optivis.
232 4517 334 4591 Misit
351 4517 447 4591 Deus
469 4521 604 4607 lilium,
637 4522 706 4593 be.
729 4523 829 4596 dedit
851 4549 932 4597 curn
953 4549 1018 4618 pro
1070 4543 1168 4603 cusat
1188 4553 1262 4601 ros.
1319 4526 1417 4599 Haec
1442 4543 1493 4602 est
1524 4543 1641 4602 antem
1669 4533 1939 4622 condemnatio,
1972 4537 2055 4630 qnia

44 4621 184 4706 peccatis
214 4621 367 4708 nostris,
408 4636 441 4693 et
469 4623 601 4693 datum
624 4623 833 4714 glorificavit
860 4651 1018 4698 resume·
1068 4631 1241 4705 luxoenit
1255 4631 1295 4702 in
1310 4631 1484 4702 mundtim
1508 4653 1700 4724 coarguens
1723 4635 1844 4708 omnia
1866 4660 1972 4729 opera
1989 4632 2056 4709 bo-

43 4719 149 4834 ειίοεε
167 4745 188 4791 a
203 4723 371 4810 mortuis,
395 4738 437 4794 nt
455 4723 665 4818 adimpleret
684 4727 818 4803 omnia.
870 4726 1017 4816 ludicat,
1067 4735 1224 4820 minum,
1249 4747 1285 4805 et
1313 4735 1502 4805 ostendens
1526 4731 1700 4807 iusticiam
1726 4735 1831 4825 fidei,
1865 4752 1901 4810 et
1921 4739 2054 4810 dilexe-

42 4841 66 4889 ι.
78 4843 106 4892 ε.
123 4823 285 4909 damnet,
310 4825 399 4895 sicut
414 4825 481 4895 lex.
1068 4850 1153 4910 runt
1177 4831 1340 4930 homines
1366 4835 1476 4926 magis
1500 4836 1681 4918 tenebras,
1714 4837 1739 4914 i.
1755 4862 1785 4912 e.
1809 4862 1884 4910 non
1907 4853 2055 4929 egerunt

58 5020 66 5038 .
133 4921 213 4995 Hoc
228 4925 341 5017 capite
360 4927 566 5018 planissime
588 4929 760 5022 descripta
778 4943 830 5004 est
848 4931 1017 5003 iustifica-
1066 4935 1338 5031 poenitentiam,
1374 4937 1592 5008 duraverunt
1614 4939 1652 5008 in
1677 4939 1750 5011 suis
1772 4939 1940 5028 iusticiis,
1965 4964 2054 5035 quaa

43 5033 99 5096 tm.
146 5023 305 5098 Primum
327 5029 423 5097 enirn
450 5032 669 5123 propositum
694 5047 765 5115 est,
794 5032 1015 5105 nativitatem
1065 5042 1181 5112 lucem
1199 5039 1467 5132 esseputobsnt.

43 5126 149 5195 carnis
166 5127 205 5196 in
220 5141 333 5199 totum
349 5129 571 5203 immundam
592 5157 684 5219 esse,
708 5158 782 5203 non
799 5157 898 5227 posse
912 5135 1015 5207 iusti·

42 5221 129 5338 icari
143 5227 219 5350 nisi·
227 5243 378 5350 renatos.
404 5228 808 5354 Eamregeneratipnem
823 5235 898 5309 lieri
913 5261 1014 5331 aqua,
1097 5301 1249 5362 mm
1267 5303 1318 5370 m
1335 5301 1508 5367 mm
1565 5303 1620 5357 m
1635 5303 1763 5358 mm
1780 5309 1825 5356 m

41 5345 99 5396 ne.
116 5331 383 5406 mortificatione
396 5348 431 5407 et
448 5351 589 5428 sprrstu,
606 5336 849 5430 *qutnvtfissls
873 5337 1014 5413 Deinde
1097 5369 1129 5434 s)
1147 5372 1216 5424 roo.
1233 5383 1298 5425 m
1314 5336 1523 5427 commta)
1546 5317 1565 5370 ¹¹
1826 5342 1834 5358 ’
