4714 5826
74 165 122 237 73
492 160 539 234 X.
590 156 892 240 axamcarto
925 155 1335 238 altovunaioituea
1365 155 1667 240 SALOMONIS.
1858 223 1864 240 ,
2039 165 2087 241 tt

117 321 278 402 Ferrum
285 330 396 431 ferro
411 329 574 407 acuitur:
599 330 654 404 sic
667 325 778 404 homo
796 331 897 407 acuit
908 328 1051 431 sociem
1100 331 1308 402 iudicandas
1337 353 1411 404 esse
1438 345 1662 406 monstratas.
1721 329 1798 404 lmo
1820 333 1925 404 etiam
1955 357 1997 404 ex
2019 329 2087 404 bo-

171 432 296 506 amisi.
1100 433 1208 504 stium
1233 432 1401 523 exemplis
1422 435 1533 506 multa
1555 435 1752 508 discuntur.
1814 433 1898 506 ldeo
1921 435 2088 508 laudatur

1101 554 1223 604 versus
1237 531 1443 660 Sophoclis:
1465 532 1525 610 oiri
1544 535 1695 659 ἐχθρῷ
1709 531 1825 610 πολλὰ
1842 529 2087 632 μανθάνουσι

169 585 415 674 Agnoscamus
436 583 677 656 infirmitatem
707 595 884 670 nostram,
910 597 945 655 et
964 582 1053 654 scia·
1127 633 1137 658 a

69 708 164 772 mus,
189 688 348 778 singulos
364 681 527 758 homines
543 689 653 757 multa
669 687 850 778 ignorare,
877 707 979 778 saepe
996 707 1053 756 er·
1102 662 1137 708 ⁰⁶
1154 656 1279 734 σοφω·

68 811 142 858 rare
166 802 202 859 el
226 790 319 875 labi,
355 789 446 859 §ltili
473 786 645 859 salomon
677 787 813 883 inquit:
850 787 1051 860 Stultorum
1150 795 1388 900 Siculsacigs
1404 798 1443 870 ἰη
1459 799 1586 900 aquis:
1611 799 1666 872 51⁸0
1681 824 1742 872 σοι·
1755 794 1920 872 hominis
1941 795 1997 872 ad
2015 791 2086 870 Ῐιο.

67 889 229 961 infinitus
246 904 298 962 est
314 913 495 963 numerus.
547 886 654 961 ltem:
683 886 748 960 Est
766 889 823 959 via
847 913 936 982 quae
952 889 1051 957 vide-
1202 901 1348 978 minem,

66 1003 123 1060 tur
137 987 279 1061 bomini
295 1003 408 1077 recta,
422 1004 456 1061 et
470 991 662 1062 novissima
678 993 813 1062 ducunt
827 993 871 1060 ad
888 1002 1048 1061 mortem.

66 1087 111 1162 Εἰ
124 1105 220 1164 extat
237 1088 324 1162 haec
338 1091 480 1186 querela
503 1093 542 1162 in
558 1092 754 1163 multorum
775 1091 926 1183 scriptis.
976 1089 1052 1162 Eu—

66 1193 198 1284 ripides
215 1194 351 1288 inquit:
376 1192 489 1265 Nemo
505 1217 598 1265 unus
612 1194 708 1268 videt
724 1194 864 1278 omnia,
891 1187 942 1273 alc
956 1185 1052 1288 ἀνὴρ

67 1291 109 1366 οὐ
131 1292 259 1368 πάντα
287 1290 371 1391 ὁρᾷ.
441 1290 641 1386 Theognis:
684 1290 807 1376 οὐδεὶς
835 1287 1053 1391 ἀνθρώπων

69 1391 166 1468 ἐστὶν
182 1391 332 1470 ἅπαντα
349 1389 477 1493 σοφός.

1202 1051 1303 1125 Sicut
1316 1051 1423 1124 iacies
1438 1053 1477 1122 in
1491 1052 1593 1145 aquis
1609 1067 1815 1145 apparentes
1831 1053 1989 1124 lubricae
2005 1064 2089 1124 sunt

1100 1168 1135 1226 et
1156 1167 1420 1226 evanescentes:
1455 1155 1504 1226 ita
1539 1157 1649 1226 corda
1673 1169 1757 1226 sunt
1785 1153 2022 1226 inconstantia
2054 1167 2089 1224 et

1099 1255 1249 1328 fallacia.
1306 1253 1442 1326 Passim
1473 1270 1590 1326 autem
1612 1256 1744 1328 similes
1769 1257 1932 1352 querelae
1959 1269 2089 1340 extant,
2138 1269 2142 1282 '

1099 1359 1144 1428 de
1160 1357 1398 1429 inconstantia
1414 1351 1562 1428 humani
1580 1359 1714 1444 cordis,
1735 1370 1794 1432 ut:
1811 1357 1993 1453 Nusquam
2010 1371 2087 1430 tuta

164 1517 220 1584 Ac
234 1513 332 1586 Deus
347 1529 533 1607 propterea
547 1539 612 1585 nos
628 1516 674 1584 ad
690 1512 1049 1585 communicationem
1100 1460 1197 1532 fide&
1246 1458 1371 1620 ἑξᾝ
1392 1558 1510 1619 fortuna
1531 1569 1648 1638 ,mque
1671 1557 1809 1639 caditque
1829 1559 1916 1620 fide,

67 1616 416 1736 ⁸⁰m⁰ni⁵.⁰⁰ndldil
430 1617 631 1709 praecipue’
656 1629 697 1686 ul
712 1616 775 1687 alil
788 1615 877 1734 alli„
893 1617 1052 1700 ‘imm’
1125 1663 1127 1683 ¹
1198 1660 1290 1733 Cum
1305 1675 1423 1733 autem
1439 1674 1577 1733 taxatur
1591 1662 1829 1733 inconstantia
1838 1656 1986 1734 humani
2006 1686 2086 1731 cor·

69 1731 102 1788 el
121 1718 279 1787 ⁰⁰⁰⁸¹¹¹l⁵
302 1730 438 1807 ‘egam‘
489 1717 575 1788 ¹d²⁰
596 1714 730 1789 P⁸⁰l⁰⁸
754 1719 888 1810 inqml‘
920 1713 1052 1787 nme
1099 1761 1173 1850 dis,
1214 1786 1403 1835 monemur
1435 1787 1481 1832 ne
1512 1765 1614 1835 facile
1647 1765 1833 1836 credamus
1867 1759 2086 1834 hominibus.

69 1832 102 1890 ‘l
119 1820 408 1889 ⁶⁰¹¹¹¹⁰⁰¹¹fff³⁰lle
437 1843 500 1890 l⁰³
524 1831 661 1890 mmm·
720 1815 770 1890 El
792 1816 969 1890 sisaim
992 1840 1052 1887 ⁰³⁸
1100 1863 1184 1935 ldeo
1208 1860 1295 1936 baec
1316 1867 1514 1937 admonitio
1535 1889 1637 1958 saepe
1660 1865 1808 1958 repetita
1832 1881 1902 1948 est,
1928 1877 1968 1936 ut
1990 1867 2084 1955 apud

69 1919 204 2012 pnes*
238 1919 277 2016 sl
291 1920 424 1991 videm
446 1921 563 1990 Vllum
587 1921 801 2012 sapientem
827 1944 930 1992 mne
953 1941 1052 1988 Μ’
1099 1965 1325 2038 Ciceronem:
1352 1963 1609 2058 Epicharmiun
1632 1968 1723 2038 illud
1744 1981 1882 2054 teneto,
1916 1962 2085 2060 μέμνησο

70 2022 318 2193 gamuel?
343 2023 523 2114 “gram
542 2035 669 2092 ”⁰⁰³⁶
693 2046 768 2093 ⁶¹⁰⁸
790 2034 967 2094 ‘mmm
987 2043 1050 2114 μ’
1099 2065 1289 2150 ἀπιστεῖν,
1327 2091 1456 2137 nervos
1496 2082 1600 2160 atque
1641 2083 1739 2139 artus
1771 2092 1845 2140 esse
1880 2067 2085 2160 sapientiae.

163 2238 330 2333 Denique
348 2240 504 2331 plurima
534 2240 626 2310 dieta
656 2251 757 2324 sunt,
790 2260 880 2331 quae
906 2237 1043 2330 praeci·
1101 2169 1205 2241 hem:
1233 2166 1335 2257 Qum
1357 2171 1471 2238 mdis
1490 2170 1598 2254 fid⁰⁸’
1621 2170 1754 2258 ὤμ’
1780 2183 1876 2242 '⁰²⁰⁵
1903 2169 1984 2242 ²¹3⁸·
2036 2167 2086 2241 El
2171 2253 2175 2260 .

68 2341 164 2432 piunt
177 2343 305 2412 audire
319 2343 512 2433 peritorum
528 2339 675 2410 consilia
694 2353 729 2409 et
741 2339 886 2421 iudicia,
913 2352 947 2409 ct
962 2363 1051 2411 con·
1098 2295 1138 2344 m
1156 2269 1303 2444 lefflefl
1311 2263 2091 2464 hilzlglssgglglgtqsslpffigdglelgolclprtillnlgl’e·m

68 2445 150 2512 ferre
166 2441 400 2532 cogitationes
413 2465 493 2512 cum
508 2442 598 2515 aliis.
650 2437 699 2511 Et
714 2441 923 2536 quotidiana
942 2465 1050 2532 expe-
1096 2475 1259 2565 dogma„
1273 2475 1420 2560 chco,
1445 2475 1520 2546 30¹3
1540 2471 1694 2545 humana
1709 2475 1897 2547 autoritate
1915 2474 2005 2545 mou
2021 2497 2087 2566 ap·

69 2545 185 2665 ricptia
211 2543 388 2635 ostendit,
423 2567 528 2662 quam
556 2542 859 2662 sitpericqlpsum
881 2537 1049 2661 ldeollvv·
1096 2577 1305 2667 probemus,
1338 2577 1399 2647 sed
1426 2576 1542 2648 fontes
1572 2598 1784 2670 quaeramus
1812 2577 1850 2646 in
1876 2576 2085 2648 doctrinae

69 2649 189 2764 lilim·
222 2640 301 2765 ,El
322 2646 580 2764 de·³,¹¹¹fi⁰¹b⁰⁸
610 2639 678 2713 h⁰⁰
702 2645 852 2763 ‘l'cflur‘
886 2641 1048 2764 Q¹J¹⁵fl¹¹⁰
1095 2675 1174 2749 Deo
1201 2679 1342 2750 tradita·
1392 2674 1531 2748 Deinde
1553 2700 1599 2748 ne
1621 2677 1745 2747 contisi
1767 2675 1934 2750 humanis
1949 2677 2084 2769 praesi-

69 2749 559 2872 ³¹.b¹.l³²⁵f¹m¹¹,³m,f’g¹⁵l⁰¹f⁵l'
584 2740 1048 2864 EtE⁰r¹l³¹d⁰⁸fl¹¹lc¹⁵⁸¹¹¹le
1096 2779 1165 2853 diis
1194 2800 1399 2850 moveamus
1421 2801 1477 2849 res
1500 2803 1576 2850 non
1604 2780 1834 2862 necessarias,
1869 2779 1966 2873 quia
1982 2800 2085 2871 saepe

69 2850 163 2919 ‘hm‘
195 2849 325 2939 ομιλια
349 2871 446 2920 ετεκε
466 2869 618 2940 “drab
649 2845 882 2918 C⁰¹¹vef⁵³¹¹⁰
908 2859 1047 2939 l'll’fflt
1095 2876 1454 2954 mutaturbominum
1472 2881 1684 2964 voluntates,
1709 2895 1765 2952 ut:
1790 2875 1965 2952 Octavius
1982 2882 2083 2950 dese·
2141 2899 2149 2914 ·

69 2962 169 3041 artes,
198 2971 280 3018 cum
295 2949 461 3066 videlicet
475 2949 592 3066 multi·
602 2970 681 3066 suas
705 2947 934 3038 cogitatl⁰¹¹²⁸
959 2971 1046 3017 ⁰⁰¹¹*
1095 2983 1170 3054 ruit
1184 2981 1403 3055 Ciceronem.
1455 2983 1549 3054 Dion
1574 2981 1751 3054 interfecit
1777 2981 2001 3052 Heraclidem
2026 3006 2085 3050 so-

66 3051 195 3135 lerunt,
222 3063 257 3120 et
269 3047 331 3119 alu
347 3051 501 3123 aliorum
517 3049 657 3119 iudiciis
673 3061 735 3120 aut
755 3049 925 3140 exemplis
947 3073 1052 3120 com-r
1095 3086 1199 3156 epum·
1264 3084 1434 3178 calippo,
1468 3083 1642 3168 Dionem,
1690 3085 1749 3156 cui
1788 3084 2085 3156 familiarissimus

66 3155 268 3225 moneiunt.
1095 3189 1221 3259 fuerat.

160 3254 216 3325 Ac
231 3275 287 3323 res
307 3252 382 3344 ipsa
396 3252 568 3334 ostendit,
594 3251 776 3343 corrumpi
799 3249 978 3321 doctrinas
1000 3250 1045 3321 ab

69 3355 125 3437 iis,
153 3355 315 3450 quinon
339 3354 492 3424 audiunt
514 3353 623 3434 alios,
650 3355 711 3422 sed
732 3351 845 3424 abditi
869 3352 965 3425 velut
987 3352 1042 3423 lu·
1408 3400 1445 3490 c
1530 3410 1547 3488 t
1574 3399 1782 3486 XXVIII·

70 3457 214 3547 dlugnr,
247 3457 388 3546 lingunt
419 3478 463 3525 ex
497 3477 572 3524 sese
600 3477 712 3525 novas
739 3454 944 3545 opiniones,
978 3455 1044 3524 ab·
1311 3467 1313 3474 ’
1446 3425 1529 3510 al)u

67 3554 245 3678 h⁰“?¹¹²²³
268 3579 287 3626 ³
309 3558 458 3647 P¹⁰b³l³
484 3558 607 3676 ,s⁰¹'¹¹¹³‚
629 3555 885 3630 ‘minarum‘
938 3553 1045 3626 Τὼ
1143 3577 1297 3681 Propter
1312 3577 1445 3652 delicta
1461 3571 1579 3651 terreri
1588 3579 1658 3651 citu
1674 3577 1749 3652 alii
1763 3589 1847 3678 post
1867 3575 2083 3674 aliosfiunt

66 3661 160 3729 mults
184 3682 288 3730 nunc
308 3669 407 3744 sunt,
433 3683 496 3752 qur
518 3659 716 3748 gloriantur
737 3679 774 3726 se
797 3679 871 3726 esse
893 3651 1039 3729 adrode-
1193 3682 1386 3782 prmum

68 3755 240 3850 δάκτους,
265 3773 299 3831 et
315 3783 377 3830 sua
393 3760 529 3833 somnia
546 3761 798 3843 admirantur,
811 3780 878 3828 nee
892 3759 1044 3830 audiunt

68 3865 211 3934 aliorum
227 3877 395 3932 sanorum
411 3860 557 3931 iudicia.
602 3859 670 3932 Sed
689 3884 753 3930 nos
769 3860 962 3951 praeceptis
976 3863 1043 3931 ob-

66 3981 312 4058 temperemus,
336 3985 426 4056 quae
441 3963 567 4033 iubent
589 3964 714 4034 audire
729 3962 880 4053 peritos,
906 3975 941 4033 et
955 3987 1043 4032 con-

67 4061 210 4136 feramus
225 4077 364 4134 nostras
378 4063 608 4154 cogitationes
630 4088 709 4133 cum
731 4063 829 4149 aliis,
844 4077 893 4133 ‘ut
909 4061 1045 4135 Paulus
1194 4072 1351 4146 Uritatpe
1373 4073 1536 4166 querelae
1551 4084 1652 4156 supr,
1678 4071 1722 4140 de
1743 4069 1944 4162 principum
1962 4071 2078 4162 negli-

67 4167 189 4261 inquit:
216 4165 348 4236 Docere
363 4165 700 4236 recommonesacics
715 4176 928 4238 vosmueuo.
1092 4177 1225 4266 gentis,
1251 4179 1295 4247 de
1310 4175 1602 4268 expilationibus,
1626 4175 1671 4243 de
1687 4173 1906 4262 neglectiore
1923 4172 2077 4243 iudicio-

156 4283 212 4354 De
233 4278 301 4352 hac
317 4281 505 4355 collatione
528 4281 743 4352 iudiciorum
763 4295 796 4352 et
810 4281 1040 4352 consiliorum
1092 4303 1171 4348 rum
1203 4291 1240 4348 et
1272 4277 1488 4350 defensione.
1553 4274 1599 4348 Et
1631 4275 1783 4366 populus
1812 4287 1951 4345 accusat
1980 4275 2074 4365 ipsos

68 4383 217 4480 loquitur
232 4398 267 4456 et
280 4379 365 4455 baec
379 4383 570 4456 se‘ntentia:
598 4383 750 4454 Ferrum
771 4385 868 4453 ferro
891 4385 1042 4470 acuitur,
1092 4380 1268 4472 principes
1283 4393 1318 4450 et
1338 4378 1460 4459 aulas,
1485 4378 1581 4448 iusta
1597 4400 1757 4448 versum:
1785 4373 1964 4471 Quicquid
1987 4377 2077 4445 deli-

68 4487 108 4557 sic
127 4487 221 4558 acuit
252 4486 378 4557 artilex
400 4487 580 4556 artificem.
638 4483 736 4554 Haec
762 4485 944 4574 diligentia
965 4485 1041 4576 pri·
1091 4496 1172 4552 rant
1201 4504 1299 4571 reges
1327 4481 1530 4574 plectuntur
1558 4473 1699 4549 Achivi.
1761 4475 1830 4548 Sed
1857 4501 1925 4547 vox
1953 4477 2074 4546 divina
2130 4495 2137 4510 ·

69 4611 154 4659 mum
178 4589 373 4660 modestiae
393 4610 474 4679 pars
497 4601 568 4678 est,
596 4588 775 4677 propriam
798 4587 1038 4657 infirmitatem
1089 4596 1258 4676 utrosque
1273 4598 1427 4662 accusat,
1453 4581 1630 4673 principes
1653 4591 1687 4650 et
1708 4579 1899 4672 populum,
1924 4590 1965 4649 ut
1980 4574 2077 4650 Osca
2189 4604 2195 4614 ’

69 4689 327 4761 considerantis.
366 4687 506 4760 Deinde
521 4688 711 4779 prudentia
728 4700 780 4758 est
802 4689 958 4759 studium
983 4688 1041 4758 di·
1088 4683 1123 4756 4.
1138 4685 1286 4756 dicitur:
1314 4683 1440 4774 Qualis
1456 4683 1609 4774 populus
1622 4681 1702 4753 talis
1721 4682 1895 4754 sacerdos.
1937 4679 2072 4752 Etsae-

69 4794 175 4862 scendi
198 4817 288 4886 quae
304 4792 460 4880 ignoras.
508 4786 559 4864 Et
581 4813 686 4880 supra
703 4788 873 4861 Salomon
890 4790 1039 4860 laudans
1089 4811 1131 4879 pe
1153 4786 1389 4878 praedicitur,
1421 4798 1567 4876 propter
1587 4793 1728 4877 peccata
1752 4783 1874 4873 populi
1898 4805 1972 4850 non
1996 4783 2072 4851 dari

68 4888 159 4964 fidele
174 4893 361 4964 consilium
376 4891 512 4987 inquit:
542 4889 591 4962 Ut
605 4891 702 4960 cordi
719 4913 842 4962 suaves
864 4905 947 4962 sunt
965 4891 1037 4961 ira·
1087 4891 1256 4960 salutares
1277 4887 1471 4980 principes,
1497 4900 1536 4957 ut
1555 4883 1681 4956 Esaiae
1702 4883 1756 4952 da
1783 4878 1930 4954 Auferet
1946 4881 2073 4954 Domi-

70 5011 196 5080 grantes
212 4996 359 5074 odores,
386 4995 435 5064 sic
461 4994 594 5062 amicus
615 4991 730 5062 dulcis
753 5005 823 5077 est,
847 4994 937 5062 dans
951 5016 1036 5062 con·
1088 5013 1155 5062 nus
1170 4989 1377 5059 bellatorem
1393 5001 1427 5059 et
1444 4989 1596 5058 iudicem
1613 5001 1647 5057 et
1662 4978 1888 5078 Prophetam.

70 5095 172 5166 silium
193 5097 340 5165 animae.
393 5093 526 5165 Scribit
551 5093 737 5188 Synesius:
767 5093 927 5185 Apellam
950 5095 1037 5162 soli·
1190 5089 1242 5160 lta
1267 5085 1326 5160 hic
1350 5090 1452 5160 dicit:
1476 5081 1629 5186 Propter
1645 5095 1793 5185 peccata
1811 5092 1945 5168 terrae,
1973 5088 2070 5157 scili·

71 5207 132 5266 turn
152 5222 224 5268 esse
244 5191 416 5268 adbibere
438 5196 588 5268 iudicem
605 5196 823 5288 picturarum
841 5195 1035 5292 Lysippum
1086 5207 1162 5279 cet,
1186 5193 1388 5286 principum
1406 5205 1440 5262 ct
1458 5192 1601 5284 populi,
1627 5185 1738 5259 multi
1752 5181 1852 5290 fiunt
1876 5185 2070 5290 principes,

71 5301 284 5384 statuarium,
310 5312 346 5369 et
369 5297 523 5368 vicissim
545 5320 564 5366 a
588 5295 745 5390 Lysippo
768 5312 899 5371 statuas
914 5293 1033 5389 Apelli
1086 5295 1213 5380 idest,
1240 5295 1331 5365 nulli
1350 5295 1595 5380 didragmam,
1622 5292 1678 5361 vel
1691 5289 1795 5361 multi
1811 5289 1991 5362 discordes
2014 5314 2070 5359 re·
2146 5321 2151 5326 ·

1143 3815 1198 3889 Et
1219 3827 1367 3916 propter
1391 3815 1507 3889 virum
1530 3811 1742 3914 prudentem
1766 3824 1798 3887 et
1813 3811 2077 3910 intelligentem

1195 3913 1408 3992 durabilius
1423 3930 1474 3990 est
1491 3919 1694 4018 imperium.
2048 3927 2049 3930 ’
