4714 5826
261 127 352 220 147¹

263 304 359 397 quod
386 303 469 387 scit,
499 298 579 371 Deo
600 299 839 372 obediendum
861 323 954 384 esse,
980 313 1016 371 et
1037 294 1154 370 Deum
1177 297 1248 368 mi·

261 405 424 476 rabiliter
455 417 677 473 servaturum
707 426 781 473 esse
815 398 1029 481 Ecclesiam,
1082 415 1121 471 ut
1150 402 1246 492 apud

263 503 405 576 Esaiam
427 506 575 575 dicitnr:
602 503 678 594 Ego
701 505 843 594 gestabo
859 527 942 593 vos,
969 503 1075 573 etiam
1092 502 1130 571 in
1145 526 1247 572 seue-

263 621 330 681 cta.
386 606 491 678 item:
524 603 572 676 Et
597 619 718 698 portae
743 606 941 676 inferorum
966 630 1040 675 non
1066 605 1248 696 praevale-

262 711 353 781 bunt
369 712 538 780 adversus
553 732 643 780 eam.

367 832 510 914 Tertius
526 842 622 911 locus
639 854 690 911 est
706 841 752 910 ab
770 838 879 924 Uetti,
894 839 1059 931 praemiis
1073 853 1110 911 et
1124 861 1144 908 a
1161 863 1248 932 poef

263 946 338 1025 nis,
364 943 517 1014 discerni
540 966 672 1034 poenas
691 943 864 1012 atrocium
889 942 1060 1012 scelerum
1080 942 1186 1012 etiam
1208 942 1246 1011 iu

263 1042 330 1116 lfac
346 1047 437 1130 vita,
464 1059 498 1115 et
520 1059 639 1114 tamen
664 1056 743 1134 post
763 1037 855 1112 hanc
875 1044 983 1112 vitam
1006 1040 1165 1113 Ecclesia
1186 1066 1247 1112 or-

265 1147 587 1217 nabitur'aeternis
612 1145 734 1227 bonis,
766 1156 802 1214 et
829 1144 932 1234 impii
965 1144 1178 1214 abiicientur
1206 1143 1246 1212 in

264 1264 428 1319 aeternos
451 1248 640 1319 cruciatus.
697 1245 766 1315 Hie
795 1245 904 1334 igitur
925 1248 1051 1316 tertius
1073 1246 1173 1316 locus
1195 1257 1247 1316 est

263 1353 302 1420 iu
328 1348 395 1420 hoc
415 1349 692 1430 libro,‘scilicet
716 1346 965 1429 comminatio,
990 1371 1081 1439 quae
1106 1349 1247 1416 denun-

263 1453 331 1524 ciat
346 1475 478 1539 poenas
494 1451 660 1521 omnibus
677 1449 921 1539 peccantibus,
945 1472 1020 1517 non
1044 1449 1160 1518 solum
1186 1472 1246 1517 ex-

265 1567 318 1624 tra
335 1551 548 1635 Ecclesiam,
575 1555 635 1620 sed
660 1552 765 1622 etiam
791 1550 828 1617 iu
844 1549 1019 1635 Ecclesia,
1049 1564 1089 1619 ut
1110 1551 1245 1644 inquit:

263 1654 366 1748 Scio,
392 1656 488 1747 quod
511 1655 601 1723 bene
624 1653 691 1723 erit
711 1649 1077 1754 timentibupDeum,
1110 1664 1146 1724 et
1170 1674 1246 1723 nou

264 1759 357 1826 bene
372 1760 440 1826 erit
455 1755 576 1848 impio.
902 1780 917 1826 s

367 1888 444 1959 Hos
458 1913 532 1960 esse
549 1889 760 1979 principales
776 1887 873 1957 locos
888 1883 994 1957 huius
1013 1885 1095 1956 iibri
1111 1897 1245 1955 certum

264 2007 328 2068 est.
380 1992 505 2062 Postea
530 1992 641 2062 multa
664 1993 756 2060 dicta
780 1994 823 2059 de
846 1990 1096 2059 communibus
1111 1988 1246 2057 ereuti-

264 2098 350 2180 bus,
375 2107 407 2164 et
424 2096 467 2162 de
483 2094 606 2162 multis
618 2092 810 2162 virtutibus
829 2091 1033 2160 miscentur.
1076 2087 1147 2160 Sed
1164 2086 1247 2159 nni-

264 2219 363 2266 versa
379 2195 540 2264 doctrina
556 2195 707 2264 refertur
722 2196 764 2263 ad
783 2188 849 2262 hoc
859 2207 981 2283 caput:
1008 2188 1133 2261 Deum
1149 2189 1246 2271 time,

265 2305 296 2369 el
313 2288 497 2366 mandata
515 2295 592 2364 eius
611 2289 781 2375 observa,
808 2294 871 2364 ubi
894 2309 1006 2365 totum
1024 2296 1180 2380 cultum,
1199 2294 1247 2388 ti-

266 2425 423 2480 morem,
455 2399 558 2466 fidem
583 2412 617 2467 et
640 2397 735 2466 hona
760 2418 866 2485 opera
887 2394 1143 2485 complectitur.
1200 2391 1249 2462 Et

264 2505 312 2573 ita
331 2501 535 2592 profuturae
551 2512 635 2569 sunt
652 2493 758 2567 huius
773 2497 857 2566 libri
872 2495 1152 2579 admonitiones,
1166 2516 1246 2565 cum
1263 2565 1265 2570 ,

264 2601 472 2692 adiungitur
492 2600 652 2670 doctrina
678 2595 781 2684 fidei,
808 2603 852 2668 de
876 2620 961 2668 vero
978 2595 1071 2683 Deo,
1098 2600 1143 2666 de
1161 2620 1247 2666 con-

266 2705 429 2776 versione
449 2726 510 2773 εει]
533 2703 769 2793 poenitentia,
800 2704 843 2770 de
865 2698 1046 2790 agnitione
1065 2699 1159 2793 Filii,
1172 2698 1249 2785 Dei,

267 2810 311 2900 de
326 2805 464 2878 iusticia
479 2805 580 2888 fidei,
607 2820 640 2874 et
661 2805 705 2872 de
722 2826 813 2872 nova
831 2802 1045 2875 obedientia.
1097 2800 1243 2874 Concio-

266 2923 370 2980 natur
397 2908 493 2977 enim
515 2906 739 2976 auditoribus
761 2906 798 2974 in
815 2927 895 2972 vera
911 2899 1248 2998 Ecclesia,-quibus

264 3008 362 3082 Deus
383 3033 420 3078 se
442 3008 622 3099 patefecit,
647 3020 681 3076 et
704 3006 954 3096 promissiones
972 3006 1129 3080 tradidit.
1180 3007 1247 3076 At·

265 3137 333 3206 que
357 3112 405 3181 ita
419 3111 563 3201 placent
579 3106 654 3177 Deo
671 3131 775 3198 opera
792 3108 1005 3192 vocationis,
1032 3121 1066 3179 et
1088 3103 1127 3176 hi
1146 3109 1248 3178 labo-

265 3237 320 3284 res
343 3213 436 3283 vitae
460 3211 550 3280 fiunt
573 3213 688 3280 cultus
708 3208 796 3292 Dei,
829 3232 908 3278 cum
939 3210 1027 3278 fides
1058 3211 1247 3300 praelucet,

265 3339 334 3409 qua
360 3323 477 3383 corani
492 3313 568 3382 Deo
594 3328 739 3403 propter
752 3309 884 3380 Filium
907 3313 1141 3380 redemtorem
1164 3311 1248 3381 iusti

265 3431 489 3507 reputamur,
516 3429 550 3484 et
566 3409 630 3483 hac
648 3415 721 3503 ips'a
745 3413 813 3481 fide
829 3413 960 3501 petitur
978 3415 1189 3502 gubernatio
1215 3427 1248 3484 et

266 3518 437 3588 auxilium
461 3541 480 3584 a
504 3514 599 3598 Deo,
624 3517 714 3584 sicut
731 3511 908 3582 Dominus
923 3514 1059 3608 inquit:
1086 3513 1172 3586 Sine
1195 3539 1249 3583 nse

267 3617 360 3689 nihil
379 3617 522 3709 potestis
544 3617 668 3686 faeere.
720 3613 826 3683 item:
854 3613 998 3702 Quanto
1016 3619 1127 3706 magis
1151 3632 1250 3708 pater

268 3735 382 3791 vester
405 3719 565 3788 coelestis
589 3717 687 3787 dabit
709 3713 881 3806 Spiritum
905 3731 1066 3786 sanctum
1096 3720 1249 3808 petenti-

267 3826 345 3895 bus.
396 3817 538 3890 Etcum
557 3818 644 3888 fides
661 3818 748 3907 regit
768 3818 915 3895 labores,
940 3817 1048 3885 simul
1067 3821 1171 3890 refert
1190 3843 1250 3888 eos

207 3961 208 3966 1
266 3929 311 3996 ad
328 3923 475 4015 gloriam
492 3920 571 3993 Dei.
620 3917 686 3990 Est
702 3920 798 3987 enim
816 3921 930 3987 cultus
946 3917 1249 4010 DeiopusaDeo

268 4028 494 4109 mandatum,
520 4025 650 4092 factum
673 4020 799 4089 fiducia
824 4018 907 4090 Filii
932 4019 1015 4104 Dei,
1048 4023 1148 4094 errius
1169 4024 1251 4092 finis

261 4126 474 4218 principalis
497 4140 564 4208 est,
597 4138 638 4194 ut
660 4118 745 4191 haee
769 4122 972 4192 obedientia
997 4119 1073 4192 Deo
1102 4139 1250 4218 praestet

270 4226 455 4311 honorem,
481 4241 515 4296 et
531 4227 709 4302 ostendat,
731 4247 797 4294 nos
812 4219 907 4293 hunc
922 4250 1044 4294 verum
1062 4224 1175 4296 Deum
1193 4227 1251 4294 in-

271 4355 416 4412 vocare,
442 4330 503 4420 qui
528 4351 563 4396 se
586 4328 625 4395 iu
644 4323 800 4394 Ecclesia
823 4326 996 4416 patefecit.
1047 4325 1145 4398 Haec
1166 4330 1251 4398 fidos

269 4433 373 4500 etiam
400 4423 502 4499 affert
527 4453 646 4520 pacem
669 4427 787 4505 cordi,
815 4427 897 4520 quia
913 4428 1055 4498 subiicit
1074 4453 1139 4499 nos
1162 4431 1251 4512 Deo,

268 4533 392 4604 statuit
408 4529 522 4600 Deum
539 4533 658 4599 adesse
673 4530 871 4600 adiutorem
889 4543 923 4599 et
941 4530 1182 4617 liberatorem,
1208 4533 1252 4600 do

270 4660 338 4728 qua
364 4632 495 4702 Paulus
519 4633 622 4702 dicit:
650 4628 723 4699 Pax
744 4630 810 4700 Dei
835 4653 1004 4721 superans
1025 4634 1145 4702 omnia
1167 4658 1252 4703 con-

271 4737 350 4806 silia
371 4735 499 4804 mentis
513 4729 708 4816 humanae,
735 4732 909 4802 custodiat
931 4737 1175 4807 cordavestra.

374 4869 465 4940 Cum
479 4881 596 4938 autem
615 4867 731 4935 variae
747 4867 940 4937 sententiae
962 4868 999 4935 iu
1024 4863 1087 4935 has
1110 4869 1253 4937 concio-

271 4995 333 5039 nes
358 4995 496 5060 sparsae
518 4972 608 5053 sint,
643 4969 829 5058 prudentia
861 4964 1073 5038 adhibeatur
1094 4970 1132 5038 in
1158 4971 1253 5039 iudi-

272 5075 386 5142 cando
411 5073 614 5141 discrimine
643 5093 794 5162 carrum„
835 5065 889 5138 Αε
917 5070 955 5138 in
984 5071 1189 5141 universum
1215 5073 1254 5140 in

273 5175 438 5245 omnibus
455 5175 593 5260 scriptis
610 5195 699 5265 quae
713 5171 897 5242 continent
911 5173 1120 5257 sententias,
1146 5197 1253 5263 gene-

272 5302 311 5348 ra
328 5276 499 5364 distingui
514 5299 653 5346 necesse
672 5288 731 5345 est.
775 5271 816 5344 ln
834 5274 942 5344 sacris
959 5274 1059 5346 libris
1075 5276 1144 5348 alia
1159 5279 1252 5347 dicta

856 119 984 200 Plilb'.
1008 121 1125 200 MEL.
1143 119 1369 218 ,scutum
1384 133 1386 138 ’
1400 121 1701 206 uxmurtca.

2210 137 2274 216 ffb

1297 297 1543 392 suntbegalia,
1558 299 1865 399 aliaEvangelica,
1887 305 1956 378 elia
1971 298 2188 402 Dogmatiea,
2208 313 2271 386 alia

1298 397 1558 491 consolatoria,
1572 406 1640 476 alia
1657 400 1865 498 simpliciter
1879 407 2108 483 Narrationes
2122 416 2165 484 dc
2174 437 2272 485 eveu-

1297 504 1410 590 tibus,
1435 527 1498 576 seu
1513 507 1618 578 bouis
1633 531 1695 579 seu
1711 510 1826 582 malis·

1399 635 1528 728 Legale
1543 653 1613 725 est,
1638 655 1679 712 nt
1703 641 1743 711 in
1767 637 1835 712 hoc
1854 643 1948 714 libro
1969 666 2074 736 saepe
2093 647 2270 736 repetitum

1296 752 1521 829 praeceptum
1544 742 1590 812 de
1614 743 1818 814 vocatione:
1851 743 1985 815 Sedulo
2007 747 2113 818 facito
2133 751 2272 836 labores,

1296 861 1387 930 quos
1401 839 1466 910 tibi
1482 838 1578 912 Deus
1594 843 1704 919 dedit.
1754 841 1800 916 Et
1821 847 1865 914 ad
1883 863 2066 939 praecepta
2081 851 2272 940 adiungan-

1297 953 1359 1010 tur
1372 941 1684 1032 comminationes,
1709 958 1750 1018 ut
1765 941 1841 1018 hic:
1866 945 1949 1019 Non
1965 950 2056 1020 bene
2072 951 2139 1020 erit
2153 951 2271 1044 impio.

1395 1070 1612 1165 Evangelica
1632 1093 1733 1164 sunt,
1756 1094 1812 1151 ut:
1841 1077 1916 1170 Qui
1937 1083 2053 1178 credit
2072 1083 2111 1152 in
2136 1081 2271 1172 Filium,

1296 1169 1402 1245 habet
1416 1178 1526 1246 vitam
1535 1193 1733 1256 aeternam.
1767 1178 1813 1251 Et
1829 1176 1899 1251 huc
1914 1184 2115 1256 referantur
2137 1185 2203 1256 alia
2218 1187 2269 1256 di-

1296 1288 1350 1345 cta
1375 1278 1419 1347 de
1441 1278 1527 1365 fide,
1549 1281 1592 1350 de
1615 1281 1839 1352 invocatione
1854 1297 1889 1354 et
1904 1285 1948 1353 de
1963 1285 2271 1367 consolationibus,

1296 1399 1386 1469 quae
1410 1379 1539 1471 passim
1562 1403 1701 1473 sparsae
1721 1396 1805 1455 sunt
1825 1383 1871 1453 in'
1886 1385 2020 1456 divinis
2037 1373 2273 1472 concionibus,

1296 1492 1354 1550 nt:
1381 1478 1494 1552 Petite
1510 1494 1545 1553 et
1560 1483 1748 1574 accipietis.
1801 1481 1946 1574 Quanto
1965 1489 2076 1578 magis
2099 1500 2195 1578 pater
2216 1512 2273 1558 ve-

1296 1593 1369 1649 ster
1391 1583 1550 1652 coelestis
1572 1584 1671 1654 dabit
1685 1583 1861 1675 Spiritum
1885 1599 2045 1658 sanctum
2071 1587 2274 1680 petentibus.

1296 1677 1344 1751 Et
1358 1682 1396 1749 in
1412 1678 1480 1753 hoe
1493 1684 1604 1754 libro:
1628 1683 1702 1774 Qui
1724 1685 1821 1758 videt
1837 1689 1973 1758 bonum
1994 1689 2039 1758 de
2063 1690 2185 1760 labore
2200 1713 2272 1771 suo,

1296 1783 1430 1852 donum
1448 1783 1515 1855 Dei
1531 1797 1595 1856 est.
1645 1781 1725 1857 Etsi
1746 1787 1840 1858 enim
1857 1789 2043 1860 obscurius
2068 1793 2112 1862 de
2135 1791 2202 1861 fide
2223 1791 2273 1859 lo-

1297 1883 1437 1977 quitur,
1463 1897 1580 1956 tamen
1602 1886 1794 1977 significat,
1819 1893 2013 1980 petendum
2035 1906 2072 1962 et
2089 1904 2271 1983 expectau-

1296 1987 1383 2054 dum
1405 2009 1479 2056 esse
1501 1987 1691 2068 auxilium,
1717 1989 1807 2060 sicut
1822 1989 1984 2061 Psalmus
2008 1991 2143 2087 inquit:
2171 1993 2273 2063 Com·

1297 2090 1425 2156 menda
1440 2088 1517 2160 Deo
1536 2089 1627 2158 riam
1645 2103 1761 2171 tuam,
1787 2106 1821 2161 et
1838 2115 1939 2185 spera
1960 2093 2000 2162 in
2021 2117 2123 2180 eum,
2148 2107 2182 2165 et
2204 2093 2272 2182 ipse

1296 2188 1412 2260 faciet.
1460 2185 1636 2281 Congruit
1650 2204 1684 2262 et
1699 2216 1780 2262 cum
1805 2187 1873 2265 hoe
1892 2194 2006 2264 dicto:
2031 2193 2116 2268 Non
2139 2195 2205 2268 erit
2225 2193 2273 2264 la-

1296 2292 1362 2364 bor
1378 2305 1493 2363 vester
1504 2292 1623 2364 inanis
1638 2292 1677 2361 in
1693 2292 1863 2370 Domino·
1927 2374 1930 2380 ,

1399 2426 1480 2516 Alia
1495 2431 1812 2523 suntDogmatica,
1838 2446 1878 2504 ut
1895 2435 1941 2502 de
1957 2432 2108 2504 essentia
2126 2430 2208 2516 Dei,
2233 2430 2273 2499 de

1297 2529 1537 2620 providentia,
1571 2532 1616 2601 de
1638 2532 1820 2604 vuluntate
1835 2534 1925 2620 Dei,
1950 2535 1993 2604 de
2015 2534 2162 2604 iudicio.
2214 2527 2273 2601 Ut:

1296 2631 1420 2701 Alium
1449 2629 1565 2702 Deum
1595 2646 1734 2722 praeter
1762 2657 1818 2703 me
1840 2635 1994 2718 nescias,
2024 2659 2093 2707 nec
2119 2650 2170 2705 est
2190 2633 2274 2703 alius

1297 2731 1405 2808 Dens.
1458 2731 1545 2804 Item
1571 2735 1609 2804 iu
1633 2730 1701 2806 hoc
1723 2734 1836 2808 libro:
1872 2736 2064 2810 Manifesta
2087 2751 2122 2808 et
2144 2734 2273 2806 occulta

1297 2835 1470 2907 iudicabit
1484 2831 1594 2911 Deus.

1348 3027 1356 3046 .
1399 2969 1642 3043 Consolatoria
1668 2972 1869 3044 referantur
1889 2975 1934 3044 ad
1958 2933 2192 3068 Evangelia,
2222 2982 2274 3041 ut:

1298 3069 1413 3164 Prope
1447 3087 1498 3144 est
1525 3071 1621 3145 Deus
1655 3069 1730 3156 his,
1765 3075 1826 3169 qui
1860 3076 2031 3148 tribulato
2056 3091 2141 3149 sunt
2164 3073 2273 3145 corde.

1299 3169 1403 3292 item:
1430 3174 1562 3248 invoca
1577 3199 1634 3247 me
1651 3176 1689 3244 in
1705 3175 1763 3246 die
1782 3177 2045 3265 tribulationis,
2071 3194 2107 3252 et
2123 3200 2187 3269 ego
2210 3171 2275 3244 eri-

1297 3298 1392 3365 ptam
1415 3290 1462 3349 te.

1399 3409 1626 3483 Narrationes
1641 3415 1687 3483 de
1701 3411 1889 3482 eventibus
1905 3426 2006 3497 sunt,
2033 3427 2074 3485 ut
2090 3414 2130 3482 in
2146 3408 2212 3482 hoc
2233 3410 2276 3478 li·

1298 3515 1363 3584 bro
1394 3515 1526 3584 multae
1557 3531 1656 3586 sunt:
1696 3513 1854 3585 Moritur
1880 3516 2005 3584 doctus
2031 3528 2071 3586 ut
2106 3516 2273 3584 indoctus.

1297 3613 1415 3687 Curva
1439 3639 1512 3686 non
1534 3616 1624 3685 finnt
1648 3631 1752 3686 recta.
1805 3613 1885 3684 Non
1907 3629 1958 3684 est
1984 3616 2097 3686 iustus
2121 3617 2276 3694 interra,

1299 3717 1361 3811 qui
1384 3742 1463 3786 cum
1485 3731 1579 3787 recte
1600 3718 1704 3807 facit,
1728 3741 1802 3784 non
1819 3716 1924 3786 etiam
1942 3731 2071 3808 peccet.
2123 3713 2171 3788 Et
2196 3737 2276 3808 pru·

1298 3822 1424 3889 denter
1450 3819 1682 3888 discernenda
1710 3834 1793 3889 stunt
1822 3819 1936 3902 dicta,
1974 3844 2064 3911 quae
2095 3817 2274 3889 continent

1298 3921 1494 3990 decisiones
1516 3932 1550 3988 et
1573 3921 1844 4010 promissiones,
1866 3915 1890 3988 'a
1915 3922 2200 4006 narrationibus,
2223 3930 2275 3987 ut:

1300 4021 1457 4092 Fortuna
1473 4044 1576 4114 quem
1596 4022 1745 4090 nimium
1760 4023 1877 4100 fovet,
1901 4021 2048 4092 stultum
2063 4022 2157 4094 facit,
2195 4017 2276 4114 ¹Vel:

1298 4123 1499 4193 Luxuriant
1518 4123 1628 4192 animi
1651 4125 1757 4192 rebus
1786 4122 1984 4214 plerunque
2013 4123 2185 4193 secundis.
2234 4113 2278 4188 Et

1300 4227 1338 4293 in
1361 4219 1428 4294 hoc
1450 4224 1561 4295 libro:
1591 4223 1675 4294 Vidi
1702 4225 1740 4292 in
1762 4224 1839 4294 luco
1863 4224 2021 4294 iusticias
2045 4224 2277 4318 iniquitatem.

1300 4324 1407 4394 Tales
1420 4325 1639 4398 narrationes
1655 4350 1727 4397 non
1742 4327 1945 4416 approbant
1961 4327 2071 4408 mala,
2087 4328 2147 4394 sed
2166 4338 2278 4394 osteu-

1300 4430 1410 4512 dunt,
1425 4441 1465 4496 ut
1479 4429 1604 4498 moniti
1619 4429 1883 4498 consideremus
1896 4451 1956 4511 ea,
1979 4439 2013 4497 et
2030 4429 2140 4496 simus
2155 4422 2277 4494 intenti

1302 4534 1344 4598 ad
1364 4531 1559 4598 cavendum
1568 4580 1580 4614 ,
1608 4531 1699 4601 sicut
1722 4529 1879 4598 medicus
1895 4544 2051 4599 recenset
2067 4543 2101 4599 et
2116 4525 2279 4597 describit

1302 4633 1459 4705 morbos.
1510 4629 1604 4701 Haec
1622 4633 1694 4700 diri
1709 4633 1753 4698 de
1770 4630 1960 4719 generibus
1973 4631 2227 4701 sententiarum
2242 4626 2277 4694 in

1301 4731 1402 4802 libris
1415 4728 1632 4823 propheticis
1649 4746 1683 4803 et
1698 4732 1911 4826 apostolicis.

1404 4866 1478 4936 lam
1503 4867 1771 4938 considerentur
1803 4879 1836 4936 et
1857 4860 2123 4956 philosophicae
2145 4878 2279 4936 senten·

1302 4969 1382 5042 tiae.
1435 4968 1476 5038 ln
1495 4965 1550 5038 his
1569 4995 1642 5039 non
1658 4965 1985 5054 suntEvangclicae
2001 4982 2034 5038 et
2049 4965 2280 5058 Dogmaticac.

1302 5070 1372 5141 Sed
1396 5085 1481 5141 sunt
1496 5086 1556 5140 aut
1573 5071 1737 5161 Legales,
1764 5083 1822 5138 aut
1840 5065 2069 5140 Narrationes
2086 5074 2130 5138 de
2147 5069 2279 5139 eventi·

1302 5173 1388 5296 bus,
1426 5188 1483 5244 ut:
1534 5175 1612 5269 λαῷ
1638 5170 1691 5268 μὴ
1723 5167 1889 5262 πίστευε,
1923 5165 2154 5267 πολύτροπος
2185 5165 2280 5243 ἐστὶν

1305 5270 1442 5368 ὅμιλος.
