4590 5808
122 181 129 192 .
223 129 300 200 688
365 159 375 176 ·
825 113 948 190 PlllL.
976 115 1091 192 MEL.
1118 117 1327 194 SCRtl’TA
1355 118 1657 196 EXEGETICA.
2162 127 2226 202 684

228 301 425 393 peculiares
440 291 730 364 observationes?
764 287 942 360 Parumne
961 308 1079 381 putas,
1105 292 1220 360 aital-
1274 294 1317 363 ad
1333 296 1475 381 fastum,
1497 298 1540 365 ad
1557 277 1764 387 voluptalet,
1785 295 1828 364 ad
1843 292 2128 384 magnificentiam
2142 320 2228 388 pom.

227 421 303 488 ter,
325 423 386 506 xme
407 397 541 467 laboris
565 407 599 462 et
622 392 837 462 ieiuniorum
859 393 1055 463 sustinere?
1086 417 1164 462 cum
1181 393 1219 461 in
1272 419 1411 487 parum.

228 507 369 577 officina
386 499 535 570 assiduis
550 493 716 586 operibus
730 517 871 562 exerceo
887 495 1073 565 artificium
1090 519 1220 579 meum,
1375 499 1424 567 At
1439 497 1478 566 in
1493 499 1599 566 corde
1614 495 1761 569 Davidis
1779 499 1917 569 lucebat
1933 521 2012 568 vera
2028 499 2151 588 agnitio
2164 499 2230 584 Dei,
2278 491 2279 496 ἵ

230 605 514 694 domesticaeque
539 597 694 668 familiae
719 595 850 665 victum
878 619 1028 687 quaero,
1055 621 1134 665 cum
1158 621 1219 664 va·
1273 624 1376 691 quem
1394 613 1488 670 recte
1503 601 1711 678 invocabat,
1738 601 1903 672 victorias
1924 615 2027 694 atque
2044 623 2142 690 regna
2157 626 2230 670 con-

231 711 294 782 riis
311 703 491 777 aerumnis
505 699 709 777 conflictor,
737 698 931 766 tolerandis
954 723 1032 766 cum
1056 699 1093 767 in
1118 721 1220 767 oeco—
1272 702 1406 794 ferebat
1421 703 1464 770 ad
1480 702 1628 790 gloriam
1645 699 1735 788 Dei,
1760 716 1793 772 et
1811 703 2093 800 propagationem
2117 703 2230 772 saluta·

231 808 382 883 nomicis
398 803 685 884 difficultatibus,
713 814 787 868 tum
802 801 972 868 oneribus
995 824 1013 867 a
1039 800 1219 890 republica
1273 804 1322 870 ris
1340 804 1542 885 doctrinae,
1576 828 1727 896 cumque
1749 805 1853 873 sciret
1874 829 1910 872 se
1932 805 2059 872 debere
2080 804 2230 874 obedien·

230 910 425 1005 impositis,
466 929 546 975 cum
569 903 730 973 incidant
753 900 904 970 subinde
928 901 1099 991 plurima,
1131 923 1221 994 quae
1274 905 1356 972 tiam
1374 902 1449 974 Deo
1463 906 1500 972 in
1520 899 1587 972 hoc
1604 907 1715 994 gradu
1733 906 1896 997 politico,
1929 904 2231 999 iuquemcolloca·

231 1008 520 1109 patremfamilias
535 1006 672 1075 duriter
693 1001 902 1071 excruciant.
953 999 1092 1071 Deinde
1114 1026 1219 1094 quem
1272 1020 1329 1077 tus
1345 1018 1436 1088 erat,
1462 997 1624 1075 alacriter
1646 1009 1855 1097 suscipiebat
1872 1021 1905 1075 et
1928 1008 2119 1076 sustinebat
2133 1021 2233 1077 tantos

233 1113 447 1204 multiplices
461 1107 673 1180 domesticae
696 1102 856 1169 miseriae
876 1103 1088 1193 defatigant,
1113 1107 1218 1196 quem
1272 1107 1422 1190 labores,
1445 1108 1614 1176 acerrime
1629 1110 1878 1198 praeliabatur,
1901 1122 1941 1176 ut
1958 1108 2152 1178 defenderet
2167 1133 2234 1176 coe-

232 1239 399 1290 curarum
423 1211 533 1281 moles
556 1208 593 1274 in
612 1202 708 1273 civili
724 1203 982 1291 gubernatione
1007 1219 1040 1275 et
1065 1206 1219 1295 politicis
1272 1209 1391 1279 lestem
1416 1209 1633 1293 doctrinam,
1660 1234 1724 1278 nec
1741 1211 1911 1280 sentiebat
1928 1233 1964 1277 se
1981 1209 2103 1280 mereri
2125 1209 2234 1278 remis-

232 1321 357 1392 offrciis
384 1323 537 1391 exercet,
568 1305 718 1375 illinon
742 1319 793 1372 est
818 1307 993 1395 integrum
1017 1307 1219 1377 otiose'cir-
1273 1311 1415 1378 sionem
1440 1323 1661 1400 peccatorum
1692 1307 1747 1380 his
1776 1311 2082 1392 dimicationibus,
2120 1327 2151 1380 et
2181 1306 2234 1380 hac

232 1432 470 1512 cumspectare
498 1424 531 1480 et
563 1431 717 1490 cessare,
758 1429 822 1475 uec
851 1431 1008 1501 uuquam
1035 1409 1219 1476 defuturae
1273 1413 1363 1479 mole
1380 1435 1543 1480 curarum
1561 1427 1665 1505 atque
1681 1413 1866 1496 dolorum,
1892 1437 1955 1482 nec
1973 1413 2069 1500 regni
2088 1415 2185 1481 decus
2203 1435 2234 1480 ac

232 1539 316 1597 sunt
330 1541 471 1600 causae,
497 1511 698 1581 occasiones
715 1522 749 1577 et
766 1509 937 1598 pericula,
961 1510 1090 1601 quibus
1104 1513 1146 1576 ad
1163 1511 1218 1576 in·
1273 1513 1463 1603 potentiam
1484 1509 1548 1583 hoc
1564 1512 1636 1584 fine
1651 1517 1833 1592 tuebatur,
1862 1528 1898 1581 ut
1922 1513 1995 1604 ipse
2020 1513 2148 1602 ingenti
2171 1514 2234 1602 glo-

139 1673 147 1684 ·
232 1625 471 1701 vocationem,
497 1616 539 1682 ad
558 1613 785 1682 exercendam
807 1610 911 1676 fidem
933 1634 972 1677 ac
993 1611 1218 1680 dilectionem
1272 1615 1324 1684 ria
1352 1611 1546 1695 frueretur,
1587 1616 1842 1686 multominus
1873 1629 1911 1684 ut
1938 1615 2082 1705 impune
2112 1613 2235 1707 quidvis

232 1726 472 1799 exsuscitetur.
526 1714 645 1786 Miror
664 1711 794 1802 itaque,
812 1735 876 1780 cur
892 1711 928 1778 in
948 1707 1002 1780 ltis
1018 1728 1051 1781 et
1068 1713 1220 1802 publicis
1272 1717 1338 1784 sibi
1355 1716 1495 1794 liceret,
1517 1730 1548 1784 et
1564 1730 1603 1785 ut
1619 1700 1724 1806 agens
1739 1717 1869 1786 iniusta
1887 1740 1959 1784 uon
1981 1729 2096 1808 posset
2118 1743 2135 1784 a
2160 1739 2234 1806 quo·

232 1846 265 1901 et
282 1823 427 1916 privatis
442 1818 594 1887 miseriis
608 1813 771 1884 exercitia
794 1813 843 1901 pii
866 1814 1128 1902 patrisfamilias
1145 1839 1218 1882 non
1272 1841 1378 1911 quam
1394 1819 1545 1888 coerceri
1563 1819 1619 1886 vel
1636 1819 1791 1908 reprimi.

184 1965 193 1983 e
230 1929 314 2001 satis
330 1928 458 1995 duram
472 1920 654 1997 militiam,
681 1917 740 1982 sed
758 1937 864 1982 suave
880 1915 992 1984 otium
1010 1938 1083 1984 esse
1100 1916 1218 1985 existi·
1371 1917 1510 1987 Horum
1534 1933 1567 1987 et
1592 1920 1761 1988 similium
1790 1921 2030 2010 exemplorum
2055 1918 2235 1987 considera·

231 2053 322 2114 mes,
351 2053 391 2096 ac
409 2024 543 2108 nescio,
559 2044 650 2115 quae
666 2015 864 2087 difficiliora
883 2028 918 2085 et
936 2017 1144 2107 perfectiora
1161 2040 1215 2085 re·
1272 2022 1367 2090 tione
1384 2021 1441 2088 fiet
1458 2021 1606 2090 illustris
1622 2047 1661 2089 ac
1680 2022 2049 2112 perspicua-sententia
2066 2021 2162 2090 dicti:
2202 2017 2233 2088 Si

229 2135 350 2229 quires
366 2151 485 2220 opera.
543 2173 547 2184 .
1271 2124 1395 2191 oculus
1419 2136 1499 2190 tuus
1521 2123 1627 2194 fuerit
1649 2123 1861 2204 malitiosus,
1897 2137 2010 2191 totum
2036 2145 2159 2210 corpus
2179 2121 2235 2186 erit

334 2245 466 2336 Magna
485 2243 593 2334 pietas
609 2254 642 2306 et
658 2239 891 2307 sanctimonia
906 2239 1007 2309 estin
1024 2239 1148 2309 officiis
1165 2239 1219 2306 vi.
1271 2225 1455 2302 tenebrae,
1477 2225 1510 2291 id
1528 2238 1596 2306 est,
1623 2226 1766 2316 quando
1791 2247 1850 2292 cor
1874 2223 1971 2292 intus
1993 2249 2067 2291 nun
2090 2247 2166 2290 vero
2188 2221 2233 2288 iu-

230 2375 285 2428 tae
308 2347 506 2421 communis
523 2340 640 2413 Deum
663 2353 755 2409 recte
781 2359 988 2429 agnoscere,
1013 2363 1093 2408 vere
1116 2342 1218 2408 invo.
1272 2325 1365 2425 dicio
1391 2347 1454 2391 nec
1479 2319 1627 2393 honesto
1656 2327 1836 2415 proposito
1859 2339 2023 2394 movetur
2046 2349 2085 2392 ac
2111 2323 2234 2406 regitur.

231 2479 310 2528 care
334 2453 373 2521 in
400 2446 581 2539 agnitione
612 2454 646 2510 et
674 2442 801 2511 fiducia
828 2435 984 2526 Christi,
1027 2441 1157 2508 deinde
1180 2443 1218 2509 in
1270 2441 1355 2497 tunc
1372 2440 1503 2494 certum
1521 2441 1571 2496 est
1588 2427 1721 2496 externi
1739 2427 1854 2516 operis
1878 2439 1994 2518 gestus
2015 2449 2088 2495 esse
2108 2437 2236 2515 peccata,

231 2554 398 2644 coniugio
414 2563 505 2621 caste
522 2546 658 2627 vivere,
678 2545 715 2611 in
730 2544 915 2613 laboribus
930 2543 1167 2611 oeconomicis
1186 2557 1220 2615 et
1271 2551 1336 2598 1¹⁰⁰
1352 2527 1424 2595 ⁰¹¹³
1446 2528 1583 2597 ‘allone
1598 2529 1757 2598 cultuum
1782 2528 1986 2598 divinorum
2010 2551 2139 2598 nomen
2160 2522 2235 2594 acti·

231 2656 387 2755 politicis
404 2650 556 2722 fideliter
578 2646 729 2730 service,
756 2657 789 2714 et
811 2645 849 2713 in
873 2639 929 2713 his
946 2645 1097 2714 miseriis
1114 2659 1219 2738 atque
1271 2655 1364 2722 pere.

231 2757 398 2858 periculis
421 2750 580 2848 quotidie
602 2747 708 2816 fldem
731 2770 770 2816 ac
794 2746 1076 2829 invocationem,
1110 2747 1219 2837 pieta.

230 2881 301 2936 tem
317 2857 470 2950 denique
485 2853 524 2924 in
540 2849 726 2921 retinenda
745 2849 962 2940 possessione
977 2848 1158 2916 doctrinae
1175 2851 1218 2917 de

186 2973 190 2991 ¹
227 2969 327 3048 Deo,
351 2981 521 3030 exercere.

334 3078 499 3149 Hastam
518 3072 616 3162 gravi
633 3069 861 3162 responsione
879 3072 1088 3140 movebatur
1103 3068 1217 3139 Anto-

234 3189 335 3268 nius,
374 3191 414 3250 ut
438 3175 650 3264 intelligeret
674 3195 773 3240 suam
798 3171 1025 3240 monasticam
1048 3173 1154 3240 vitam
1180 3172 1216 3239 in

148 3349 153 3356 .
233 3283 427 3359 solitudine
442 3303 515 3348 non
534 3275 761 3357 antecellere,
787 3297 851 3342 nec
865 3274 1126 3342 anteferendam
1146 3295 1219 3342 esse

233 3387 434 3467 laboribus,
474 3379 598 3451 officiis
620 3390 654 3448 et
677 3375 850 3446 exercitiis
881 3376 974 3444 vitae
997 3375 1161 3466 politicae
1186 3390 1217 3446 et

233 3485 498 3564 oeconomicae,
538 3483 577 3549 in
611 3481 742 3572 quibus
768 3477 972 3548 testimonio
1002 3479 1218 3568 praescntiae

181 3631 184 3638 =
231 3592 298 3664 Dei
315 3591 422 3659 timor
440 3599 473 3656 et
486 3583 573 3653 fides
588 3581 853 3651 confirmantur.
894 3574 1029 3649 Didicit
1042 3601 1124 3667 ergo
1139 3603 1217 3668 gra-

223 3696 317 3774 dus,
344 3689 562 3761 ordinemne
582 3680 785 3749 discrimina
803 3679 895 3747 inter
916 3679 1020 3746 fidem
1044 3693 1077 3748 et
1100 3705 1218 3772 opera,

213 3797 325 3868 ¹inter
340 3793 417 3886 pios
436 3799 552 3857 motus
570 3782 686 3852 cordis
703 3792 737 3850 et
751 3791 911 3849 externos
927 3791 1053 3869 gestus.

332 3925 403 3996 llic
429 3922 534 3992 etiam
561 3915 784 3987 conferamus
807 3909 979 3982 Davidem
1006 3927 1040 3982 et
1061 3912 1217 3983 Alexan-

231 4039 349 4110 drum,
375 4041 414 4099 ut
430 4028 475 4094 de
489 4017 755 4092 discriminibus
772 4015 956 4106 utriusque
970 4015 1217 4103 gubernatoris

232 4137 499 4206 admoneamur.
545 4117 748 4192 Alexander
763 4117 832 4188 fuit
847 4117 1038 4185 acerrimus
1053 4119 1216 4204 bellator,

230 4227 384 4308 donatus
398 4227 548 4319 imperio
562 4222 658 4294 orbis
673 4234 862 4300 terrarum,
889 4220 977 4287 adeo
993 4217 1123 4289 florens
1137 4243 1217 4310 opr-

230 4346 351 4412 husae
369 4331 545 4424 potentia,
580 4338 621 4394 ut
639 4323 747 4411 ipsius
765 4319 902 4411 imperii
920 4322 1090 4418 possessio
1108 4323 1214 4414 quin.

230 4441 329 4536 quies
347 4449 405 4506 aut
424 4432 533 4502 sexies
548 4421 794 4513 magnitudine
811 4424 916 4492 fererit
937 4424 1090 4513 amplior
1105 4421 1217 4492 lsrae-

231 4545 329 4615 litico
344 4561 453 4628 regno
466 4530 625 4602 Davidis.
666 4523 752 4594 ltcm
767 4523 877 4594 multa
892 4527 1067 4614 praeclara
1085 4526 1214 4616 praelia

1374 2729 1475 2820 Quae
1504 2733 1623 2800 omnia
1653 2747 1735 2802 sunt
1768 2735 1873 2823 digna
1904 2735 2165 2806 observatione,
2204 2737 2235 2794 ut

1271 2834 1465 2923 agnoscatis
1483 2834 1645 2902 ordinem
1670 2859 1730 2904 seu
1754 2840 1882 2924 gradus
1907 2858 2073 2903 verorum
2091 2831 2158 2902 Dei
2174 2828 2234 2896 cul-

1270 2950 1389 3014 tuum,
1436 2947 1470 3004 et
1494 2937 1621 3004 ordine
1647 2960 1708 3004 vos
1731 2937 1915 3005 exerceatis
1936 2937 1972 3003 in
1998 2931 2054 3003 his
2078 2931 2235 3025 gradibus.
2280 2923 2282 2986 ἶ

1271 3035 1360 3106 Nam
1385 3037 1461 3104 sine
1486 3038 1675 3121 exercitiis,
1707 3037 1798 3106 veris
1820 3038 1927 3106 animi
1954 3031 2156 3116 doloribus,
2190 3053 2236 3096 ar·

1271 3139 1367 3208 denti
1387 3139 1627 3220 invocatione,
1653 3152 1687 3208 et
1710 3163 1813 3207 sensu
1837 3139 1979 3207 divinae
2003 3129 2235 3207 consolationis

1271 3235 1356 3308 haec
1372 3240 1533 3309 doctrina
1552 3263 1774 3332 nequaquam
1792 3254 1906 3331 potest
1921 3240 2085 3328 intelligi.

1372 3337 1420 3410 Αῑ
1438 3337 1531 3410 huuc
1546 3355 1679 3411 textum
1696 3339 1856 3432 Papistae
1878 3341 2022 3410 insulsis
2044 3341 2235 3427 iuterpreta-

1270 3442 1428 3512 tionibus
1444 3444 1545 3512 foede
1561 3444 1816 3525 dilacerarunt,
1848 3467 1926 3511 cum
1953 3465 1997 3509 ne
2023 3466 2084 3510 sua
2110 3437 2236 3532 qutden

1271 3544 1507 3632 intelligerent
1534 3559 1593 3614 aut
1614 3544 1847 3611 diiudicarent
1871 3568 1995 3632 opera,
2031 3544 2124 3611 iuxta
2148 3533 2234 3609 Salo-

1272 3647 1385 3714 monis
1401 3669 1566 3736 gnomen,
1591 3641 1855 3715 Ecclesiaste
1884 3632 2065 3726 Nesciunt,
2081 3653 2234 3734 quantun

1270 3749 1352 3816 mali
1377 3748 1516 3819 faciant.
1567 3744 1612 3813 Et
1637 3741 1838 3837 hypocritae
1856 3747 2039 3835 ignorant,
2068 3745 2151 3836 quid
2178 3738 2236 3806 sint

1271 3851 1426 3941 ipsorum
1454 3849 1686 3937 superstitiosi
1715 3849 1845 3931 cultus,
1888 3863 1926 3917 et'
1949 3848 2128 3929 nesciunt,
2164 3836 2235 3932 quid

1269 3962 1392 4038 agant,
1436 3953 1521 4017 dum
1552 3951 1750 4032 insignibus
1782 3951 1892 4020 titulis
1927 3972 2006 4016 sitas
2039 3941 2237 4016 ceremonias

1268 4065 1445 4122 ostentant
1468 4076 1507 4119 ac
1531 4054 1725 4124 venditant.
1775 4050 1895 4143 ltaque
1917 4052 2128 4120 invexerunt
2142 4059 2236 4117 tetros

1187 4221 1196 4237 ,
1269 4167 1303 4225 et
1326 4153 1542 4244 perniciosos
1567 4177 1724 4241 errores,
1760 4147 1981 4222 horribiliter
2004 4154 2237 4241 perverterunt

1268 4279 1307 4324 ac
1331 4255 1588 4325 conturbarunt
1615 4255 1777 4323 ordinem
1802 4279 1967 4344 operum,
2009 4251 2236 4342 praetulerunt

1268 4352 1440 4426 humanas
1455 4357 1663 4426 traditiones
1679 4357 1851 4426 mandatis
1869 4356 2013 4452 divinis,
2035 4369 2140 4446 atque
2154 4349 2238 4418 dixe·

1267 4472 1370 4540 runt,
1410 4453 1574 4527 homines
1606 4458 1758 4548 propriis
1782 4459 1949 4548 operibus
1971 4457 2100 4526 mereri
2126 4449 2237 4522 remis·

1267 4583 1416 4630 stenem.
1770 4575 1772 4582 ⁴

230 4645 330 4728 fecit,
372 4636 541 4733 plurimas
555 4629 724 4722 gloriosas
742 4623 906 4695 victorias
927 4641 1135 4698 consecutus
1152 4641 1216 4714 est,
1251 4693 1254 4700 ,

276 4745 379 4840 pgvis
397 4741 587 4812 clementer
606 4729 757 4823 pepercit
1371 4661 1418 4731 Hi
1437 4686 1559 4731 omnes
1583 4677 1618 4731 et
1638 4662 1770 4730 similes
1796 4686 1932 4731 errores
1956 4674 2121 4729 taxantur
2141 4669 2171 4722 et
2193 4673 2237 4716 re-

232 4779 269 4819 Cil
761 4776 771 4797 ι

1267 4761 1540 4854 prehenduntur
1562 4759 1630 4834 hoc
1655 4765 1753 4833 brevi
1773 4765 1867 4832 dicto
1885 4759 2036 4834 Christi:
2073 4759 2112 4829 Si
2128 4754 2237 4826 oculus

337 4871 605 4952 luteum-tanti
642 4864 814 4960 principis
848 4861 1020 4934 divinitus
1052 4865 1214 4936 instructi
1267 4867 1618 4949 tuusmalusfuerit,
1645 4867 2235 4952 necesseerittotumcorpustene·

232 4981 435 5058 excellentia
453 4977 624 5044 virtutum
647 4984 682 5040 et
703 4965 868 5036 felicitate
890 4988 951 5034 cor
972 4966 1117 5056 plenum
1140 4981 1216 5039 erat
1266 4969 1348 5036 bras
1364 4991 1455 5052 esse,
1480 4994 1547 5061 qua
1564 4969 1681 5057 regula
1698 4968 1926 5036 constituitur
1948 4965 2136 5036 discrimen
2159 4957 2239 5025 inter

140 5105 152 5134 ⁸
232 5099 409 5162 contemtu
426 5078 513 5160 Dei,
548 5071 733 5164 spurcille,
766 5082 799 5135 el
820 5066 897 5134 allis
920 5069 1214 5158 turpitudinibus.
1267 5066 1492 5163 hypocrisin,
1517 5085 1552 5140 et
1567 5071 1722 5160 legitima
1748 5069 1820 5138 sive
1841 5069 2012 5137 divinitus
2035 5063 2189 5134 ordinata
2210 5065 2238 5118 et

232 5192 389 5283 Ideoque
406 5183 530 5264 donis,
555 5176 687 5275 quibus
701 5197 719 5240 a
735 5171 811 5242 Deo
829 5181 974 5238 omatus
990 5186 1083 5255 erat,
1111 5187 1213 5242 auto·
1266 5173 1456 5262 approbata
1475 5195 1592 5263 opera.
1639 5169 1685 5241 Et
1700 5164 1869 5241 hactenus
1886 5173 1929 5239 de
1947 5170 2011 5238 ista
2026 5161 2175 5258 generali
2191 5178 2237 5226 re-

170 5367 172 5372 .
231 5301 350 5378 ritate,
377 5288 527 5382 opibus,
555 5277 673 5368 regnis
697 5289 801 5366 atque
824 5269 980 5338 victoriis
1003 5275 1216 5344 abutebatur
1266 5274 1359 5362 gula.
