<?xml version="1.0" encoding="UTF-8"?>
<!DOCTYPE html PUBLIC "-//W3C//DTD XHTML 1.0 Transitional//EN"
    "http://www.w3.org/TR/xhtml1/DTD/xhtml1-transitional.dtd">
<html xmlns="http://www.w3.org/1999/xhtml" xml:lang="en" lang="en">
 <head>
  <title>
</title>
<meta http-equiv="Content-Type" content="text/html;charset=utf-8" />
  <meta name='ocr-system' content='tesseract 3.04.00' />
  <meta name='ocr-capabilities' content='ocr_page ocr_carea ocr_par ocr_line ocrx_word'/>
</head>
<body>
  <div class='ocr_page' id='page_1' title='image "./corpusreformato24melagoog/corpusreformato24melagoog_0356.png"; bbox 0 0 4590 5808; ppageno 0'>
   <div class='ocr_carea' id='block_1_1' title="bbox 57 167 120 246">
    <p class='ocr_par' dir='ltr' id='par_1_1' title="bbox 57 167 120 246">
     <span class='ocr_line' id='line_1_1' title="bbox 57 167 120 246; baseline -0.048 0"><span class='ocrx_word' id='word_1_1' title='bbox 57 167 120 246; x_wconf 80' lang='grc'><strong>709</strong></span> 
     </span>
    </p>
   </div>
   <div class='ocr_carea' id='block_1_2' title="bbox 44 337 1015 3000">
    <p class='ocr_par' dir='ltr' id='par_1_2' title="bbox 44 337 1015 3000">
     <span class='ocr_line' id='line_1_2' title="bbox 55 337 1014 436; baseline 0 -22"><span class='ocrx_word' id='word_1_2' title='bbox 55 344 120 415; x_wconf 82' lang='lat' dir='ltr'><strong>cst?</strong></span> <span class='ocrx_word' id='word_1_3' title='bbox 141 356 178 416; x_wconf 94' lang='lat' dir='ltr'><strong>ut</strong></span> <span class='ocrx_word' id='word_1_4' title='bbox 199 343 347 414; x_wconf 88' lang='lat' dir='ltr'><strong>fateatur</strong></span> <span class='ocrx_word' id='word_1_5' title='bbox 364 337 430 414; x_wconf 89' lang='lat' dir='ltr'><strong>bos</strong></span> <span class='ocrx_word' id='word_1_6' title='bbox 453 363 527 414; x_wconf 90' lang='lat' dir='ltr'><strong>esse</strong></span> <span class='ocrx_word' id='word_1_7' title='bbox 550 365 754 414; x_wconf 88' lang='lat' dir='ltr'><strong>communes</strong></span> <span class='ocrx_word' id='word_1_8' title='bbox 777 343 1014 436; x_wconf 90' lang='lat' dir='ltr'><strong>plurimorum</strong></span> 
     </span>
     <span class='ocr_line' id='line_1_3' title="bbox 54 439 1015 537; baseline 0 -23"><span class='ocrx_word' id='word_1_9' title='bbox 54 441 216 516; x_wconf 88' lang='lat' dir='ltr'><strong>bominum</strong></span> <span class='ocrx_word' id='word_1_10' title='bbox 239 446 401 531; x_wconf 80' lang='lat' dir='ltr'>morbos,</span> <span class='ocrx_word' id='word_1_11' title='bbox 431 439 632 537; x_wconf 90' lang='lat' dir='ltr'><strong>philautian</strong></span> <span class='ocrx_word' id='word_1_12' title='bbox 655 445 787 519; x_wconf 89' lang='lat' dir='ltr'><strong>scilicet</strong></span> <span class='ocrx_word' id='word_1_13' title='bbox 810 460 846 518; x_wconf 93' lang='lat' dir='ltr'><strong>et</strong></span> <span class='ocrx_word' id='word_1_14' title='bbox 865 446 1015 517; x_wconf 86' lang='lat' dir='ltr'><strong>maledi-</strong></span> 
     </span>
     <span class='ocr_line' id='line_1_4' title="bbox 52 547 1015 641; baseline 0 -23"><span class='ocrx_word' id='word_1_15' title='bbox 52 547 199 632; x_wconf 89' lang='lat' dir='ltr'><strong>centiam,</strong></span> <span class='ocrx_word' id='word_1_16' title='bbox 231 547 362 641; x_wconf 88' lang='lat' dir='ltr'><strong>quibus</strong></span> <span class='ocrx_word' id='word_1_17' title='bbox 382 549 440 634; x_wconf 81' lang='lat' dir='ltr'><strong>fit,</strong></span> <span class='ocrx_word' id='word_1_18' title='bbox 470 559 512 618; x_wconf 94' lang='lat' dir='ltr'><strong>ut</strong></span> <span class='ocrx_word' id='word_1_19' title='bbox 534 569 716 618; x_wconf 75' lang='lat' dir='ltr'>censuram</span> <span class='ocrx_word' id='word_1_20' title='bbox 748 550 793 617; x_wconf 93' lang='lat' dir='ltr'><strong>de</strong></span> <span class='ocrx_word' id='word_1_21' title='bbox 812 547 892 618; x_wconf 89' lang='lat' dir='ltr'><strong>aliis</strong></span> <span class='ocrx_word' id='word_1_22' title='bbox 916 571 1015 618; x_wconf 88' lang='lat' dir='ltr'><strong>arer-</strong></span> 
     </span>
     <span class='ocr_line' id='line_1_5' title="bbox 52 649 1015 742; baseline 0 -24"><span class='ocrx_word' id='word_1_23' title='bbox 52 650 166 719; x_wconf 88' lang='lat' dir='ltr'><strong>biorem</strong></span> <span class='ocrx_word' id='word_1_24' title='bbox 187 661 344 739; x_wconf 88' lang='lat' dir='ltr'><strong>agentes,</strong></span> <span class='ocrx_word' id='word_1_25' title='bbox 377 649 489 721; x_wconf 89' lang='lat' dir='ltr'><strong>multa</strong></span> <span class='ocrx_word' id='word_1_26' title='bbox 514 662 655 735; x_wconf 89' lang='lat' dir='ltr'><strong>notare,</strong></span> <span class='ocrx_word' id='word_1_27' title='bbox 694 671 855 740; x_wconf 89' lang='lat' dir='ltr'><strong>carpere,</strong></span> <span class='ocrx_word' id='word_1_28' title='bbox 893 672 1015 742; x_wconf 88' lang='lat' dir='ltr'><strong>repre-</strong></span> 
     </span>
     <span class='ocr_line' id='line_1_6' title="bbox 51 747 1014 846; baseline 0 -26"><span class='ocrx_word' id='word_1_29' title='bbox 51 747 202 835; x_wconf 88' lang='lat' dir='ltr'><strong>hendere,</strong></span> <span class='ocrx_word' id='word_1_30' title='bbox 245 750 438 846; x_wconf 85' lang='lat' dir='ltr'><strong>reformare</strong></span> <span class='ocrx_word' id='word_1_31' title='bbox 471 750 634 845; x_wconf 78' lang='lat' dir='ltr'>plerique</span> <span class='ocrx_word' id='word_1_32' title='bbox 662 763 913 836; x_wconf 72' lang='lat' dir='ltr'><strong>consuescant,</strong></span> <span class='ocrx_word' id='word_1_33' title='bbox 945 751 1014 821; x_wconf 91' lang='lat' dir='ltr'><strong>sibi</strong></span> 
     </span>
     <span class='ocr_line' id='line_1_7' title="bbox 49 851 1013 950; baseline 0.001 -30"><span class='ocrx_word' id='word_1_34' title='bbox 49 876 117 922; x_wconf 90' lang='lat' dir='ltr'><strong>vero</strong></span> <span class='ocrx_word' id='word_1_35' title='bbox 131 851 213 944; x_wconf 92' lang='lat' dir='ltr'><strong>ipsis</strong></span> <span class='ocrx_word' id='word_1_36' title='bbox 225 853 458 924; x_wconf 80' lang='lat' dir='ltr'><strong>blandiantur</strong></span> <span class='ocrx_word' id='word_1_37' title='bbox 473 867 507 922; x_wconf 94' lang='lat' dir='ltr'><strong>et</strong></span> <span class='ocrx_word' id='word_1_38' title='bbox 525 853 727 950; x_wconf 86' lang='lat' dir='ltr'><strong>ignoscant,</strong></span> <span class='ocrx_word' id='word_1_39' title='bbox 754 877 819 923; x_wconf 91' lang='lat' dir='ltr'><strong>nec</strong></span> <span class='ocrx_word' id='word_1_40' title='bbox 835 875 925 946; x_wconf 89' lang='lat' dir='ltr'><strong>opus</strong></span> <span class='ocrx_word' id='word_1_41' title='bbox 941 875 1013 922; x_wconf 88' lang='lat' dir='ltr'><strong>esse</strong></span> 
     </span>
     <span class='ocr_line' id='line_1_8' title="bbox 47 951 1013 1029; baseline 0 -5"><span class='ocrx_word' id='word_1_42' title='bbox 47 955 275 1026; x_wconf 71' lang='lat' dir='ltr'><strong>reformatione</strong></span> <span class='ocrx_word' id='word_1_43' title='bbox 306 955 363 1026; x_wconf 91' lang='lat' dir='ltr'><strong>vel</strong></span> <span class='ocrx_word' id='word_1_44' title='bbox 384 956 632 1027; x_wconf 83' lang='lat' dir='ltr'><strong>emendatione</strong></span> <span class='ocrx_word' id='word_1_45' title='bbox 653 955 885 1029; x_wconf 86' lang='lat' dir='ltr'><strong>arbitrentur.</strong></span> <span class='ocrx_word' id='word_1_46' title='bbox 937 951 1013 1024; x_wconf 90' lang='lat' dir='ltr'><strong>lmo</strong></span> 
     </span>
     <span class='ocr_line' id='line_1_9' title="bbox 47 1050 1013 1150; baseline -0.001 -25"><span class='ocrx_word' id='word_1_47' title='bbox 47 1057 234 1150; x_wconf 90' lang='lat' dir='ltr'><strong>plemmque</strong></span> <span class='ocrx_word' id='word_1_48' title='bbox 258 1056 402 1139; x_wconf 87' lang='lat' dir='ltr'><strong>accidit,</strong></span> <span class='ocrx_word' id='word_1_49' title='bbox 437 1068 477 1128; x_wconf 93' lang='lat' dir='ltr'><strong>ut</strong></span> <span class='ocrx_word' id='word_1_50' title='bbox 491 1055 694 1127; x_wconf 84' lang='lat' dir='ltr'><strong>foedissima</strong></span> <span class='ocrx_word' id='word_1_51' title='bbox 712 1068 869 1127; x_wconf 91' lang='lat' dir='ltr'><strong>monstra</strong></span> <span class='ocrx_word' id='word_1_52' title='bbox 893 1050 1013 1126; x_wconf 90' lang='lat' dir='ltr'><strong>bomi-</strong></span> 
     </span>
     <span class='ocr_line' id='line_1_10' title="bbox 46 1158 1014 1250; baseline 0.003 -25"><span class='ocrx_word' id='word_1_53' title='bbox 46 1183 133 1244; x_wconf 92' lang='lat' dir='ltr'><strong>num,</strong></span> <span class='ocrx_word' id='word_1_54' title='bbox 157 1158 289 1250; x_wconf 92' lang='lat' dir='ltr'><strong>polluta</strong></span> <span class='ocrx_word' id='word_1_55' title='bbox 312 1158 503 1230; x_wconf 89' lang='lat' dir='ltr'><strong>sceleribus</strong></span> <span class='ocrx_word' id='word_1_56' title='bbox 525 1158 724 1246; x_wconf 76' lang='lat' dir='ltr'><strong>insignibus</strong></span> <span class='ocrx_word' id='word_1_57' title='bbox 745 1171 780 1230; x_wconf 89' lang='lat' dir='ltr'><strong>et</strong></span> <span class='ocrx_word' id='word_1_58' title='bbox 796 1159 1014 1244; x_wconf 87' lang='lat' dir='ltr'><strong>enormibus,</strong></span> 
     </span>
     <span class='ocr_line' id='line_1_11' title="bbox 46 1261 1014 1352; baseline -0.001 -22"><span class='ocrx_word' id='word_1_59' title='bbox 46 1274 197 1332; x_wconf 89' lang='lat' dir='ltr'><strong>conentur</strong></span> <span class='ocrx_word' id='word_1_60' title='bbox 211 1285 286 1330; x_wconf 94' lang='lat' dir='ltr'><strong>non</strong></span> <span class='ocrx_word' id='word_1_61' title='bbox 301 1261 416 1332; x_wconf 88' lang='lat' dir='ltr'><strong>solum</strong></span> <span class='ocrx_word' id='word_1_62' title='bbox 434 1284 532 1332; x_wconf 90' lang='lat' dir='ltr'><strong>suam</strong></span> <span class='ocrx_word' id='word_1_63' title='bbox 549 1261 806 1352; x_wconf 91' lang='lat' dir='ltr'><strong>turpitudinem</strong></span> <span class='ocrx_word' id='word_1_64' title='bbox 815 1275 1014 1346; x_wconf 86' lang='lat' dir='ltr'><strong>extenuare,</strong></span> 
     </span>
     <span class='ocr_line' id='line_1_12' title="bbox 45 1358 1012 1454; baseline 0.001 -24"><span class='ocrx_word' id='word_1_65' title='bbox 45 1363 202 1454; x_wconf 90' lang='lat' dir='ltr'><strong>mitigare,</strong></span> <span class='ocrx_word' id='word_1_66' title='bbox 226 1364 420 1448; x_wconf 89' lang='lat' dir='ltr'><strong>occultare,</strong></span> <span class='ocrx_word' id='word_1_67' title='bbox 445 1376 478 1434; x_wconf 92' lang='lat' dir='ltr'><strong>et</strong></span> <span class='ocrx_word' id='word_1_68' title='bbox 498 1363 542 1432; x_wconf 86' lang='lat' dir='ltr'><strong>ab</strong></span> <span class='ocrx_word' id='word_1_69' title='bbox 558 1363 671 1433; x_wconf 89' lang='lat' dir='ltr'><strong>oculis</strong></span> <span class='ocrx_word' id='word_1_70' title='bbox 691 1358 877 1434; x_wconf 86' lang='lat' dir='ltr'><strong>hominum</strong></span> <span class='ocrx_word' id='word_1_71' title='bbox 894 1386 1012 1433; x_wconf 90' lang='lat' dir='ltr'><strong>remo-</strong></span> 
     </span>
     <span class='ocr_line' id='line_1_13' title="bbox 44 1459 1012 1551; baseline 0.002 -21"><span class='ocrx_word' id='word_1_72' title='bbox 44 1489 123 1550; x_wconf 89' lang='lat' dir='ltr'><strong>vere,</strong></span> <span class='ocrx_word' id='word_1_73' title='bbox 149 1466 207 1535; x_wconf 90' lang='lat' dir='ltr'><strong>sed</strong></span> <span class='ocrx_word' id='word_1_74' title='bbox 223 1465 328 1535; x_wconf 89' lang='lat' dir='ltr'><strong>etiam</strong></span> <span class='ocrx_word' id='word_1_75' title='bbox 345 1459 514 1535; x_wconf 88' lang='lat' dir='ltr'><strong>nonnihil</strong></span> <span class='ocrx_word' id='word_1_76' title='bbox 530 1464 817 1551; x_wconf 82' lang='lat' dir='ltr'><strong>existimationis,</strong></span> <span class='ocrx_word' id='word_1_77' title='bbox 832 1487 1012 1534; x_wconf 90' lang='lat' dir='ltr'><strong>commen-</strong></span> 
     </span>
     <span class='ocr_line' id='line_1_14' title="bbox 46 1563 1012 1660; baseline 0.003 -27"><span class='ocrx_word' id='word_1_78' title='bbox 46 1566 179 1636; x_wconf 87' lang='lat' dir='ltr'><strong>dationis</strong></span> <span class='ocrx_word' id='word_1_79' title='bbox 204 1579 239 1637; x_wconf 91' lang='lat' dir='ltr'><strong>et</strong></span> <span class='ocrx_word' id='word_1_80' title='bbox 258 1567 400 1637; x_wconf 87' lang='lat' dir='ltr'><strong>fucosae</strong></span> <span class='ocrx_word' id='word_1_81' title='bbox 424 1565 595 1657; x_wconf 89' lang='lat' dir='ltr'><strong>gloriolae</strong></span> <span class='ocrx_word' id='word_1_82' title='bbox 620 1565 808 1660; x_wconf 86' lang='lat' dir='ltr'><strong>consequi,</strong></span> <span class='ocrx_word' id='word_1_83' title='bbox 835 1563 1012 1636; x_wconf 86' lang='lat' dir='ltr'><strong>invidiose</strong></span> 
     </span>
     <span class='ocr_line' id='line_1_15' title="bbox 45 1667 1011 1762; baseline 0.002 -26"><span class='ocrx_word' id='word_1_84' title='bbox 45 1680 71 1737; x_wconf 91' lang='lat' dir='ltr'><strong>et</strong></span> <span class='ocrx_word' id='word_1_85' title='bbox 84 1667 289 1738; x_wconf 90' lang='lat' dir='ltr'><strong>calumniose</strong></span> <span class='ocrx_word' id='word_1_86' title='bbox 304 1668 544 1758; x_wconf 88' lang='lat' dir='ltr'><strong>exaggerando</strong></span> <span class='ocrx_word' id='word_1_87' title='bbox 561 1667 866 1762; x_wconf 87' lang='lat' dir='ltr'><strong>exulcerandoque</strong></span> <span class='ocrx_word' id='word_1_88' title='bbox 880 1691 1011 1738; x_wconf 91' lang='lat' dir='ltr'><strong>naevos</strong></span> 
     </span>
     <span class='ocr_line' id='line_1_16' title="bbox 45 1765 1010 1840; baseline 0.001 -4"><span class='ocrx_word' id='word_1_89' title='bbox 45 1781 92 1837; x_wconf 89' lang='lat' dir='ltr'><strong>aut</strong></span> <span class='ocrx_word' id='word_1_90' title='bbox 102 1769 300 1840; x_wconf 86' lang='lat' dir='ltr'><strong>verruculas</strong></span> <span class='ocrx_word' id='word_1_91' title='bbox 314 1765 502 1840; x_wconf 89' lang='lat' dir='ltr'><strong>hominum</strong></span> <span class='ocrx_word' id='word_1_92' title='bbox 517 1769 726 1840; x_wconf 91' lang='lat' dir='ltr'><strong>inferiorum</strong></span> <span class='ocrx_word' id='word_1_93' title='bbox 742 1771 798 1840; x_wconf 90' lang='lat' dir='ltr'><strong>vel</strong></span> <span class='ocrx_word' id='word_1_94' title='bbox 807 1771 1010 1840; x_wconf 87' lang='lat' dir='ltr'><strong>tenuiorum</strong></span> 
     </span>
     <span class='ocr_line' id='line_1_17' title="bbox 45 1866 1009 1966; baseline 0 -28"><span class='ocrx_word' id='word_1_95' title='bbox 45 1870 182 1943; x_wconf 88' lang='lat' dir='ltr'><strong>minusve</strong></span> <span class='ocrx_word' id='word_1_96' title='bbox 205 1866 462 1963; x_wconf 80' lang='lat' dir='ltr'><strong>gratiosorum,</strong></span> <span class='ocrx_word' id='word_1_97' title='bbox 487 1871 551 1964; x_wconf 94' lang='lat' dir='ltr'><strong>qui</strong></span> <span class='ocrx_word' id='word_1_98' title='bbox 566 1885 683 1941; x_wconf 90' lang='lat' dir='ltr'><strong>tamen</strong></span> <span class='ocrx_word' id='word_1_99' title='bbox 698 1893 922 1966; x_wconf 88' lang='lat' dir='ltr'><strong>nequaquem</strong></span> <span class='ocrx_word' id='word_1_100' title='bbox 939 1885 1009 1942; x_wconf 90' lang='lat' dir='ltr'><strong>tam</strong></span> 
     </span>
     <span class='ocr_line' id='line_1_18' title="bbox 46 1972 1011 2064; baseline 0 -24"><span class='ocrx_word' id='word_1_101' title='bbox 46 1974 248 2055; x_wconf 89' lang='lat' dir='ltr'><strong>enormibus,</strong></span> <span class='ocrx_word' id='word_1_102' title='bbox 270 1989 317 2046; x_wconf 88' lang='lat' dir='ltr'><strong>ut·</strong></span> <span class='ocrx_word' id='word_1_103' title='bbox 333 1995 494 2044; x_wconf 87' lang='lat' dir='ltr'><strong>censores</strong></span> <span class='ocrx_word' id='word_1_104' title='bbox 512 1972 585 2057; x_wconf 91' lang='lat' dir='ltr'><strong>illi,</strong></span> <span class='ocrx_word' id='word_1_105' title='bbox 610 1973 754 2064; x_wconf 86' lang='lat' dir='ltr'><strong>flagitiis</strong></span> <span class='ocrx_word' id='word_1_106' title='bbox 779 1972 1011 2044; x_wconf 89' lang='lat' dir='ltr'><strong>contaminati</strong></span> 
     </span>
     <span class='ocr_line' id='line_1_19' title="bbox 46 2070 1012 2169; baseline -0.002 -27"><span class='ocrx_word' id='word_1_107' title='bbox 46 2089 122 2145; x_wconf 88' lang='lat' dir='ltr'><strong>sunt:</strong></span> <span class='ocrx_word' id='word_1_108' title='bbox 152 2075 292 2147; x_wconf 90' lang='lat' dir='ltr'><strong>etiamsi</strong></span> <span class='ocrx_word' id='word_1_109' title='bbox 320 2070 453 2148; x_wconf 87' lang='lat' dir='ltr'><strong>habent</strong></span> <span class='ocrx_word' id='word_1_110' title='bbox 482 2097 562 2145; x_wconf 87' lang='lat' dir='ltr'><strong>suas</strong></span> <span class='ocrx_word' id='word_1_111' title='bbox 585 2076 755 2169; x_wconf 89' lang='lat' dir='ltr'><strong>quasdam</strong></span> <span class='ocrx_word' id='word_1_112' title='bbox 778 2073 1012 2158; x_wconf 86' lang='lat' dir='ltr'><strong>infirmitates,</strong></span> 
     </span>
     <span class='ocr_line' id='line_1_20' title="bbox 47 2175 1008 2272; baseline -0.003 -27"><span class='ocrx_word' id='word_1_113' title='bbox 47 2179 159 2264; x_wconf 89' lang='lat' dir='ltr'><strong>sordes,</strong></span> <span class='ocrx_word' id='word_1_114' title='bbox 190 2191 300 2272; x_wconf 86' lang='lat' dir='ltr'><strong>atque</strong></span> <span class='ocrx_word' id='word_1_115' title='bbox 321 2178 495 2261; x_wconf 91' lang='lat' dir='ltr'><strong>maculas,</strong></span> <span class='ocrx_word' id='word_1_116' title='bbox 530 2189 564 2246; x_wconf 89' lang='lat' dir='ltr'><strong>et</strong></span> <span class='ocrx_word' id='word_1_117' title='bbox 588 2175 719 2247; x_wconf 91' lang='lat' dir='ltr'><strong>alicubi</strong></span> <span class='ocrx_word' id='word_1_118' title='bbox 741 2176 797 2246; x_wconf 91' lang='lat' dir='ltr'><strong>vel</strong></span> <span class='ocrx_word' id='word_1_119' title='bbox 822 2175 1008 2256; x_wconf 86' lang='lat' dir='ltr'><strong>imbecilli-</strong></span> 
     </span>
     <span class='ocr_line' id='line_1_21' title="bbox 47 2272 1011 2369; baseline -0.004 -21"><span class='ocrx_word' id='word_1_120' title='bbox 47 2291 113 2364; x_wconf 84' lang='lat' dir='ltr'><strong>tate,</strong></span> <span class='ocrx_word' id='word_1_121' title='bbox 135 2281 189 2350; x_wconf 91' lang='lat' dir='ltr'><strong>vel</strong></span> <span class='ocrx_word' id='word_1_122' title='bbox 206 2302 351 2364; x_wconf 91' lang='lat' dir='ltr'><strong>errore,</strong></span> <span class='ocrx_word' id='word_1_123' title='bbox 376 2278 432 2348; x_wconf 94' lang='lat' dir='ltr'><strong>vel</strong></span> <span class='ocrx_word' id='word_1_124' title='bbox 455 2277 668 2368; x_wconf 79' lang='lat' dir='ltr'><strong>negligentia</strong></span> <span class='ocrx_word' id='word_1_125' title='bbox 690 2277 781 2369; x_wconf 89' lang='lat' dir='ltr'><strong>lapsi</strong></span> <span class='ocrx_word' id='word_1_126' title='bbox 805 2289 839 2346; x_wconf 91' lang='lat' dir='ltr'><strong>et</strong></span> <span class='ocrx_word' id='word_1_127' title='bbox 859 2272 1011 2346; x_wconf 86' lang='lat' dir='ltr'><strong>halluci-</strong></span> 
     </span>
     <span class='ocr_line' id='line_1_22' title="bbox 46 2374 1011 2468; baseline 0.001 -21"><span class='ocrx_word' id='word_1_128' title='bbox 46 2381 101 2450; x_wconf 86' lang='lat' dir='ltr'><strong>nati</strong></span> <span class='ocrx_word' id='word_1_129' title='bbox 114 2397 209 2468; x_wconf 91' lang='lat' dir='ltr'><strong>sunt,</strong></span> <span class='ocrx_word' id='word_1_130' title='bbox 237 2393 299 2452; x_wconf 92' lang='lat' dir='ltr'><strong>aut</strong></span> <span class='ocrx_word' id='word_1_131' title='bbox 317 2376 486 2450; x_wconf 92' lang='lat' dir='ltr'><strong>nonnihil</strong></span> <span class='ocrx_word' id='word_1_132' title='bbox 504 2380 609 2448; x_wconf 89' lang='lat' dir='ltr'><strong>etiam</strong></span> <span class='ocrx_word' id='word_1_133' title='bbox 634 2381 680 2450; x_wconf 91' lang='lat' dir='ltr'><strong>ab</strong></span> <span class='ocrx_word' id='word_1_134' title='bbox 697 2374 845 2449; x_wconf 89' lang='lat' dir='ltr'><strong>honesto</strong></span> <span class='ocrx_word' id='word_1_135' title='bbox 860 2377 1011 2448; x_wconf 83' lang='lat' dir='ltr'><strong>deflexe-</strong></span> 
     </span>
     <span class='ocr_line' id='line_1_23' title="bbox 46 2477 1011 2568; baseline 0.001 -19"><span class='ocrx_word' id='word_1_136' title='bbox 46 2497 125 2568; x_wconf 86' lang='lat' dir='ltr'><strong>runt,</strong></span> <span class='ocrx_word' id='word_1_137' title='bbox 155 2484 248 2554; x_wconf 89' lang='lat' dir='ltr'><strong>sicut</strong></span> <span class='ocrx_word' id='word_1_138' title='bbox 271 2506 377 2552; x_wconf 92' lang='lat' dir='ltr'><strong>nemo</strong></span> <span class='ocrx_word' id='word_1_139' title='bbox 399 2477 587 2552; x_wconf 91' lang='lat' dir='ltr'><strong>hominum</strong></span> <span class='ocrx_word' id='word_1_140' title='bbox 616 2496 667 2554; x_wconf 89' lang='lat' dir='ltr'><strong>est</strong></span> <span class='ocrx_word' id='word_1_141' title='bbox 695 2481 800 2552; x_wconf 89' lang='lat' dir='ltr'><strong>etiam</strong></span> <span class='ocrx_word' id='word_1_142' title='bbox 832 2479 1011 2550; x_wconf 87' lang='lat' dir='ltr'><strong>sanctissi-</strong></span> 
     </span>
     <span class='ocr_line' id='line_1_24' title="bbox 47 2581 1011 2678; baseline 0 -28"><span class='ocrx_word' id='word_1_143' title='bbox 47 2605 178 2670; x_wconf 85' lang='lat' dir='ltr'><strong>morum,</strong></span> <span class='ocrx_word' id='word_1_144' title='bbox 203 2585 367 2678; x_wconf 92' lang='lat' dir='ltr'><strong>quinon</strong></span> <span class='ocrx_word' id='word_1_145' title='bbox 390 2606 492 2674; x_wconf 87' lang='lat' dir='ltr'><strong>saepe</strong></span> <span class='ocrx_word' id='word_1_146' title='bbox 515 2597 634 2676; x_wconf 90' lang='lat' dir='ltr'><strong>peccet</strong></span> <span class='ocrx_word' id='word_1_147' title='bbox 656 2582 774 2676; x_wconf 86' lang='lat' dir='ltr'><strong>aliqua</strong></span> <span class='ocrx_word' id='word_1_148' title='bbox 796 2581 1011 2665; x_wconf 88' lang='lat' dir='ltr'><strong>infirmitate,</strong></span> 
     </span>
     <span class='ocr_line' id='line_1_25' title="bbox 46 2683 1009 2778; baseline 0.002 -28"><span class='ocrx_word' id='word_1_149' title='bbox 46 2684 266 2772; x_wconf 83' lang='lat' dir='ltr'><strong>ignoratione,</strong></span> <span class='ocrx_word' id='word_1_150' title='bbox 289 2685 501 2769; x_wconf 88' lang='lat' dir='ltr'><strong>omissione,</strong></span> <span class='ocrx_word' id='word_1_151' title='bbox 524 2699 584 2756; x_wconf 90' lang='lat' dir='ltr'><strong>aut</strong></span> <span class='ocrx_word' id='word_1_152' title='bbox 599 2685 831 2776; x_wconf 85' lang='lat' dir='ltr'><strong>negligentia:</strong></span> <span class='ocrx_word' id='word_1_153' title='bbox 859 2683 934 2754; x_wconf 92' lang='lat' dir='ltr'><strong>imo</strong></span> <span class='ocrx_word' id='word_1_154' title='bbox 949 2685 1009 2778; x_wconf 93' lang='lat' dir='ltr'><strong>qui</strong></span> 
     </span>
     <span class='ocr_line' id='line_1_26' title="bbox 45 2785 1011 2878; baseline 0.003 -25"><span class='ocrx_word' id='word_1_155' title='bbox 45 2809 101 2857; x_wconf 91' lang='lat' dir='ltr'><strong>nou</strong></span> <span class='ocrx_word' id='word_1_156' title='bbox 124 2785 253 2860; x_wconf 89' lang='lat' dir='ltr'><strong>babeat</strong></span> <span class='ocrx_word' id='word_1_157' title='bbox 276 2788 407 2858; x_wconf 90' lang='lat' dir='ltr'><strong>multos</strong></span> <span class='ocrx_word' id='word_1_158' title='bbox 430 2786 569 2878; x_wconf 87' lang='lat' dir='ltr'><strong>lapsus,</strong></span> <span class='ocrx_word' id='word_1_159' title='bbox 601 2787 712 2858; x_wconf 90' lang='lat' dir='ltr'><strong>multa</strong></span> <span class='ocrx_word' id='word_1_160' title='bbox 735 2810 809 2857; x_wconf 92' lang='lat' dir='ltr'><strong>non</strong></span> <span class='ocrx_word' id='word_1_161' title='bbox 836 2787 927 2856; x_wconf 91' lang='lat' dir='ltr'><strong>levia</strong></span> <span class='ocrx_word' id='word_1_162' title='bbox 949 2788 1011 2856; x_wconf 90' lang='lat' dir='ltr'><strong>de-</strong></span> 
     </span>
     <span class='ocr_line' id='line_1_27' title="bbox 46 2887 510 3000; baseline 0.009 -46"><span class='ocrx_word' id='word_1_163' title='bbox 46 2887 124 2974; x_wconf 89' lang='lat' dir='ltr'><strong>licta,</strong></span> <span class='ocrx_word' id='word_1_164' title='bbox 148 2906 266 2964; x_wconf 89' lang='lat' dir='ltr'><strong>errata</strong></span> <span class='ocrx_word' id='word_1_165' title='bbox 284 2905 320 2963; x_wconf 92' lang='lat' dir='ltr'><strong>et</strong></span> <span class='ocrx_word' id='word_1_166' title='bbox 335 2889 510 3000; x_wconf 79' lang='lat' dir='ltr'><strong>scandala.</strong></span> 
     </span>
    </p>
   </div>
   <div class='ocr_carea' id='block_1_3' title="bbox 44 3091 1015 5123">
    <p class='ocr_par' dir='ltr' id='par_1_3' title="bbox 44 3091 1015 5123">
     <span class='ocr_line' id='line_1_28' title="bbox 124 3091 1012 3185; baseline -0.007 -17"><span class='ocrx_word' id='word_1_167' title='bbox 124 3095 171 3168; x_wconf 89' lang='lat' dir='ltr'><strong>Ut</strong></span> <span class='ocrx_word' id='word_1_168' title='bbox 184 3101 221 3171; x_wconf 76' lang='lat'><strong>2.</strong></span> <span class='ocrx_word' id='word_1_169' title='bbox 240 3091 332 3185; x_wconf 86' lang='lat' dir='ltr'><strong>Reg.</strong></span> <span class='ocrx_word' id='word_1_170' title='bbox 343 3091 402 3166; x_wconf 81' lang='lat'><strong>16.</strong></span> <span class='ocrx_word' id='word_1_171' title='bbox 419 3117 498 3163; x_wconf 90' lang='lat' dir='ltr'><strong>curn</strong></span> <span class='ocrx_word' id='word_1_172' title='bbox 507 3091 623 3164; x_wconf 88' lang='lat' dir='ltr'><strong>David</strong></span> <span class='ocrx_word' id='word_1_173' title='bbox 638 3091 783 3184; x_wconf 87' lang='lat' dir='ltr'><strong>pellitur</strong></span> <span class='ocrx_word' id='word_1_174' title='bbox 799 3091 1012 3179; x_wconf 82' lang='lat' dir='ltr'><strong>inexilium,</strong></span> 
     </span>
     <span class='ocr_line' id='line_1_29' title="bbox 44 3193 1010 3286; baseline 0.004 -24"><span class='ocrx_word' id='word_1_175' title='bbox 44 3197 211 3270; x_wconf 86' lang='lat' dir='ltr'><strong>maledicus</strong></span> <span class='ocrx_word' id='word_1_176' title='bbox 219 3194 340 3272; x_wconf 89' lang='lat' dir='ltr'><strong>Semei</strong></span> <span class='ocrx_word' id='word_1_177' title='bbox 350 3196 498 3267; x_wconf 88' lang='lat' dir='ltr'><strong>exsultat</strong></span> <span class='ocrx_word' id='word_1_178' title='bbox 507 3195 657 3286; x_wconf 88' lang='lat' dir='ltr'><strong>gestiens</strong></span> <span class='ocrx_word' id='word_1_179' title='bbox 669 3193 790 3264; x_wconf 91' lang='lat' dir='ltr'><strong>auimo</strong></span> <span class='ocrx_word' id='word_1_180' title='bbox 799 3193 1010 3284; x_wconf 88' lang='lat' dir='ltr'><strong>gladiatorio</strong></span> 
     </span>
     <span class='ocr_line' id='line_1_30' title="bbox 44 3295 1011 3384; baseline 0.002 -19"><span class='ocrx_word' id='word_1_181' title='bbox 44 3295 73 3366; x_wconf 91' lang='lat' dir='ltr'><strong>in</strong></span> <span class='ocrx_word' id='word_1_182' title='bbox 89 3300 273 3384; x_wconf 88' lang='lat' dir='ltr'><strong>iacentem,</strong></span> <span class='ocrx_word' id='word_1_183' title='bbox 299 3299 399 3369; x_wconf 87' lang='lat' dir='ltr'><strong>cuius</strong></span> <span class='ocrx_word' id='word_1_184' title='bbox 422 3297 620 3368; x_wconf 88' lang='lat' dir='ltr'><strong>calamitate</strong></span> <span class='ocrx_word' id='word_1_185' title='bbox 643 3296 856 3380; x_wconf 89' lang='lat' dir='ltr'><strong>delectatur,</strong></span> <span class='ocrx_word' id='word_1_186' title='bbox 889 3295 1011 3367; x_wconf 89' lang='lat' dir='ltr'><strong>incur-</strong></span> 
     </span>
     <span class='ocr_line' id='line_1_31' title="bbox 45 3397 1011 3494; baseline 0 -26"><span class='ocrx_word' id='word_1_187' title='bbox 45 3421 121 3487; x_wconf 87' lang='lat' dir='ltr'><strong>rere,</strong></span> <span class='ocrx_word' id='word_1_188' title='bbox 145 3423 360 3494; x_wconf 90' lang='lat' dir='ltr'><strong>omnemque</strong></span> <span class='ocrx_word' id='word_1_189' title='bbox 370 3399 487 3470; x_wconf 85' lang='lat' dir='ltr'><strong>animi</strong></span> <span class='ocrx_word' id='word_1_190' title='bbox 502 3397 749 3483; x_wconf 86' lang='lat' dir='ltr'><strong>virulentiam,</strong></span> <span class='ocrx_word' id='word_1_191' title='bbox 775 3399 1011 3484; x_wconf 90' lang='lat' dir='ltr'><strong>acerbitatem,</strong></span> 
     </span>
     <span class='ocr_line' id='line_1_32' title="bbox 45 3495 1010 3600; baseline 0 -30"><span class='ocrx_word' id='word_1_192' title='bbox 45 3514 72 3570; x_wconf 90' lang='lat' dir='ltr'><strong>et</strong></span> <span class='ocrx_word' id='word_1_193' title='bbox 82 3495 372 3600; x_wconf 76' lang='grc' dir='ltr'><strong><em>ἐπιχαιρεκακίαν</em></strong></span> <span class='ocrx_word' id='word_1_194' title='bbox 389 3523 561 3586; x_wconf 87' lang='lat' dir='ltr'><strong>evomere,</strong></span> <span class='ocrx_word' id='word_1_195' title='bbox 578 3512 772 3584; x_wconf 86' lang='lat' dir='ltr'><strong>scurratur,</strong></span> <span class='ocrx_word' id='word_1_196' title='bbox 795 3501 867 3590; x_wconf 88' lang='lat' dir='ltr'><strong>agit</strong></span> <span class='ocrx_word' id='word_1_197' title='bbox 883 3501 1010 3571; x_wconf 91' lang='lat' dir='ltr'><strong>trium-</strong></span> 
     </span>
     <span class='ocr_line' id='line_1_33' title="bbox 45 3597 1011 3696; baseline -0.002 -23"><span class='ocrx_word' id='word_1_198' title='bbox 45 3597 130 3691; x_wconf 87' lang='lat' dir='ltr'><strong>phos,</strong></span> <span class='ocrx_word' id='word_1_199' title='bbox 159 3605 311 3677; x_wconf 90' lang='lat' dir='ltr'><strong>insultat</strong></span> <span class='ocrx_word' id='word_1_200' title='bbox 332 3616 367 3674; x_wconf 91' lang='lat' dir='ltr'><strong>et</strong></span> <span class='ocrx_word' id='word_1_201' title='bbox 389 3602 512 3675; x_wconf 85' lang='lat' dir='ltr'><strong>illudit</strong></span> <span class='ocrx_word' id='word_1_202' title='bbox 533 3603 566 3672; x_wconf 91' lang='lat' dir='ltr'><strong>ei</strong></span> <span class='ocrx_word' id='word_1_203' title='bbox 594 3599 791 3696; x_wconf 82' lang='lat' dir='ltr'><strong>manifestis</strong></span> <span class='ocrx_word' id='word_1_204' title='bbox 817 3601 1011 3688; x_wconf 88' lang='lat' dir='ltr'><strong>sarcasmis,</strong></span> 
     </span>
     <span class='ocr_line' id='line_1_34' title="bbox 46 3698 1009 3797; baseline 0 -25"><span class='ocrx_word' id='word_1_205' title='bbox 46 3709 185 3794; x_wconf 88' lang='lat' dir='ltr'><strong>egredere</strong></span> <span class='ocrx_word' id='word_1_206' title='bbox 207 3706 267 3776; x_wconf 91' lang='lat' dir='ltr'><strong>vir</strong></span> <span class='ocrx_word' id='word_1_207' title='bbox 280 3704 513 3795; x_wconf 88' lang='lat' dir='ltr'><strong>sanguinum,</strong></span> <span class='ocrx_word' id='word_1_208' title='bbox 539 3705 677 3797; x_wconf 90' lang='lat' dir='ltr'><strong>inquit,</strong></span> <span class='ocrx_word' id='word_1_209' title='bbox 703 3717 805 3774; x_wconf 88' lang='lat' dir='ltr'><strong>vocat</strong></span> <span class='ocrx_word' id='word_1_210' title='bbox 827 3698 1009 3775; x_wconf 91' lang='lat' dir='ltr'><strong>hominem</strong></span> 
     </span>
     <span class='ocr_line' id='line_1_35' title="bbox 44 3803 1011 3890; baseline 0 -14"><span class='ocrx_word' id='word_1_211' title='bbox 44 3809 290 3890; x_wconf 90' lang='lat' dir='ltr'><strong>turbulentum,</strong></span> <span class='ocrx_word' id='word_1_212' title='bbox 316 3806 493 3877; x_wconf 89' lang='lat' dir='ltr'><strong>sitientem</strong></span> <span class='ocrx_word' id='word_1_213' title='bbox 509 3805 648 3876; x_wconf 87' lang='lat' dir='ltr'><strong>cruoris</strong></span> <span class='ocrx_word' id='word_1_214' title='bbox 662 3819 697 3876; x_wconf 92' lang='lat' dir='ltr'><strong>et</strong></span> <span class='ocrx_word' id='word_1_215' title='bbox 710 3805 926 3876; x_wconf 87' lang='lat' dir='ltr'><strong>seditiosum.</strong></span> <span class='ocrx_word' id='word_1_216' title='bbox 961 3803 1011 3876; x_wconf 86' lang='lat' dir='ltr'><strong>Et</strong></span> 
     </span>
     <span class='ocr_line' id='line_1_36' title="bbox 44 3907 1009 4001; baseline 0 -25"><span class='ocrx_word' id='word_1_217' title='bbox 44 3910 189 3983; x_wconf 89' lang='lat' dir='ltr'><strong>usitatum</strong></span> <span class='ocrx_word' id='word_1_218' title='bbox 206 3922 261 3982; x_wconf 91' lang='lat' dir='ltr'><strong>est</strong></span> <span class='ocrx_word' id='word_1_219' title='bbox 275 3909 343 4000; x_wconf 89' lang='lat' dir='ltr'><strong>piis</strong></span> <span class='ocrx_word' id='word_1_220' title='bbox 357 3907 425 3978; x_wconf 89' lang='lat' dir='ltr'><strong>hoc</strong></span> <span class='ocrx_word' id='word_1_221' title='bbox 439 3907 608 3989; x_wconf 88' lang='lat' dir='ltr'><strong>accidere,</strong></span> <span class='ocrx_word' id='word_1_222' title='bbox 626 3909 722 4001; x_wconf 94' lang='lat' dir='ltr'><strong>quod</strong></span> <span class='ocrx_word' id='word_1_223' title='bbox 738 3907 825 3981; x_wconf 93' lang='lat' dir='ltr'><strong>dicit</strong></span> <span class='ocrx_word' id='word_1_224' title='bbox 839 3907 1009 3979; x_wconf 90' lang='lat' dir='ltr'><strong>Salomon</strong></span> 
     </span>
     <span class='ocr_line' id='line_1_37' title="bbox 44 4003 1009 4098; baseline 0.004 -22"><span class='ocrx_word' id='word_1_225' title='bbox 44 4003 193 4088; x_wconf 80' lang='lat' dir='ltr'><strong>Proverb.</strong></span> <span class='ocrx_word' id='word_1_226' title='bbox 215 4007 299 4087; x_wconf 80' lang='lat'><strong>25.:</strong></span> <span class='ocrx_word' id='word_1_227' title='bbox 330 4009 427 4082; x_wconf 84' lang='lat' dir='ltr'><strong>Fons</strong></span> <span class='ocrx_word' id='word_1_228' title='bbox 448 4011 611 4081; x_wconf 91' lang='lat' dir='ltr'><strong>turbatus</strong></span> <span class='ocrx_word' id='word_1_229' title='bbox 625 4032 755 4094; x_wconf 92' lang='lat' dir='ltr'><strong>coeno,</strong></span> <span class='ocrx_word' id='word_1_230' title='bbox 782 4022 816 4079; x_wconf 92' lang='lat' dir='ltr'><strong>et</strong></span> <span class='ocrx_word' id='word_1_231' title='bbox 833 4009 1009 4098; x_wconf 83' lang='lat' dir='ltr'><strong>scaturigo</strong></span> 
     </span>
     <span class='ocr_line' id='line_1_38' title="bbox 45 4109 1010 4203; baseline 0.006 -27"><span class='ocrx_word' id='word_1_232' title='bbox 45 4109 196 4186; x_wconf 88' lang='lat' dir='ltr'><strong>lutulenta</strong></span> <span class='ocrx_word' id='word_1_233' title='bbox 211 4127 264 4186; x_wconf 91' lang='lat' dir='ltr'><strong>est</strong></span> <span class='ocrx_word' id='word_1_234' title='bbox 279 4115 393 4184; x_wconf 91' lang='lat' dir='ltr'><strong>iustus</strong></span> <span class='ocrx_word' id='word_1_235' title='bbox 405 4112 531 4182; x_wconf 90' lang='lat' dir='ltr'><strong>cadens</strong></span> <span class='ocrx_word' id='word_1_236' title='bbox 545 4135 607 4182; x_wconf 90' lang='lat' dir='ltr'><strong>seu</strong></span> <span class='ocrx_word' id='word_1_237' title='bbox 621 4112 740 4203; x_wconf 89' lang='lat' dir='ltr'><strong>lapsus</strong></span> <span class='ocrx_word' id='word_1_238' title='bbox 754 4134 871 4182; x_wconf 91' lang='lat' dir='ltr'><strong>coram</strong></span> <span class='ocrx_word' id='word_1_239' title='bbox 888 4112 1010 4203; x_wconf 87' lang='lat' dir='ltr'><strong>impio.</strong></span> 
     </span>
     <span class='ocr_line' id='line_1_39' title="bbox 45 4207 1008 4308; baseline 0.004 -29"><span class='ocrx_word' id='word_1_240' title='bbox 45 4207 78 4282; x_wconf 93' lang='lat' dir='ltr'><strong>ln</strong></span> <span class='ocrx_word' id='word_1_241' title='bbox 89 4211 149 4286; x_wconf 90' lang='lat' dir='ltr'><strong>boc</strong></span> <span class='ocrx_word' id='word_1_242' title='bbox 165 4218 260 4288; x_wconf 92' lang='lat' dir='ltr'><strong>dicto</strong></span> <span class='ocrx_word' id='word_1_243' title='bbox 277 4214 492 4308; x_wconf 86' lang='lat' dir='ltr'><strong>proponitur</strong></span> <span class='ocrx_word' id='word_1_244' title='bbox 506 4215 623 4304; x_wconf 89' lang='lat' dir='ltr'><strong>imago</strong></span> <span class='ocrx_word' id='word_1_245' title='bbox 648 4214 863 4285; x_wconf 91' lang='lat' dir='ltr'><strong>iudiciorum</strong></span> <span class='ocrx_word' id='word_1_246' title='bbox 879 4215 1008 4286; x_wconf 89' lang='lat' dir='ltr'><strong>mundi</strong></span> 
     </span>
     <span class='ocr_line' id='line_1_40' title="bbox 44 4311 1015 4406; baseline -0.002 -18"><span class='ocrx_word' id='word_1_247' title='bbox 44 4314 77 4384; x_wconf 79' lang='lat' dir='ltr'><strong>tle</strong></span> <span class='ocrx_word' id='word_1_248' title='bbox 93 4311 256 4391; x_wconf 83' lang='lat' dir='ltr'><strong>Ecclesia.</strong></span> <span class='ocrx_word' id='word_1_249' title='bbox 315 4315 366 4388; x_wconf 91' lang='lat' dir='ltr'><strong>lta</strong></span> <span class='ocrx_word' id='word_1_250' title='bbox 397 4315 492 4386; x_wconf 91' lang='lat' dir='ltr'><strong>enim</strong></span> <span class='ocrx_word' id='word_1_251' title='bbox 521 4316 610 4385; x_wconf 90' lang='lat' dir='ltr'><strong>solet</strong></span> <span class='ocrx_word' id='word_1_252' title='bbox 635 4316 730 4400; x_wconf 88' lang='lat' dir='ltr'><strong>lieri,</strong></span> <span class='ocrx_word' id='word_1_253' title='bbox 762 4315 861 4406; x_wconf 92' lang='lat' dir='ltr'><strong>impii</strong></span> <span class='ocrx_word' id='word_1_254' title='bbox 886 4327 1015 4388; x_wconf 78' lang='lat' dir='ltr'><strong>tenent·</strong></span> 
     </span>
     <span class='ocr_line' id='line_1_41' title="bbox 45 4413 1007 4512; baseline 0.004 -28"><span class='ocrx_word' id='word_1_255' title='bbox 45 4413 170 4510; x_wconf 88' lang='lat' dir='ltr'><strong>imperia</strong></span> <span class='ocrx_word' id='word_1_256' title='bbox 187 4434 220 4492; x_wconf 90' lang='lat' dir='ltr'><strong>et</strong></span> <span class='ocrx_word' id='word_1_257' title='bbox 244 4441 350 4512; x_wconf 91' lang='lat' dir='ltr'><strong>opes,</strong></span> <span class='ocrx_word' id='word_1_258' title='bbox 375 4419 505 4488; x_wconf 86' lang='lat' dir='ltr'><strong>florent</strong></span> <span class='ocrx_word' id='word_1_259' title='bbox 527 4418 702 4507; x_wconf 87' lang='lat' dir='ltr'><strong>potentia,</strong></span> <span class='ocrx_word' id='word_1_260' title='bbox 729 4415 839 4506; x_wconf 66' lang='lat' dir='ltr'><strong>gr‘astia</strong></span> <span class='ocrx_word' id='word_1_261' title='bbox 863 4433 898 4490; x_wconf 90' lang='lat' dir='ltr'><strong>et</strong></span> <span class='ocrx_word' id='word_1_262' title='bbox 928 4420 1007 4510; x_wconf 89' lang='lat' dir='ltr'><strong>glo-</strong></span> 
     </span>
     <span class='ocr_line' id='line_1_42' title="bbox 45 4517 1010 4615; baseline 0.002 -27"><span class='ocrx_word' id='word_1_263' title='bbox 45 4517 98 4605; x_wconf 82' lang='lat' dir='ltr'><strong>ria3</strong></span> <span class='ocrx_word' id='word_1_264' title='bbox 128 4523 278 4615; x_wconf 88' lang='lat' dir='ltr'><strong>proinde</strong></span> <span class='ocrx_word' id='word_1_265' title='bbox 292 4533 476 4612; x_wconf 89' lang='lat' dir='ltr'><strong>conspecta</strong></span> <span class='ocrx_word' id='word_1_266' title='bbox 496 4519 614 4612; x_wconf 90' lang='lat' dir='ltr'><strong>aliqua</strong></span> <span class='ocrx_word' id='word_1_267' title='bbox 637 4519 842 4590; x_wconf 82' lang='lat' dir='ltr'><strong>infirmitate</strong></span> <span class='ocrx_word' id='word_1_268' title='bbox 864 4543 926 4592; x_wconf 90' lang='lat' dir='ltr'><strong>seu</strong></span> <span class='ocrx_word' id='word_1_269' title='bbox 946 4522 1010 4590; x_wconf 90' lang='lat' dir='ltr'><strong>de-</strong></span> 
     </span>
     <span class='ocr_line' id='line_1_43' title="bbox 45 4619 1009 4712; baseline 0.001 -20"><span class='ocrx_word' id='word_1_270' title='bbox 45 4619 200 4696; x_wconf 81' lang='lat' dir='ltr'><strong>formitate</strong></span> <span class='ocrx_word' id='word_1_271' title='bbox 222 4638 285 4696; x_wconf 88' lang='lat' dir='ltr'><strong>aut</strong></span> <span class='ocrx_word' id='word_1_272' title='bbox 305 4623 435 4712; x_wconf 87' lang='lat' dir='ltr'><strong>tragica</strong></span> <span class='ocrx_word' id='word_1_273' title='bbox 455 4621 652 4692; x_wconf 90' lang='lat' dir='ltr'><strong>calamitate</strong></span> <span class='ocrx_word' id='word_1_274' title='bbox 671 4621 829 4712; x_wconf 89' lang='lat' dir='ltr'><strong>piorum,</strong></span> <span class='ocrx_word' id='word_1_275' title='bbox 855 4625 1009 4712; x_wconf 92' lang='lat' dir='ltr'><strong>gaudent</strong></span> 
     </span>
     <span class='ocr_line' id='line_1_44' title="bbox 46 4721 1009 4816; baseline 0.01 -32"><span class='ocrx_word' id='word_1_276' title='bbox 46 4721 99 4790; x_wconf 89' lang='lat' dir='ltr'><strong>sibi</strong></span> <span class='ocrx_word' id='word_1_277' title='bbox 118 4727 333 4798; x_wconf 88' lang='lat' dir='ltr'><strong>occasionem</strong></span> <span class='ocrx_word' id='word_1_278' title='bbox 357 4725 514 4796; x_wconf 91' lang='lat' dir='ltr'><strong>oblatam</strong></span> <span class='ocrx_word' id='word_1_279' title='bbox 541 4723 771 4816; x_wconf 76' lang='lat' dir='ltr'><strong>traducendi,</strong></span> <span class='ocrx_word' id='word_1_280' title='bbox 803 4736 839 4793; x_wconf 92' lang='lat' dir='ltr'><strong>et</strong></span> <span class='ocrx_word' id='word_1_281' title='bbox 862 4745 1009 4815; x_wconf 85' lang='lat' dir='ltr'><strong>exagge-</strong></span> 
     </span>
     <span class='ocr_line' id='line_1_45' title="bbox 47 4824 1008 4918; baseline 0.005 -28"><span class='ocrx_word' id='word_1_282' title='bbox 47 4827 274 4900; x_wconf 80' lang='lat' dir='ltr'><strong>sardicorum</strong></span> <span class='ocrx_word' id='word_1_283' title='bbox 296 4827 383 4898; x_wconf 90' lang='lat' dir='ltr'><strong>vitia</strong></span> <span class='ocrx_word' id='word_1_284' title='bbox 408 4825 616 4918; x_wconf 84' lang='lat' dir='ltr'><strong>afflictisque</strong></span> <span class='ocrx_word' id='word_1_285' title='bbox 639 4824 872 4894; x_wconf 90' lang='lat' dir='ltr'><strong>maledicendi</strong></span> <span class='ocrx_word' id='word_1_286' title='bbox 894 4840 927 4896; x_wconf 92' lang='lat' dir='ltr'><strong>et</strong></span> <span class='ocrx_word' id='word_1_287' title='bbox 950 4829 1008 4895; x_wconf 93' lang='lat' dir='ltr'><strong>in·</strong></span> 
     </span>
     <span class='ocr_line' id='line_1_46' title="bbox 47 4925 1008 5023; baseline 0.005 -32"><span class='ocrx_word' id='word_1_288' title='bbox 47 4925 196 5000; x_wconf 82' lang='lat' dir='ltr'><strong>saltandi:</strong></span> <span class='ocrx_word' id='word_1_289' title='bbox 225 4931 318 5011; x_wconf 89' lang='lat' dir='ltr'><strong>imo,</strong></span> <span class='ocrx_word' id='word_1_290' title='bbox 343 4944 511 5023; x_wconf 90' lang='lat' dir='ltr'><strong>tanquam</strong></span> <span class='ocrx_word' id='word_1_291' title='bbox 535 4927 696 4997; x_wconf 87' lang='lat' dir='ltr'><strong>sensibus</strong></span> <span class='ocrx_word' id='word_1_292' title='bbox 718 4949 854 4997; x_wconf 90' lang='lat' dir='ltr'><strong>summa</strong></span> <span class='ocrx_word' id='word_1_293' title='bbox 879 4927 1008 4999; x_wconf 91' lang='lat' dir='ltr'><strong>iucun-</strong></span> 
     </span>
     <span class='ocr_line' id='line_1_47' title="bbox 48 5023 1009 5123; baseline 0.003 -27"><span class='ocrx_word' id='word_1_294' title='bbox 48 5023 136 5102; x_wconf 81' lang='lat' dir='ltr'><strong>ditate</strong></span> <span class='ocrx_word' id='word_1_295' title='bbox 150 5033 320 5123; x_wconf 85' lang='lat' dir='ltr'><strong>periusis,</strong></span> <span class='ocrx_word' id='word_1_296' title='bbox 343 5045 378 5101; x_wconf 90' lang='lat' dir='ltr'><strong>et</strong></span> <span class='ocrx_word' id='word_1_297' title='bbox 398 5030 579 5118; x_wconf 92' lang='lat' dir='ltr'><strong>voluptate</strong></span> <span class='ocrx_word' id='word_1_298' title='bbox 602 5028 702 5122; x_wconf 91' lang='lat' dir='ltr'><strong>quasi</strong></span> <span class='ocrx_word' id='word_1_299' title='bbox 726 5029 896 5116; x_wconf 86' lang='lat' dir='ltr'><strong>titillatis,</strong></span> <span class='ocrx_word' id='word_1_300' title='bbox 923 5029 1009 5099; x_wconf 87' lang='lat' dir='ltr'><strong>effe-</strong></span> 
     </span>
    </p>
   </div>
   <div class='ocr_carea' id='block_1_4' title="bbox 264 151 1939 284">
    <p class='ocr_par' dir='ltr' id='par_1_4' title="bbox 264 151 1939 284">
     <span class='ocr_line' id='line_1_48' title="bbox 264 151 1939 284; baseline 0.011 -41"><span class='ocrx_word' id='word_1_301' title='bbox 264 151 367 284; x_wconf 58' lang='lat' dir='ltr'><strong>un.</strong></span> <span class='ocrx_word' id='word_1_302' title='bbox 419 157 816 248; x_wconf 68' lang='lat' dir='ltr'><strong>,ennotsttoutts</strong></span> <span class='ocrx_word' id='word_1_303' title='bbox 841 163 908 244; x_wconf 81' lang='lat' dir='ltr'><strong>ur</strong></span> <span class='ocrx_word' id='word_1_304' title='bbox 933 161 1217 246; x_wconf 71' lang='lat' dir='ltr'><strong>conciones</strong></span> <span class='ocrx_word' id='word_1_305' title='bbox 1245 167 1296 244; x_wconf 84' lang='lat' dir='ltr'><strong>tu</strong></span> <span class='ocrx_word' id='word_1_306' title='bbox 1318 165 1503 284; x_wconf 72' lang='lat' dir='ltr'><strong>avano.</strong></span> <span class='ocrx_word' id='word_1_307' title='bbox 1529 172 1813 259; x_wconf 73' lang='lat' dir='ltr'><strong>narretur.</strong></span> <span class='ocrx_word' id='word_1_308' title='bbox 1937 165 1939 176; x_wconf 60' lang='lat'><strong><em>⁴</em></strong></span> 
     </span>
    </p>
   </div>
   <div class='ocr_carea' id='block_1_5' title="bbox 1981 195 2058 286">
    <p class='ocr_par' dir='ltr' id='par_1_5' title="bbox 1981 195 2058 286">
     <span class='ocr_line' id='line_1_49' title="bbox 1981 195 2058 286; baseline 0.026 -18"><span class='ocrx_word' id='word_1_309' title='bbox 1981 195 2058 286; x_wconf 75' lang='lat'><strong>710</strong></span> 
     </span>
    </p>
   </div>
   <div class='ocr_carea' id='block_1_6' title="bbox 1065 330 2055 540">
    <p class='ocr_par' dir='ltr' id='par_1_6' title="bbox 1065 330 2055 540">
     <span class='ocr_line' id='line_1_50' title="bbox 1092 330 2055 462; baseline 0.034 -52"><span class='ocrx_word' id='word_1_310' title='bbox 1092 377 1094 386; x_wconf 81' lang='grc'><em>·</em></span> <span class='ocrx_word' id='word_1_311' title='bbox 1168 337 1265 412; x_wconf 87' lang='lat' dir='ltr'><strong>Haec</strong></span> <span class='ocrx_word' id='word_1_312' title='bbox 1291 330 1412 416; x_wconf 87' lang='lat' dir='ltr'><strong>omnia</strong></span> <span class='ocrx_word' id='word_1_313' title='bbox 1436 347 1705 440; x_wconf 89' lang='lat' dir='ltr'><strong>conspiciuntur</strong></span> <span class='ocrx_word' id='word_1_314' title='bbox 1728 358 1842 431; x_wconf 90' lang='lat' dir='ltr'><strong>oculis</strong></span> <span class='ocrx_word' id='word_1_315' title='bbox 1870 375 1904 436; x_wconf 91' lang='lat' dir='ltr'><strong>et</strong></span> <span class='ocrx_word' id='word_1_316' title='bbox 1934 370 2055 462; x_wconf 89' lang='lat' dir='ltr'><strong>quoti-</strong></span> 
     </span>
     <span class='ocr_line' id='line_1_51' title="bbox 1065 441 1709 540; baseline 0.025 -26"><span class='ocrx_word' id='word_1_317' title='bbox 1065 441 1172 514; x_wconf 88' lang='lat' dir='ltr'><strong>diana</strong></span> <span class='ocrx_word' id='word_1_318' title='bbox 1190 443 1407 536; x_wconf 85' lang='lat' dir='ltr'><strong>experientia</strong></span> <span class='ocrx_word' id='word_1_319' title='bbox 1420 451 1709 540; x_wconf 88' lang='lat' dir='ltr'><strong>comprobantur.</strong></span> 
     </span>
    </p>
   </div>
   <div class='ocr_carea' id='block_1_7' title="bbox 1167 572 2053 683">
    <p class='ocr_par' dir='ltr' id='par_1_7' title="bbox 1167 572 2053 683">
     <span class='ocr_line' id='line_1_52' title="bbox 1167 572 2053 683; baseline 0.037 -34"><span class='ocrx_word' id='word_1_320' title='bbox 1167 572 1217 650; x_wconf 76' lang='lat' dir='ltr'><strong>At</strong></span> <span class='ocrx_word' id='word_1_321' title='bbox 1230 591 1353 651; x_wconf 87' lang='lat' dir='ltr'><strong>contra</strong></span> <span class='ocrx_word' id='word_1_322' title='bbox 1367 581 1438 674; x_wconf 89' lang='lat' dir='ltr'><strong>piis</strong></span> <span class='ocrx_word' id='word_1_323' title='bbox 1451 597 1536 654; x_wconf 90' lang='lat' dir='ltr'><strong>nota</strong></span> <span class='ocrx_word' id='word_1_324' title='bbox 1553 585 1600 656; x_wconf 94' lang='lat' dir='ltr'><strong>sit</strong></span> <span class='ocrx_word' id='word_1_325' title='bbox 1613 577 1778 664; x_wconf 80' lang='lat' dir='ltr'><strong>voluntas</strong></span> <span class='ocrx_word' id='word_1_326' title='bbox 1793 591 1871 683; x_wconf 86' lang='lat' dir='ltr'><strong>Dei,</strong></span> <span class='ocrx_word' id='word_1_327' title='bbox 1887 597 1925 672; x_wconf 92' lang='lat' dir='ltr'><strong>bi</strong></span> <span class='ocrx_word' id='word_1_328' title='bbox 1941 607 2053 682; x_wconf 88' lang='lat' dir='ltr'><strong>sciant</strong></span> 
     </span>
    </p>
   </div>
   <div class='ocr_carea' id='block_1_8' title="bbox 1065 681 2052 877">
    <p class='ocr_par' dir='ltr' id='par_1_8' title="bbox 1065 681 2052 877">
     <span class='ocr_line' id='line_1_53' title="bbox 1066 681 2052 799; baseline 0.032 -51"><span class='ocrx_word' id='word_1_329' title='bbox 1066 681 1248 799; x_wconf 79' lang='lat' dir='ltr'><strong>qrsomodo</strong></span> <span class='ocrx_word' id='word_1_330' title='bbox 1268 705 1305 752; x_wconf 92' lang='lat' dir='ltr'><strong>se</strong></span> <span class='ocrx_word' id='word_1_331' title='bbox 1320 704 1458 772; x_wconf 85' lang='lat' dir='ltr'><strong>gerere,</strong></span> <span class='ocrx_word' id='word_1_332' title='bbox 1483 709 1551 780; x_wconf 90' lang='lat' dir='ltr'><strong>qua</strong></span> <span class='ocrx_word' id='word_1_333' title='bbox 1568 692 1811 768; x_wconf 91' lang='lat' dir='ltr'><strong>moderatione</strong></span> <span class='ocrx_word' id='word_1_334' title='bbox 1826 714 1861 774; x_wconf 92' lang='lat' dir='ltr'><strong>et</strong></span> <span class='ocrx_word' id='word_1_335' title='bbox 1876 709 2052 799; x_wconf 88' lang='lat' dir='ltr'><strong>aequitate</strong></span> 
     </span>
     <span class='ocr_line' id='line_1_54' title="bbox 1065 775 1743 877; baseline 0.024 -27"><span class='ocrx_word' id='word_1_336' title='bbox 1065 804 1177 850; x_wconf 86' lang='lat' dir='ltr'><strong>anrmr</strong></span> <span class='ocrx_word' id='word_1_337' title='bbox 1191 775 1257 853; x_wconf 89' lang='lat' dir='ltr'><strong>bos</strong></span> <span class='ocrx_word' id='word_1_338' title='bbox 1272 781 1474 877; x_wconf 89' lang='lat' dir='ltr'><strong>triumphos</strong></span> <span class='ocrx_word' id='word_1_339' title='bbox 1496 801 1530 858; x_wconf 92' lang='lat' dir='ltr'><strong>et</strong></span> <span class='ocrx_word' id='word_1_340' title='bbox 1551 813 1743 866; x_wconf 89' lang='lat' dir='ltr'><strong>sarcasmos</strong></span> 
     </span>
    </p>
   </div>
   <div class='ocr_carea' id='block_1_9' title="bbox 1063 884 2053 1514">
    <p class='ocr_par' dir='ltr' id='par_1_9' title="bbox 1063 884 2053 1514">
     <span class='ocr_line' id='line_1_55' title="bbox 1065 884 2052 998; baseline 0.033 -46"><span class='ocrx_word' id='word_1_341' title='bbox 1065 893 1209 956; x_wconf 87' lang='lat' dir='ltr'><strong>teneant</strong></span> <span class='ocrx_word' id='word_1_342' title='bbox 1237 884 1321 958; x_wconf 89' lang='lat' dir='ltr'><strong>item</strong></span> <span class='ocrx_word' id='word_1_343' title='bbox 1350 911 1452 958; x_wconf 88' lang='lat' dir='ltr'><strong>veras</strong></span> <span class='ocrx_word' id='word_1_344' title='bbox 1480 903 1516 961; x_wconf 92' lang='lat' dir='ltr'><strong>et</strong></span> <span class='ocrx_word' id='word_1_345' title='bbox 1544 891 1661 964; x_wconf 85' lang='lat' dir='ltr'><strong>firmas</strong></span> <span class='ocrx_word' id='word_1_346' title='bbox 1690 902 1968 998; x_wconf 85' lang='lat' dir='ltr'><strong>consolationes,</strong></span> <span class='ocrx_word' id='word_1_347' title='bbox 2007 939 2052 984; x_wconf 91' lang='lat' dir='ltr'><strong>ne</strong></span> 
     </span>
     <span class='ocr_line' id='line_1_56' title="bbox 1065 984 2053 1102; baseline 0.034 -49"><span class='ocrx_word' id='word_1_348' title='bbox 1065 984 1276 1076; x_wconf 81' lang='lat' dir='ltr'><strong>frangantur</strong></span> <span class='ocrx_word' id='word_1_349' title='bbox 1297 987 1427 1057; x_wconf 90' lang='lat' dir='ltr'><strong>animis</strong></span> <span class='ocrx_word' id='word_1_350' title='bbox 1451 1005 1596 1085; x_wconf 91' lang='lat' dir='ltr'><strong>propter</strong></span> <span class='ocrx_word' id='word_1_351' title='bbox 1625 997 1817 1089; x_wconf 91' lang='lat' dir='ltr'><strong>impiorum</strong></span> <span class='ocrx_word' id='word_1_352' title='bbox 1844 1011 2053 1102; x_wconf 87' lang='lat' dir='ltr'><strong>calumnias,</strong></span> 
     </span>
     <span class='ocr_line' id='line_1_57' title="bbox 1065 1087 2050 1200; baseline 0.032 -44"><span class='ocrx_word' id='word_1_353' title='bbox 1065 1087 1314 1170; x_wconf 89' lang='lat' dir='ltr'><strong>contumelias,</strong></span> <span class='ocrx_word' id='word_1_354' title='bbox 1339 1091 1517 1178; x_wconf 89' lang='lat' dir='ltr'><strong>convicia,</strong></span> <span class='ocrx_word' id='word_1_355' title='bbox 1542 1109 1576 1166; x_wconf 91' lang='lat' dir='ltr'><strong>et</strong></span> <span class='ocrx_word' id='word_1_356' title='bbox 1596 1097 1746 1173; x_wconf 88' lang='lat' dir='ltr'><strong>iniustas</strong></span> <span class='ocrx_word' id='word_1_357' title='bbox 1768 1105 2050 1200; x_wconf 90' lang='lat' dir='ltr'><strong>imprecationes.</strong></span> 
     </span>
     <span class='ocr_line' id='line_1_58' title="bbox 1065 1185 2052 1296; baseline 0.035 -39"><span class='ocrx_word' id='word_1_358' title='bbox 1065 1185 1200 1272; x_wconf 89' lang='lat' dir='ltr'><strong>Porro,</strong></span> <span class='ocrx_word' id='word_1_359' title='bbox 1233 1191 1476 1263; x_wconf 90' lang='lat' dir='ltr'><strong>consideretur</strong></span> <span class='ocrx_word' id='word_1_360' title='bbox 1499 1195 1663 1289; x_wconf 89' lang='lat' dir='ltr'><strong>inprimis</strong></span> <span class='ocrx_word' id='word_1_361' title='bbox 1696 1207 1815 1296; x_wconf 87' lang='lat' dir='ltr'><strong>regula</strong></span> <span class='ocrx_word' id='word_1_362' title='bbox 1838 1233 1902 1282; x_wconf 91' lang='lat' dir='ltr'><strong>seu</strong></span> <span class='ocrx_word' id='word_1_363' title='bbox 1927 1219 2052 1292; x_wconf 88' lang='lat' dir='ltr'><strong>admo-</strong></span> 
     </span>
     <span class='ocr_line' id='line_1_59' title="bbox 1064 1284 2052 1393; baseline 0.032 -31"><span class='ocrx_word' id='word_1_364' title='bbox 1064 1290 1155 1362; x_wconf 90' lang='lat' dir='ltr'><strong>nitio</strong></span> <span class='ocrx_word' id='word_1_365' title='bbox 1169 1284 1229 1361; x_wconf 86' lang='lat' dir='ltr'><strong>hir</strong></span> <span class='ocrx_word' id='word_1_366' title='bbox 1244 1293 1374 1364; x_wconf 89' lang='lat' dir='ltr'><strong>tradita</strong></span> <span class='ocrx_word' id='word_1_367' title='bbox 1389 1297 1432 1364; x_wconf 93' lang='lat' dir='ltr'><strong>de</strong></span> <span class='ocrx_word' id='word_1_368' title='bbox 1450 1297 1590 1368; x_wconf 84' lang='lat' dir='ltr'><strong>ordine·</strong></span> <span class='ocrx_word' id='word_1_369' title='bbox 1598 1302 1735 1377; x_wconf 89' lang='lat' dir='ltr'><strong>iudicii.</strong></span> <span class='ocrx_word' id='word_1_370' title='bbox 1788 1308 1846 1382; x_wconf 87' lang='lat' dir='ltr'><strong>Tu</strong></span> <span class='ocrx_word' id='word_1_371' title='bbox 1865 1315 1971 1389; x_wconf 89' lang='lat' dir='ltr'><strong>debes</strong></span> <span class='ocrx_word' id='word_1_372' title='bbox 1993 1323 2052 1393; x_wconf 92' lang='lat' dir='ltr'><strong>in-</strong></span> 
     </span>
     <span class='ocr_line' id='line_1_60' title="bbox 1063 1385 2052 1514; baseline 0.038 -54"><span class='ocrx_word' id='word_1_373' title='bbox 1063 1385 1192 1464; x_wconf 91' lang='lat' dir='ltr'><strong>choare</strong></span> <span class='ocrx_word' id='word_1_374' title='bbox 1210 1394 1499 1466; x_wconf 83' lang='lat' dir='ltr'><strong>reformationem</strong></span> <span class='ocrx_word' id='word_1_375' title='bbox 1518 1413 1553 1472; x_wconf 92' lang='lat' dir='ltr'><strong>et</strong></span> <span class='ocrx_word' id='word_1_376' title='bbox 1566 1425 1783 1482; x_wconf 87' lang='lat' dir='ltr'><strong>censurama</strong></span> <span class='ocrx_word' id='word_1_377' title='bbox 1795 1413 1929 1505; x_wconf 90' lang='lat' dir='ltr'><strong>teipso,</strong></span> <span class='ocrx_word' id='word_1_378' title='bbox 1953 1426 2052 1514; x_wconf 93' lang='lat' dir='ltr'><strong>prius</strong></span> 
     </span>
    </p>
   </div>
   <div class='ocr_carea' id='block_1_10' title="bbox 1063 1493 2051 1690">
    <p class='ocr_par' dir='ltr' id='par_1_10' title="bbox 1063 1493 2051 1690">
     <span class='ocr_line' id='line_1_61' title="bbox 1064 1493 2051 1599; baseline 0.037 -37"><span class='ocrx_word' id='word_1_379' title='bbox 1064 1493 1177 1564; x_wconf 83' lang='lat' dir='ltr'><strong>exime</strong></span> <span class='ocrx_word' id='word_1_380' title='bbox 1196 1497 1330 1567; x_wconf 86' lang='lat' dir='ltr'><strong>trabem</strong></span> <span class='ocrx_word' id='word_1_381' title='bbox 1354 1523 1395 1567; x_wconf 87' lang='lat' dir='ltr'><strong>ex</strong></span> <span class='ocrx_word' id='word_1_382' title='bbox 1418 1513 1480 1570; x_wconf 93' lang='lat' dir='ltr'><strong>tuo</strong></span> <span class='ocrx_word' id='word_1_383' title='bbox 1504 1505 1627 1587; x_wconf 89' lang='lat' dir='ltr'><strong>oculo,</strong></span> <span class='ocrx_word' id='word_1_384' title='bbox 1654 1524 1773 1599; x_wconf 88' lang='lat' dir='ltr'><strong>postea</strong></span> <span class='ocrx_word' id='word_1_385' title='bbox 1796 1517 1970 1594; x_wconf 91' lang='lat' dir='ltr'><strong>curiosius</strong></span> <span class='ocrx_word' id='word_1_386' title='bbox 1995 1527 2051 1598; x_wconf 89' lang='lat' dir='ltr'><strong>in-</strong></span> 
     </span>
     <span class='ocr_line' id='line_1_62' title="bbox 1063 1593 1683 1690; baseline 0.031 -25"><span class='ocrx_word' id='word_1_387' title='bbox 1063 1593 1156 1690; x_wconf 91' lang='lat' dir='ltr'><strong>spice</strong></span> <span class='ocrx_word' id='word_1_388' title='bbox 1171 1595 1337 1668; x_wconf 89' lang='lat' dir='ltr'><strong>festucam</strong></span> <span class='ocrx_word' id='word_1_389' title='bbox 1354 1599 1394 1668; x_wconf 91' lang='lat' dir='ltr'><strong>in</strong></span> <span class='ocrx_word' id='word_1_390' title='bbox 1408 1601 1512 1673; x_wconf 92' lang='lat' dir='ltr'><strong>oculo</strong></span> <span class='ocrx_word' id='word_1_391' title='bbox 1528 1606 1683 1684; x_wconf 88' lang='lat' dir='ltr'><strong>alterius.</strong></span> 
     </span>
    </p>
   </div>
   <div class='ocr_carea' id='block_1_11' title="bbox 1062 1729 2052 3281">
    <p class='ocr_par' dir='ltr' id='par_1_11' title="bbox 1062 1729 2052 3281">
     <span class='ocr_line' id='line_1_63' title="bbox 1164 1729 2049 1836; baseline 0.028 -33"><span class='ocrx_word' id='word_1_392' title='bbox 1164 1729 1299 1809; x_wconf 85' lang='lat' dir='ltr'><strong>Extant</strong></span> <span class='ocrx_word' id='word_1_393' title='bbox 1318 1749 1436 1808; x_wconf 91' lang='lat' dir='ltr'><strong>autem</strong></span> <span class='ocrx_word' id='word_1_394' title='bbox 1451 1739 1605 1829; x_wconf 83' lang='lat' dir='ltr'><strong>plurima</strong></span> <span class='ocrx_word' id='word_1_395' title='bbox 1627 1746 1720 1819; x_wconf 88' lang='lat' dir='ltr'><strong>dicta</strong></span> <span class='ocrx_word' id='word_1_396' title='bbox 1737 1751 1841 1824; x_wconf 90' lang='lat' dir='ltr'><strong>etiam</strong></span> <span class='ocrx_word' id='word_1_397' title='bbox 1865 1755 1903 1828; x_wconf 93' lang='lat' dir='ltr'><strong>in</strong></span> <span class='ocrx_word' id='word_1_398' title='bbox 1917 1755 2049 1836; x_wconf 84' lang='lat' dir='ltr'><strong>Etbni.</strong></span> 
     </span>
     <span class='ocr_line' id='line_1_64' title="bbox 1063 1837 2052 1938; baseline 0.033 -32"><span class='ocrx_word' id='word_1_399' title='bbox 1063 1859 1186 1906; x_wconf 88' lang='lat' dir='ltr'><strong>corum</strong></span> <span class='ocrx_word' id='word_1_400' title='bbox 1202 1837 1560 1930; x_wconf 88' lang='lat' dir='ltr'><strong>sapientissimorum,</strong></span> <span class='ocrx_word' id='word_1_401' title='bbox 1586 1870 1675 1938; x_wconf 90' lang='lat' dir='ltr'><strong>quos</strong></span> <span class='ocrx_word' id='word_1_402' title='bbox 1690 1852 1794 1923; x_wconf 86' lang='lat' dir='ltr'><strong>civile</strong></span> <span class='ocrx_word' id='word_1_403' title='bbox 1808 1855 1980 1933; x_wconf 91' lang='lat' dir='ltr'><strong>iudicium</strong></span> <span class='ocrx_word' id='word_1_404' title='bbox 1995 1891 2052 1938; x_wconf 88' lang='lat' dir='ltr'><strong>ra-</strong></span> 
     </span>
     <span class='ocr_line' id='line_1_65' title="bbox 1062 1937 2052 2052; baseline 0.032 -42"><span class='ocrx_word' id='word_1_405' title='bbox 1062 1937 1171 2010; x_wconf 91' lang='lat' dir='ltr'><strong>tionis</strong></span> <span class='ocrx_word' id='word_1_406' title='bbox 1188 1939 1338 2022; x_wconf 94' lang='lat' dir='ltr'><strong>erudiit,</strong></span> <span class='ocrx_word' id='word_1_407' title='bbox 1363 1941 1476 2011; x_wconf 90' lang='lat' dir='ltr'><strong>literis</strong></span> <span class='ocrx_word' id='word_1_408' title='bbox 1492 1958 1523 2013; x_wconf 93' lang='lat' dir='ltr'><strong>et</strong></span> <span class='ocrx_word' id='word_1_409' title='bbox 1539 1956 1799 2041; x_wconf 90' lang='lat' dir='ltr'><strong>monumentis,</strong></span> <span class='ocrx_word' id='word_1_410' title='bbox 1823 1963 1952 2052; x_wconf 87' lang='lat' dir='ltr'><strong>quibus</strong></span> <span class='ocrx_word' id='word_1_411' title='bbox 1968 1965 2052 2043; x_wconf 82' lang='lat' dir='ltr'><strong>baec</strong></span> 
     </span>
     <span class='ocr_line' id='line_1_66' title="bbox 1062 2039 2050 2147; baseline 0.032 -37"><span class='ocrx_word' id='word_1_412' title='bbox 1062 2039 1267 2120; x_wconf 91' lang='lat' dir='ltr'><strong>curiositas,</strong></span> <span class='ocrx_word' id='word_1_413' title='bbox 1293 2041 1426 2114; x_wconf 91' lang='lat' dir='ltr'><strong>iniusta</strong></span> <span class='ocrx_word' id='word_1_414' title='bbox 1443 2043 1693 2139; x_wconf 87' lang='lat' dir='ltr'><strong>inaequalitas,</strong></span> <span class='ocrx_word' id='word_1_415' title='bbox 1717 2068 1753 2125; x_wconf 91' lang='lat' dir='ltr'><strong>et</strong></span> <span class='ocrx_word' id='word_1_416' title='bbox 1768 2067 1977 2147; x_wconf 84' lang='lat' dir='ltr'><strong>perversitas</strong></span> <span class='ocrx_word' id='word_1_417' title='bbox 1995 2073 2050 2143; x_wconf 92' lang='lat' dir='ltr'><strong>iu-</strong></span> 
     </span>
     <span class='ocr_line' id='line_1_67' title="bbox 1062 2138 2050 2259; baseline 0.035 -49"><span class='ocrx_word' id='word_1_418' title='bbox 1062 2140 1238 2210; x_wconf 88' lang='lat' dir='ltr'><strong>diciorum</strong></span> <span class='ocrx_word' id='word_1_419' title='bbox 1256 2138 1548 2233; x_wconf 90' lang='lat' dir='ltr'><strong>reprehenditur,</strong></span> <span class='ocrx_word' id='word_1_420' title='bbox 1573 2161 1608 2220; x_wconf 88' lang='lat' dir='ltr'><strong>et</strong></span> <span class='ocrx_word' id='word_1_421' title='bbox 1623 2153 1847 2245; x_wconf 89' lang='lat' dir='ltr'><strong>deploratur,</strong></span> <span class='ocrx_word' id='word_1_422' title='bbox 1874 2167 2050 2259; x_wconf 91' lang='lat' dir='ltr'><strong>videlicet,</strong></span> 
     </span>
     <span class='ocr_line' id='line_1_68' title="bbox 1062 2243 2037 2359; baseline 0.033 -48"><span class='ocrx_word' id='word_1_423' title='bbox 1062 2244 1160 2336; x_wconf 91' lang='lat' dir='ltr'><strong>quod</strong></span> <span class='ocrx_word' id='word_1_424' title='bbox 1175 2243 1293 2313; x_wconf 88' lang='lat' dir='ltr'><strong>multi</strong></span> <span class='ocrx_word' id='word_1_425' title='bbox 1322 2244 1395 2316; x_wconf 89' lang='lat' dir='ltr'><strong>sint</strong></span> <span class='ocrx_word' id='word_1_426' title='bbox 1422 2247 1510 2316; x_wconf 92' lang='lat' dir='ltr'><strong>tales</strong></span> <span class='ocrx_word' id='word_1_427' title='bbox 1533 2247 1648 2322; x_wconf 88' lang='lat' dir='ltr'><strong>Momi</strong></span> <span class='ocrx_word' id='word_1_428' title='bbox 1676 2269 1711 2328; x_wconf 92' lang='lat' dir='ltr'><strong>et</strong></span> <span class='ocrx_word' id='word_1_429' title='bbox 1725 2282 1887 2335; x_wconf 88' lang='lat' dir='ltr'><strong>censores</strong></span> <span class='ocrx_word' id='word_1_430' title='bbox 1908 2273 2037 2359; x_wconf 88' lang='lat' dir='ltr'><strong>passim</strong></span> 
     </span>
     <span class='ocr_line' id='line_1_69' title="bbox 1062 2333 2049 2457; baseline 0.031 -44"><span class='ocrx_word' id='word_1_431' title='bbox 1062 2345 1125 2439; x_wconf 91' lang='lat' dir='ltr'><strong>qui</strong></span> <span class='ocrx_word' id='word_1_432' title='bbox 1153 2358 1327 2416; x_wconf 88' lang='lat' dir='ltr'><strong>conentur</strong></span> <span class='ocrx_word' id='word_1_433' title='bbox 1351 2346 1441 2417; x_wconf 89' lang='lat' dir='ltr'><strong>alios</strong></span> <span class='ocrx_word' id='word_1_434' title='bbox 1464 2349 1672 2441; x_wconf 91' lang='lat' dir='ltr'><strong>reformare,</strong></span> <span class='ocrx_word' id='word_1_435' title='bbox 1704 2361 1749 2430; x_wconf 90' lang='lat' dir='ltr'><strong>de</strong></span> <span class='ocrx_word' id='word_1_436' title='bbox 1772 2363 1903 2457; x_wconf 92' lang='lat' dir='ltr'><strong>quibus</strong></span> <span class='ocrx_word' id='word_1_437' title='bbox 1925 2333 2049 2446; x_wconf 66' lang='lat' dir='ltr'><strong>acerbe³</strong></span> 
     </span>
     <span class='ocr_line' id='line_1_70' title="bbox 1062 2445 2047 2560; baseline 0.037 -45"><span class='ocrx_word' id='word_1_438' title='bbox 1062 2445 1240 2527; x_wconf 89' lang='lat' dir='ltr'><strong>iudicant,</strong></span> <span class='ocrx_word' id='word_1_439' title='bbox 1267 2447 1336 2518; x_wconf 90' lang='lat' dir='ltr'><strong>sibi</strong></span> <span class='ocrx_word' id='word_1_440' title='bbox 1359 2448 1444 2538; x_wconf 88' lang='lat' dir='ltr'><strong>ipsis</strong></span> <span class='ocrx_word' id='word_1_441' title='bbox 1467 2472 1550 2521; x_wconf 87' lang='lat' dir='ltr'><strong>vero</strong></span> <span class='ocrx_word' id='word_1_442' title='bbox 1572 2478 1645 2525; x_wconf 93' lang='lat' dir='ltr'><strong>nou</strong></span> <span class='ocrx_word' id='word_1_443' title='bbox 1662 2461 1781 2532; x_wconf 85' lang='lat' dir='ltr'><strong>solum</strong></span> <span class='ocrx_word' id='word_1_444' title='bbox 1794 2485 1959 2560; x_wconf 90' lang='lat' dir='ltr'><strong>parcant,</strong></span> <span class='ocrx_word' id='word_1_445' title='bbox 1987 2483 2047 2550; x_wconf 82' lang='lat' dir='ltr'><strong>sed</strong></span> 
     </span>
     <span class='ocr_line' id='line_1_71' title="bbox 1063 2548 2047 2650; baseline 0.032 -31"><span class='ocrx_word' id='word_1_446' title='bbox 1063 2550 1169 2619; x_wconf 92' lang='lat' dir='ltr'><strong>etiam</strong></span> <span class='ocrx_word' id='word_1_447' title='bbox 1192 2548 1442 2637; x_wconf 89' lang='lat' dir='ltr'><strong>blandiantur,</strong></span> <span class='ocrx_word' id='word_1_448' title='bbox 1475 2567 1509 2624; x_wconf 92' lang='lat' dir='ltr'><strong>et</strong></span> <span class='ocrx_word' id='word_1_449' title='bbox 1532 2556 1621 2627; x_wconf 90' lang='lat' dir='ltr'><strong>mire</strong></span> <span class='ocrx_word' id='word_1_450' title='bbox 1643 2561 1813 2650; x_wconf 89' lang='lat' dir='ltr'><strong>placeant.</strong></span> <span class='ocrx_word' id='word_1_451' title='bbox 1869 2568 1965 2647; x_wconf 92' lang='lat' dir='ltr'><strong>Hinc</strong></span> <span class='ocrx_word' id='word_1_452' title='bbox 1987 2581 2047 2650; x_wconf 87' lang='lat' dir='ltr'><strong>illa</strong></span> 
     </span>
     <span class='ocr_line' id='line_1_72' title="bbox 1062 2649 2050 2752; baseline 0.029 -29"><span class='ocrx_word' id='word_1_453' title='bbox 1062 2649 1208 2723; x_wconf 89' lang='lat' dir='ltr'><strong>Catonis</strong></span> <span class='ocrx_word' id='word_1_454' title='bbox 1245 2652 1437 2737; x_wconf 89' lang='lat' dir='ltr'><strong>sententia,</strong></span> <span class='ocrx_word' id='word_1_455' title='bbox 1475 2659 1594 2746; x_wconf 89' lang='lat' dir='ltr'><strong>pueris</strong></span> <span class='ocrx_word' id='word_1_456' title='bbox 1633 2662 1737 2733; x_wconf 91' lang='lat' dir='ltr'><strong>etiam</strong></span> <span class='ocrx_word' id='word_1_457' title='bbox 1775 2669 2050 2752; x_wconf 85' lang='lat' dir='ltr'><strong>familiarissime</strong></span> 
     </span>
     <span class='ocr_line' id='line_1_73' title="bbox 1063 2750 2049 2871; baseline 0.03 -47"><span class='ocrx_word' id='word_1_458' title='bbox 1063 2767 1167 2824; x_wconf 89' lang='lat' dir='ltr'><strong>nota:</strong></span> <span class='ocrx_word' id='word_1_459' title='bbox 1217 2750 1340 2845; x_wconf 82' lang='lat' dir='ltr'><strong>Turpe</strong></span> <span class='ocrx_word' id='word_1_460' title='bbox 1377 2767 1428 2825; x_wconf 89' lang='lat' dir='ltr'><strong>est</strong></span> <span class='ocrx_word' id='word_1_461' title='bbox 1462 2757 1599 2829; x_wconf 88' lang='lat' dir='ltr'><strong>doctori</strong></span> <span class='ocrx_word' id='word_1_462' title='bbox 1627 2787 1707 2833; x_wconf 91' lang='lat' dir='ltr'><strong>cnm</strong></span> <span class='ocrx_word' id='word_1_463' title='bbox 1737 2769 1838 2860; x_wconf 91' lang='lat' dir='ltr'><strong>culpa</strong></span> <span class='ocrx_word' id='word_1_464' title='bbox 1868 2780 2049 2871; x_wconf 88' lang='lat' dir='ltr'><strong>redarguit</strong></span> 
     </span>
     <span class='ocr_line' id='line_1_74' title="bbox 1063 2851 2048 2954; baseline 0.034 -32"><span class='ocrx_word' id='word_1_465' title='bbox 1063 2857 1191 2946; x_wconf 88' lang='lat' dir='ltr'><strong>ipsum.</strong></span> <span class='ocrx_word' id='word_1_466' title='bbox 1244 2851 1486 2926; x_wconf 90' lang='lat' dir='ltr'><strong>Veruntamen</strong></span> <span class='ocrx_word' id='word_1_467' title='bbox 1511 2881 1573 2950; x_wconf 89' lang='lat' dir='ltr'><strong>ego</strong></span> <span class='ocrx_word' id='word_1_468' title='bbox 1596 2865 1736 2936; x_wconf 83' lang='lat' dir='ltr'><strong>rrnicam</strong></span> <span class='ocrx_word' id='word_1_469' title='bbox 1758 2872 1928 2949; x_wconf 87' lang='lat' dir='ltr'><strong>duntaxat</strong></span> <span class='ocrx_word' id='word_1_470' title='bbox 1944 2880 2048 2954; x_wconf 88' lang='lat' dir='ltr'><strong>Salo-</strong></span> 
     </span>
     <span class='ocr_line' id='line_1_75' title="bbox 1062 2958 2048 3077; baseline 0.03 -50"><span class='ocrx_word' id='word_1_471' title='bbox 1062 2958 1180 3028; x_wconf 91' lang='lat' dir='ltr'><strong>monis</strong></span> <span class='ocrx_word' id='word_1_472' title='bbox 1194 2979 1349 3048; x_wconf 89' lang='lat' dir='ltr'><strong>gnomen</strong></span> <span class='ocrx_word' id='word_1_473' title='bbox 1367 2958 1643 3051; x_wconf 89' lang='lat' dir='ltr'><strong>interpretabor,</strong></span> <span class='ocrx_word' id='word_1_474' title='bbox 1667 2982 1701 3040; x_wconf 88' lang='lat' dir='ltr'><strong>et</strong></span> <span class='ocrx_word' id='word_1_475' title='bbox 1717 2973 1931 3064; x_wconf 83' lang='lat' dir='ltr'><strong>proponam,</strong></span> <span class='ocrx_word' id='word_1_476' title='bbox 1958 3008 2048 3077; x_wconf 90' lang='lat' dir='ltr'><strong>quae</strong></span> 
     </span>
     <span class='ocr_line' id='line_1_76' title="bbox 1063 3059 2047 3164; baseline 0.032 -34"><span class='ocrx_word' id='word_1_477' title='bbox 1063 3083 1142 3130; x_wconf 85' lang='lat' dir='ltr'><strong>cum</strong></span> <span class='ocrx_word' id='word_1_478' title='bbox 1164 3059 1324 3148; x_wconf 91' lang='lat' dir='ltr'><strong>singulos</strong></span> <span class='ocrx_word' id='word_1_479' title='bbox 1344 3061 1389 3128; x_wconf 92' lang='lat' dir='ltr'><strong>ad</strong></span> <span class='ocrx_word' id='word_1_480' title='bbox 1408 3063 1662 3151; x_wconf 89' lang='lat' dir='ltr'><strong>poenitentiam</strong></span> <span class='ocrx_word' id='word_1_481' title='bbox 1679 3066 1858 3164; x_wconf 89' lang='lat' dir='ltr'><strong>hortetur,</strong></span> <span class='ocrx_word' id='word_1_482' title='bbox 1883 3083 1986 3157; x_wconf 90' lang='lat' dir='ltr'><strong>debet</strong></span> <span class='ocrx_word' id='word_1_483' title='bbox 2002 3073 2047 3160; x_wconf 89' lang='lat' dir='ltr'><strong>ab</strong></span> 
     </span>
     <span class='ocr_line' id='line_1_77' title="bbox 1062 3167 2048 3281; baseline 0.03 -51"><span class='ocrx_word' id='word_1_484' title='bbox 1062 3185 1280 3255; x_wconf 89' lang='lat' dir='ltr'><strong>unoquoque</strong></span> <span class='ocrx_word' id='word_1_485' title='bbox 1312 3175 1466 3233; x_wconf 90' lang='lat' dir='ltr'><strong>vestrum</strong></span> <span class='ocrx_word' id='word_1_486' title='bbox 1488 3167 1675 3258; x_wconf 84' lang='lat' dir='ltr'><strong>diligenter</strong></span> <span class='ocrx_word' id='word_1_487' title='bbox 1697 3175 1804 3260; x_wconf 89' lang='lat' dir='ltr'><strong>disci,</strong></span> <span class='ocrx_word' id='word_1_488' title='bbox 1836 3185 2048 3281; x_wconf 85' lang='lat' dir='ltr'><strong>penitusque</strong></span> 
     </span>
    </p>
   </div>
   <div class='ocr_carea' id='block_1_12' title="bbox 1061 3263 2141 3438">
    <p class='ocr_par' dir='ltr' id='par_1_12' title="bbox 1061 3263 2141 3438">
     <span class='ocr_line' id='line_1_78' title="bbox 1062 3263 2141 3436; baseline 0.034 -106"><span class='ocrx_word' id='word_1_489' title='bbox 1062 3263 1253 3436; x_wconf 59' lang='lat' dir='ltr'><strong>mqmoriae</strong></span> <span class='ocrx_word' id='word_1_490' title='bbox 1285 3265 1467 3350; x_wconf 90' lang='lat' dir='ltr'><strong>mandari,</strong></span> <span class='ocrx_word' id='word_1_491' title='bbox 1500 3281 1534 3338; x_wconf 91' lang='lat' dir='ltr'><strong>et</strong></span> <span class='ocrx_word' id='word_1_492' title='bbox 1562 3285 1695 3344; x_wconf 88' lang='lat' dir='ltr'><strong>attente</strong></span> <span class='ocrx_word' id='word_1_493' title='bbox 1718 3280 1939 3380; x_wconf 92' lang='lat' dir='ltr'><strong>multumque</strong></span> <span class='ocrx_word' id='word_1_494' title='bbox 1962 3315 2047 3364; x_wconf 90' lang='lat' dir='ltr'><strong>con·</strong></span> <span class='ocrx_word' id='word_1_495' title='bbox 2136 3311 2141 3320; x_wconf 91' lang='lat'>&#39;</span> 
     </span>
     <span class='ocr_line' id='line_1_79' title="bbox 1061 3391 1254 3438; baseline -0.021 -1"><span class='ocrx_word' id='word_1_496' title='bbox 1061 3391 1091 3437; x_wconf 89' lang='lat' dir='ltr'><strong>s1</strong></span> <span class='ocrx_word' id='word_1_497' title='bbox 1119 3391 1254 3438; x_wconf 76' lang='lat' dir='ltr'><strong>eram·</strong></span> 
     </span>
    </p>
   </div>
   <div class='ocr_carea' id='block_1_13' title="bbox 1059 3499 2142 5134">
    <p class='ocr_par' dir='ltr' id='par_1_13' title="bbox 1059 3499 2142 5134">
     <span class='ocr_line' id='line_1_80' title="bbox 1163 3499 2048 3602; baseline 0.036 -31"><span class='ocrx_word' id='word_1_498' title='bbox 1163 3499 1224 3571; x_wconf 89' lang='lat' dir='ltr'><strong>Sic</strong></span> <span class='ocrx_word' id='word_1_499' title='bbox 1246 3500 1419 3600; x_wconf 85' lang='lat' dir='ltr'><strong>praecipit</strong></span> <span class='ocrx_word' id='word_1_500' title='bbox 1443 3499 1614 3578; x_wconf 90' lang='lat' dir='ltr'><strong>Salomon</strong></span> <span class='ocrx_word' id='word_1_501' title='bbox 1637 3508 1904 3598; x_wconf 87' lang='lat' dir='ltr'><strong>Proverb.18.:</strong></span> <span class='ocrx_word' id='word_1_502' title='bbox 1932 3525 2048 3602; x_wconf 90' lang='lat' dir='ltr'><strong>lustus</strong></span> 
     </span>
     <span class='ocr_line' id='line_1_81' title="bbox 1064 3601 2047 3720; baseline 0.036 -48"><span class='ocrx_word' id='word_1_503' title='bbox 1064 3603 1101 3672; x_wconf 92' lang='lat' dir='ltr'><strong>in</strong></span> <span class='ocrx_word' id='word_1_504' title='bbox 1124 3601 1300 3694; x_wconf 92' lang='lat' dir='ltr'><strong>principio</strong></span> <span class='ocrx_word' id='word_1_505' title='bbox 1325 3617 1507 3675; x_wconf 87' lang='lat' dir='ltr'><strong>accusator</strong></span> <span class='ocrx_word' id='word_1_506' title='bbox 1523 3624 1574 3682; x_wconf 88' lang='lat' dir='ltr'><strong>est</strong></span> <span class='ocrx_word' id='word_1_507' title='bbox 1587 3612 1662 3698; x_wconf 91' lang='lat' dir='ltr'><strong>sui,</strong></span> <span class='ocrx_word' id='word_1_508' title='bbox 1689 3632 1806 3706; x_wconf 91' lang='lat' dir='ltr'><strong>postea</strong></span> <span class='ocrx_word' id='word_1_509' title='bbox 1822 3615 1972 3720; x_wconf 88' lang='lat' dir='ltr'><strong>inquirit</strong></span> <span class='ocrx_word' id='word_1_510' title='bbox 1986 3657 2047 3705; x_wconf 87' lang='lat' dir='ltr'><strong>sen</strong></span> 
     </span>
     <span class='ocr_line' id='line_1_82' title="bbox 1062 3705 2048 3817; baseline 0.031 -43"><span class='ocrx_word' id='word_1_511' title='bbox 1062 3705 1220 3796; x_wconf 89' lang='lat' dir='ltr'><strong>explorat</strong></span> <span class='ocrx_word' id='word_1_512' title='bbox 1236 3705 1448 3796; x_wconf 91' lang='lat' dir='ltr'><strong>proximum.</strong></span> <span class='ocrx_word' id='word_1_513' title='bbox 1500 3707 1602 3784; x_wconf 90' lang='lat' dir='ltr'><strong>Hanc</strong></span> <span class='ocrx_word' id='word_1_514' title='bbox 1618 3721 1775 3805; x_wconf 89' lang='lat' dir='ltr'><strong>regulam</strong></span> <span class='ocrx_word' id='word_1_515' title='bbox 1792 3744 1962 3817; x_wconf 91' lang='lat' dir='ltr'><strong>perpetuo</strong></span> <span class='ocrx_word' id='word_1_516' title='bbox 1979 3737 2048 3805; x_wconf 89' lang='lat' dir='ltr'><strong>cir-</strong></span> 
     </span>
     <span class='ocr_line' id='line_1_83' title="bbox 1062 3808 2046 3922; baseline 0.032 -46"><span class='ocrx_word' id='word_1_517' title='bbox 1062 3808 1232 3877; x_wconf 89' lang='lat' dir='ltr'><strong>cumferte</strong></span> <span class='ocrx_word' id='word_1_518' title='bbox 1257 3808 1402 3891; x_wconf 90' lang='lat' dir='ltr'><strong>animis,</strong></span> <span class='ocrx_word' id='word_1_519' title='bbox 1428 3822 1462 3881; x_wconf 92' lang='lat' dir='ltr'><strong>et</strong></span> <span class='ocrx_word' id='word_1_520' title='bbox 1482 3815 1524 3884; x_wconf 89' lang='lat' dir='ltr'><strong>ad</strong></span> <span class='ocrx_word' id='word_1_521' title='bbox 1546 3838 1622 3884; x_wconf 91' lang='lat' dir='ltr'><strong>eam</strong></span> <span class='ocrx_word' id='word_1_522' title='bbox 1645 3821 1796 3894; x_wconf 91' lang='lat' dir='ltr'><strong>subinde</strong></span> <span class='ocrx_word' id='word_1_523' title='bbox 1812 3830 2046 3922; x_wconf 90' lang='lat' dir='ltr'><strong>respicientes,</strong></span> 
     </span>
     <span class='ocr_line' id='line_1_84' title="bbox 1059 3905 2046 4017; baseline 0.026 -36"><span class='ocrx_word' id='word_1_524' title='bbox 1059 3923 1230 4001; x_wconf 56' lang='lat' dir='ltr'><strong>‘tanquam</strong></span> <span class='ocrx_word' id='word_1_525' title='bbox 1247 3905 1315 3980; x_wconf 88' lang='lat' dir='ltr'><strong>hoc</strong></span> <span class='ocrx_word' id='word_1_526' title='bbox 1328 3911 1431 3980; x_wconf 91' lang='lat' dir='ltr'><strong>freno</strong></span> <span class='ocrx_word' id='word_1_527' title='bbox 1446 3928 1581 3985; x_wconf 88' lang='lat' dir='ltr'><strong>mentes</strong></span> <span class='ocrx_word' id='word_1_528' title='bbox 1598 3933 1630 3990; x_wconf 87' lang='lat' dir='ltr'><strong>et</strong></span> <span class='ocrx_word' id='word_1_529' title='bbox 1646 3919 1786 4013; x_wconf 87' lang='lat' dir='ltr'><strong>linguas</strong></span> <span class='ocrx_word' id='word_1_530' title='bbox 1799 3930 1919 4017; x_wconf 88' lang='lat' dir='ltr'><strong>regite.</strong></span> <span class='ocrx_word' id='word_1_531' title='bbox 1973 3935 1987 4004; x_wconf 95' lang='lat' dir='ltr'><strong>l</strong></span> <span class='ocrx_word' id='word_1_532' title='bbox 1992 3939 2046 4006; x_wconf 89' lang='lat' dir='ltr'><strong>ni-</strong></span> 
     </span>
     <span class='ocr_line' id='line_1_85' title="bbox 1061 4011 2044 4120; baseline 0.026 -37"><span class='ocrx_word' id='word_1_533' title='bbox 1061 4012 1110 4083; x_wconf 90' lang='lat' dir='ltr'><strong>tio</strong></span> <span class='ocrx_word' id='word_1_534' title='bbox 1135 4012 1305 4082; x_wconf 88' lang='lat' dir='ltr'><strong>debemus</strong></span> <span class='ocrx_word' id='word_1_535' title='bbox 1327 4011 1364 4080; x_wconf 92' lang='lat' dir='ltr'><strong>iu</strong></span> <span class='ocrx_word' id='word_1_536' title='bbox 1382 4037 1448 4082; x_wconf 90' lang='lat' dir='ltr'><strong>nos</strong></span> <span class='ocrx_word' id='word_1_537' title='bbox 1463 4014 1557 4103; x_wconf 90' lang='lat' dir='ltr'><strong>ipsos</strong></span> <span class='ocrx_word' id='word_1_538' title='bbox 1574 4017 1773 4112; x_wconf 84' lang='lat' dir='ltr'><strong>inquirere:</strong></span> <span class='ocrx_word' id='word_1_539' title='bbox 1800 4031 1931 4120; x_wconf 87' lang='lat' dir='ltr'><strong>singuli</strong></span> <span class='ocrx_word' id='word_1_540' title='bbox 1946 4057 2044 4108; x_wconf 88' lang='lat' dir='ltr'><strong>suam</strong></span> 
     </span>
     <span class='ocr_line' id='line_1_86' title="bbox 1061 4113 2043 4229; baseline 0.023 -52"><span class='ocrx_word' id='word_1_541' title='bbox 1061 4113 1321 4218; x_wconf 77' lang='lat' dir='ltr'><strong>infirmitatem,</strong></span> <span class='ocrx_word' id='word_1_542' title='bbox 1354 4137 1437 4184; x_wconf 91' lang='lat' dir='ltr'><strong>suos</strong></span> <span class='ocrx_word' id='word_1_543' title='bbox 1465 4139 1601 4188; x_wconf 90' lang='lat' dir='ltr'><strong>errores</strong></span> <span class='ocrx_word' id='word_1_544' title='bbox 1634 4135 1668 4190; x_wconf 91' lang='lat' dir='ltr'><strong>et</strong></span> <span class='ocrx_word' id='word_1_545' title='bbox 1699 4126 1833 4218; x_wconf 90' lang='lat' dir='ltr'><strong>lapsus,</strong></span> <span class='ocrx_word' id='word_1_546' title='bbox 1874 4155 1935 4204; x_wconf 91' lang='lat' dir='ltr'><strong>sua</strong></span> <span class='ocrx_word' id='word_1_547' title='bbox 1965 4165 2043 4229; x_wconf 75' lang='lat' dir='ltr'><strong>pac.</strong></span> 
     </span>
     <span class='ocr_line' id='line_1_87' title="bbox 1061 4221 2044 4326; baseline 0.025 -38"><span class='ocrx_word' id='word_1_548' title='bbox 1061 4229 1365 4304; x_wconf 85' lang='lat' dir='ltr'><strong>cataagnoscant,</strong></span> <span class='ocrx_word' id='word_1_549' title='bbox 1391 4229 1495 4310; x_wconf 89' lang='lat' dir='ltr'><strong>atque</strong></span> <span class='ocrx_word' id='word_1_550' title='bbox 1516 4221 1720 4310; x_wconf 89' lang='lat' dir='ltr'><strong>deplorent,</strong></span> <span class='ocrx_word' id='word_1_551' title='bbox 1745 4253 1786 4301; x_wconf 86' lang='lat' dir='ltr'><strong>ac</strong></span> <span class='ocrx_word' id='word_1_552' title='bbox 1802 4255 1875 4303; x_wconf 87' lang='lat' dir='ltr'><strong>sese</strong></span> <span class='ocrx_word' id='word_1_553' title='bbox 1891 4239 2044 4326; x_wconf 88' lang='lat' dir='ltr'><strong>primum</strong></span> 
     </span>
     <span class='ocr_line' id='line_1_88' title="bbox 1060 4315 2142 4436; baseline 0.027 -51"><span class='ocrx_word' id='word_1_554' title='bbox 1060 4315 1212 4410; x_wconf 91' lang='lat' dir='ltr'><strong>puniant</strong></span> <span class='ocrx_word' id='word_1_555' title='bbox 1231 4330 1267 4387; x_wconf 91' lang='lat' dir='ltr'><strong>et</strong></span> <span class='ocrx_word' id='word_1_556' title='bbox 1288 4320 1485 4391; x_wconf 91' lang='lat' dir='ltr'><strong>emendent.</strong></span> <span class='ocrx_word' id='word_1_557' title='bbox 1538 4319 1627 4392; x_wconf 88' lang='lat' dir='ltr'><strong>Nam</strong></span> <span class='ocrx_word' id='word_1_558' title='bbox 1651 4326 1813 4418; x_wconf 90' lang='lat' dir='ltr'><strong>inspiciat</strong></span> <span class='ocrx_word' id='word_1_559' title='bbox 1836 4333 1925 4408; x_wconf 91' lang='lat' dir='ltr'><strong>mihi</strong></span> <span class='ocrx_word' id='word_1_560' title='bbox 1947 4346 2045 4436; x_wconf 90' lang='lat' dir='ltr'><strong>quis-</strong></span> <span class='ocrx_word' id='word_1_561' title='bbox 2140 4409 2142 4414; x_wconf 82' lang='grc'><strong>,</strong></span> 
     </span>
     <span class='ocr_line' id='line_1_89' title="bbox 1060 4419 2046 4521; baseline 0.035 -37"><span class='ocrx_word' id='word_1_562' title='bbox 1060 4442 1130 4514; x_wconf 87' lang='lat' dir='ltr'><strong>que</strong></span> <span class='ocrx_word' id='word_1_563' title='bbox 1153 4419 1192 4487; x_wconf 92' lang='lat' dir='ltr'><strong>iu</strong></span> <span class='ocrx_word' id='word_1_564' title='bbox 1213 4443 1316 4490; x_wconf 89' lang='lat' dir='ltr'><strong>suum</strong></span> <span class='ocrx_word' id='word_1_565' title='bbox 1338 4421 1472 4506; x_wconf 89' lang='lat' dir='ltr'><strong>sinum,</strong></span> <span class='ocrx_word' id='word_1_566' title='bbox 1497 4437 1530 4494; x_wconf 92' lang='lat' dir='ltr'><strong>et</strong></span> <span class='ocrx_word' id='word_1_567' title='bbox 1553 4425 1592 4495; x_wconf 92' lang='lat' dir='ltr'><strong>in</strong></span> <span class='ocrx_word' id='word_1_568' title='bbox 1615 4450 1688 4498; x_wconf 89' lang='lat' dir='ltr'><strong>sese</strong></span> <span class='ocrx_word' id='word_1_569' title='bbox 1705 4434 1922 4521; x_wconf 88' lang='lat' dir='ltr'><strong>descendat,·</strong></span> <span class='ocrx_word' id='word_1_570' title='bbox 1937 4459 1976 4515; x_wconf 93' lang='lat' dir='ltr'><strong>ut</strong></span> <span class='ocrx_word' id='word_1_571' title='bbox 1986 4464 2046 4520; x_wconf 78' lang='lat' dir='ltr'><strong>est</strong></span> 
     </span>
     <span class='ocr_line' id='line_1_90' title="bbox 1060 4519 2044 4620; baseline 0.03 -29"><span class='ocrx_word' id='word_1_572' title='bbox 1060 4523 1100 4591; x_wconf 93' lang='lat' dir='ltr'><strong>in</strong></span> <span class='ocrx_word' id='word_1_573' title='bbox 1121 4519 1334 4606; x_wconf 85' lang='lat' dir='ltr'><strong>Proverbio,</strong></span> <span class='ocrx_word' id='word_1_574' title='bbox 1365 4534 1441 4590; x_wconf 91' lang='lat' dir='ltr'><strong>tum</strong></span> <span class='ocrx_word' id='word_1_575' title='bbox 1466 4547 1611 4596; x_wconf 87' lang='lat' dir='ltr'><strong>suornm</strong></span> <span class='ocrx_word' id='word_1_576' title='bbox 1634 4531 1801 4606; x_wconf 84' lang='lat' dir='ltr'><strong>vitiorum</strong></span> <span class='ocrx_word' id='word_1_577' title='bbox 1822 4562 1862 4610; x_wconf 90' lang='lat' dir='ltr'><strong>ac</strong></span> <span class='ocrx_word' id='word_1_578' title='bbox 1884 4547 2044 4620; x_wconf 85' lang='lat' dir='ltr'><strong>sordium</strong></span> 
     </span>
     <span class='ocr_line' id='line_1_91' title="bbox 1061 4623 2044 4733; baseline 0.028 -40"><span class='ocrx_word' id='word_1_579' title='bbox 1061 4623 1269 4714; x_wconf 83' lang='lat' dir='ltr'><strong>consepectu</strong></span> <span class='ocrx_word' id='word_1_580' title='bbox 1300 4627 1560 4710; x_wconf 88' lang='lat' dir='ltr'><strong>commonefiet‚</strong></span> <span class='ocrx_word' id='word_1_581' title='bbox 1591 4654 1635 4700; x_wconf 93' lang='lat' dir='ltr'><strong>ne</strong></span> <span class='ocrx_word' id='word_1_582' title='bbox 1663 4647 1793 4709; x_wconf 91' lang='lat' dir='ltr'><strong>temere</strong></span> <span class='ocrx_word' id='word_1_583' title='bbox 1822 4642 1973 4733; x_wconf 90' lang='lat' dir='ltr'><strong>iudicet,</strong></span> <span class='ocrx_word' id='word_1_584' title='bbox 2004 4677 2044 4720; x_wconf 89' lang='lat' dir='ltr'><strong>ac</strong></span> 
     </span>
     <span class='ocr_line' id='line_1_92' title="bbox 1060 4727 2044 4840; baseline 0.026 -44"><span class='ocrx_word' id='word_1_585' title='bbox 1060 4747 1241 4796; x_wconf 89' lang='lat' dir='ltr'><strong>censuram</strong></span> <span class='ocrx_word' id='word_1_586' title='bbox 1263 4728 1307 4796; x_wconf 92' lang='lat' dir='ltr'><strong>de</strong></span> <span class='ocrx_word' id='word_1_587' title='bbox 1328 4727 1406 4796; x_wconf 87' lang='lat' dir='ltr'><strong>aliis</strong></span> <span class='ocrx_word' id='word_1_588' title='bbox 1423 4729 1639 4802; x_wconf 92' lang='lat' dir='ltr'><strong>acerbiorem</strong></span> <span class='ocrx_word' id='word_1_589' title='bbox 1655 4750 1744 4821; x_wconf 90' lang='lat' dir='ltr'><strong>agat.</strong></span> <span class='ocrx_word' id='word_1_590' title='bbox 1795 4739 1915 4815; x_wconf 75' lang='lat' dir='ltr'><strong>Tucim</strong></span> <span class='ocrx_word' id='word_1_591' title='bbox 1932 4751 2044 4840; x_wconf 85' lang='lat' dir='ltr'><strong>ipsius</strong></span> 
     </span>
     <span class='ocr_line' id='line_1_93' title="bbox 1060 4826 2044 4930; baseline 0.029 -35"><span class='ocrx_word' id='word_1_592' title='bbox 1060 4851 1122 4898; x_wconf 93' lang='lat' dir='ltr'><strong>cor</strong></span> <span class='ocrx_word' id='word_1_593' title='bbox 1143 4826 1288 4925; x_wconf 90' lang='lat' dir='ltr'><strong>plenum</strong></span> <span class='ocrx_word' id='word_1_594' title='bbox 1305 4841 1354 4898; x_wconf 86' lang='lat' dir='ltr'><strong>est</strong></span> <span class='ocrx_word' id='word_1_595' title='bbox 1369 4827 1534 4918; x_wconf 86' lang='lat' dir='ltr'><strong>caligine,</strong></span> <span class='ocrx_word' id='word_1_596' title='bbox 1561 4837 1692 4906; x_wconf 89' lang='lat' dir='ltr'><strong>carnali</strong></span> <span class='ocrx_word' id='word_1_597' title='bbox 1708 4845 1910 4930; x_wconf 89' lang='lat' dir='ltr'><strong>securitate,</strong></span> <span class='ocrx_word' id='word_1_598' title='bbox 1937 4853 2044 4923; x_wconf 88' lang='lat' dir='ltr'><strong>dubi-</strong></span> 
     </span>
     <span class='ocr_line' id='line_1_94' title="bbox 1059 4929 2043 5043; baseline 0.028 -46"><span class='ocrx_word' id='word_1_599' title='bbox 1059 4929 1235 5000; x_wconf 89' lang='lat' dir='ltr'><strong>tationum</strong></span> <span class='ocrx_word' id='word_1_600' title='bbox 1268 4929 1452 5010; x_wconf 87' lang='lat' dir='ltr'><strong>fluctibus,</strong></span> <span class='ocrx_word' id='word_1_601' title='bbox 1493 4933 1646 5004; x_wconf 83' lang='lat' dir='ltr'><strong>flammis</strong></span> <span class='ocrx_word' id='word_1_602' title='bbox 1676 4940 1871 5017; x_wconf 90' lang='lat' dir='ltr'><strong>inordinati</strong></span> <span class='ocrx_word' id='word_1_603' title='bbox 1900 4959 2043 5043; x_wconf 89' lang='lat' dir='ltr'><strong>amoris,</strong></span> 
     </span>
     <span class='ocr_line' id='line_1_95' title="bbox 1060 5031 2043 5134; baseline 0.034 -37"><span class='ocrx_word' id='word_1_604' title='bbox 1060 5031 1338 5116; x_wconf 88' lang='lat' dir='ltr'><strong>malevolentiae,</strong></span> <span class='ocrx_word' id='word_1_605' title='bbox 1363 5033 1450 5116; x_wconf 90' lang='lat' dir='ltr'><strong>odii,</strong></span> <span class='ocrx_word' id='word_1_606' title='bbox 1476 5035 1664 5128; x_wconf 90' lang='lat' dir='ltr'><strong>multiplici</strong></span> <span class='ocrx_word' id='word_1_607' title='bbox 1681 5045 1891 5134; x_wconf 89' lang='lat' dir='ltr'><strong>negligentia</strong></span> <span class='ocrx_word' id='word_1_608' title='bbox 1906 5052 1942 5121; x_wconf 89' lang='lat' dir='ltr'><strong>in</strong></span> <span class='ocrx_word' id='word_1_609' title='bbox 1958 5056 2043 5130; x_wconf 81' lang='lat' dir='ltr'><strong>fctu-</strong></span> 
     </span>
    </p>
   </div>
   <div class='ocr_carea' id='block_1_14' title="bbox 48 5131 2044 5451">
    <p class='ocr_par' dir='ltr' id='par_1_14' title="bbox 48 5131 2044 5451">
     <span class='ocr_line' id='line_1_96' title="bbox 49 5131 2043 5244; baseline 0.018 -51"><span class='ocrx_word' id='word_1_610' title='bbox 49 5143 153 5202; x_wconf 88' lang='lat' dir='ltr'><strong>mutur</strong></span> <span class='ocrx_word' id='word_1_611' title='bbox 169 5134 320 5219; x_wconf 91' lang='lat' dir='ltr'><strong>laetitia,</strong></span> <span class='ocrx_word' id='word_1_612' title='bbox 348 5145 382 5204; x_wconf 91' lang='lat' dir='ltr'><strong>et</strong></span> <span class='ocrx_word' id='word_1_613' title='bbox 402 5132 660 5202; x_wconf 87' lang='lat' dir='ltr'><strong>subsannantes</strong></span> <span class='ocrx_word' id='word_1_614' title='bbox 679 5133 860 5203; x_wconf 86' lang='lat' dir='ltr'><strong>venenatis</strong></span> <span class='ocrx_word' id='word_1_615' title='bbox 881 5131 1009 5202; x_wconf 90' lang='lat' dir='ltr'><strong>ironiis</strong></span> <span class='ocrx_word' id='word_1_616' title='bbox 1060 5131 1176 5202; x_wconf 89' lang='lat' dir='ltr'><strong>ctione</strong></span> <span class='ocrx_word' id='word_1_617' title='bbox 1200 5157 1261 5204; x_wconf 91' lang='lat' dir='ltr'><strong>seu</strong></span> <span class='ocrx_word' id='word_1_618' title='bbox 1283 5134 1468 5206; x_wconf 88' lang='lat' dir='ltr'><strong>vocatione</strong></span> <span class='ocrx_word' id='word_1_619' title='bbox 1488 5147 1559 5206; x_wconf 90' lang='lat' dir='ltr'><strong>tua.</strong></span> <span class='ocrx_word' id='word_1_620' title='bbox 1615 5135 1661 5214; x_wconf 74' lang='lat' dir='ltr'><strong>lit</strong></span> <span class='ocrx_word' id='word_1_621' title='bbox 1683 5147 1839 5234; x_wconf 92' lang='lat' dir='ltr'><strong>profecto</strong></span> <span class='ocrx_word' id='word_1_622' title='bbox 1861 5157 2043 5244; x_wconf 90' lang='lat' dir='ltr'><strong>pauciores</strong></span> 
     </span>
     <span class='ocr_line' id='line_1_97' title="bbox 48 5233 2044 5347; baseline 0.017 -49"><span class='ocrx_word' id='word_1_623' title='bbox 48 5247 270 5347; x_wconf 75' lang='lat' dir='ltr'><strong>prosternunt,</strong></span> <span class='ocrx_word' id='word_1_624' title='bbox 304 5233 532 5320; x_wconf 89' lang='lat' dir='ltr'><strong>conculcant,</strong></span> <span class='ocrx_word' id='word_1_625' title='bbox 563 5246 670 5328; x_wconf 93' lang='lat' dir='ltr'><strong>atque</strong></span> <span class='ocrx_word' id='word_1_626' title='bbox 699 5246 885 5326; x_wconf 90' lang='lat' dir='ltr'><strong>proterunt</strong></span> <span class='ocrx_word' id='word_1_627' title='bbox 913 5235 1008 5306; x_wconf 91' lang='lat' dir='ltr'><strong>cala·</strong></span> <span class='ocrx_word' id='word_1_628' title='bbox 1059 5247 1142 5304; x_wconf 92' lang='lat' dir='ltr'><strong>sunt</strong></span> <span class='ocrx_word' id='word_1_629' title='bbox 1163 5259 1271 5333; x_wconf 89' lang='lat' dir='ltr'><strong>quam</strong></span> <span class='ocrx_word' id='word_1_630' title='bbox 1286 5250 1474 5327; x_wconf 87' lang='lat' dir='ltr'><strong>putentur,</strong></span> <span class='ocrx_word' id='word_1_631' title='bbox 1497 5239 1558 5332; x_wconf 88' lang='lat' dir='ltr'><strong>qni</strong></span> <span class='ocrx_word' id='word_1_632' title='bbox 1575 5241 1715 5315; x_wconf 89' lang='lat' dir='ltr'><strong>deducti</strong></span> <span class='ocrx_word' id='word_1_633' title='bbox 1731 5249 1773 5316; x_wconf 89' lang='lat' dir='ltr'><strong>ad</strong></span> <span class='ocrx_word' id='word_1_634' title='bbox 1791 5247 2044 5342; x_wconf 85' lang='lat' dir='ltr'><strong>inspectionem</strong></span> 
     </span>
     <span class='ocr_line' id='line_1_98' title="bbox 48 5337 2043 5451; baseline 0.012 -52"><span class='ocrx_word' id='word_1_635' title='bbox 48 5345 179 5411; x_wconf 84' lang='lat' dir='ltr'><strong>nrtosos.</strong></span> <span class='ocrx_word' id='word_1_636' title='bbox 1062 5338 1135 5424; x_wconf 91' lang='lat' dir='ltr'><strong>sui,</strong></span> <span class='ocrx_word' id='word_1_637' title='bbox 1162 5360 1235 5410; x_wconf 91' lang='lat' dir='ltr'><strong>non</strong></span> <span class='ocrx_word' id='word_1_638' title='bbox 1259 5337 1410 5428; x_wconf 88' lang='lat' dir='ltr'><strong>insignia</strong></span> <span class='ocrx_word' id='word_1_639' title='bbox 1435 5350 1469 5408; x_wconf 93' lang='lat' dir='ltr'><strong>et</strong></span> <span class='ocrx_word' id='word_1_640' title='bbox 1485 5342 1642 5414; x_wconf 88' lang='lat' dir='ltr'><strong>enormia</strong></span> <span class='ocrx_word' id='word_1_641' title='bbox 1661 5345 1744 5419; x_wconf 89' lang='lat' dir='ltr'><strong>vitia</strong></span> <span class='ocrx_word' id='word_1_642' title='bbox 1762 5351 1832 5426; x_wconf 92' lang='lat' dir='ltr'><strong>sint</strong></span> <span class='ocrx_word' id='word_1_643' title='bbox 1848 5357 2043 5451; x_wconf 72' lang='lat' dir='ltr'><strong>deprehen.</strong></span> 
     </span>
    </p>
   </div>
   <div class='ocr_carea' id='block_1_15' title="bbox 1372 5433 1461 5511">
    <p class='ocr_par' dir='ltr' id='par_1_15' title="bbox 1372 5433 1461 5511">
     <span class='ocr_line' id='line_1_99' title="bbox 1372 5433 1461 5511; baseline 0.022 -1"><span class='ocrx_word' id='word_1_644' title='bbox 1372 5433 1461 5511; x_wconf 80' lang='lat'><strong>45*</strong></span> 
     </span>
    </p>
   </div>
   <div class='ocr_carea' id='block_1_16' title="bbox 0 0 2300 5808">
    <p class='ocr_par' dir='ltr' id='par_1_16' title="bbox 0 0 2300 5808">
     <span class='ocr_line' id='line_1_100' title="bbox 0 0 2300 5808; baseline 0 2"><span class='ocrx_word' id='word_1_645' title='bbox 0 0 2300 5808; x_wconf 95' lang='lat' dir='ltr'><strong> </strong></span> 
     </span>
    </p>
   </div>
  </div>
 </body>
</html>
