4616 5818
8 195 9 198 ‘
77 213 132 284 su
579 203 663 278 xu.
714 197 1111 278 auuorxrtouas
1139 199 1511 280 tuuvxununtx.
2002 219 2078 292 εει
2154 219 2157 226 ’

7 983 9 1071 l

72 381 192 474 peribit.
252 378 354 452 Item:
390 375 465 447 Vae
486 375 557 472 'qui
592 376 789 470 praedaris,
825 377 907 472 quia
939 388 974 445 et
1002 389 1039 446 tu
1091 373 1193 464 pios?
1243 371 1343 444 Sicut
1364 375 1494 448 dieitur
1514 377 1551 447 in
1576 379 1782 456 Salomone:
1816 383 1911 456 Fons
1931 403 2079 462 contur-

71 481 269 576 spoliaberis.
1090 477 1194 546 batus
1207 488 1258 545 est
1274 476 1386 547 iustus
1401 478 1518 569 lapsus
1534 505 1651 550 coram
1669 483 1792 576 impio.
1846 487 1991 558 Interim
2009 492 2076 583 ipsi

157 583 314 655 Primum
342 605 425 672 ergo
447 580 739 653 comminationes
764 603 830 650 nos
851 574 1040 648 hortentur
1089 577 1191 668 impii
1213 572 1345 648 habent
1368 578 1472 670 longe
1489 583 1623 652 maiora
1639 601 1800 674 peccata,
1826 589 2076 678 idololatriam,
2109 579 2112 590 ⁹

71 687 105 756 ad
125 685 280 756 timorem
299 684 385 768 Dei,
412 697 446 754 et
469 684 621 753 aciamus
645 685 690 752 de
706 681 829 772 poenis
847 681 1039 772 praesenti·
1089 673 1349 771 blasphemias,
1370 675 1580 770 homicidia,
1606 685 1798 757 libidinum
1819 691 1991 778 maculas,
2017 719 2075 765 ra-

70 790 123 856 hns
142 803 173 858 et
191 787 322 858 futuris
344 787 427 857 dici.
480 783 644 858 Secundo
664 783 916 876 promissiones
933 783 1037 853 etiam
1089 779 1201 870 pines.
1252 778 1342 850 Nam
1366 777 1422 853 bis
1444 783 1541 854 vitiis
1554 789 1728 858 omnibus
1751 791 1936 863 manifeste
1957 797 2075 884 pollu-

68 891 246 984 loquuntur
275 890 319 957 de
346 886 476 957 tuturis
500 887 684 978 praemiis,
719 885 809 955 sicot
833 883 926 953 clare
952 883 1038 953 dicit
1088 897 1144 952 tus
1172 895 1222 951 est
1244 895 1355 952 status
1381 884 1599 972 pontificius,
1632 904 1667 960 et
1688 895 1933 966 contaminant
1956 919 1993 966 se
2012 899 2074 966 de-

67 990 180 1059 Paulus
211 985 414 1066 l.Timotb.
434 989 485 1060 ll:
519 986 635 1059 Pietas
657 983 762 1057 babet
786 985 1038 1074 promissiones
1087 983 1242 1056 fensores
1260 983 1423 1056 societate
1440 980 1567 1057 borum
1583 992 1767 1067 scelerum.

67 1091 239 1182 praesentis
263 1091 355 1160 vitae
380 1105 414 1160 et
434 1091 585 1164 suturae.
646 1085 692 1160 Et
716 1083 879 1158 Christus
902 1087 1035 1179 inquit:
1178 1098 1365 1182 'Traditur
1392 1126 1474 1194 ergo
1505 1121 1728 1198 praeceptum
1755 1107 1924 1188 proverb,
1944 1116 2000 1184 10,
2028 1119 2072 1187 de

66 1192 211 1284 Recipiet
233 1191 440 1281 centuplum
464 1193 501 1260 in
527 1187 592 1260 bac
612 1190 702 1276 vita,
730 1183 1035 1281 etpostbancvi-
1087 1203 1213 1274 ordine
1246 1203 1392 1290 iudicii,
1426 1205 1522 1299 quod
1555 1208 1712 1298 singulos
1740 1213 1785 1280 ad
1816 1214 2070 1303 poenitentiam

7 1373 8 1388 .
66 1307 140 1380 tam,
163 1293 269 1363 vitam
288 1307 478 1363 aeternam.
1086 1302 1259 1378 bortatur.
1328 1303 1444 1376 Iustus
1467 1308 1505 1376 in
1528 1309 1705 1400 principio
1728 1327 1908 1384 accusator
1930 1330 1980 1386 est
2005 1321 2071 1405 sui,

6 2025 7 2033 ¹
65 2003 145 2071 sione
170 2019 406 2092 peccatorum.
465 2001 582 2070 David
614 2014 771 2092 expectat
799 2001 1031 2070 victoriama

6 2723 7 2731 ’
62 2707 195 2786 rintb.9.
241 2709 375 2782 Ilavidi
391 2711 495 2780 multi
512 2711 551 2778 in
568 2733 676 2800 regno
693 2709 918 2779 insidiantur.
956 2707 1031 2777 lam

5 2963 6 3004 .
61 2935 118 2980 non
131 2929 214 2989 esset
229 2913 314 2984 bnis
330 2915 523 3002 grassandi.
575 2911 672 3002 Quid
690 2911 798 3002 igitur
820 2911 902 3001 agit.
952 2910 1031 2980 Pri·
1080 2947 1211 3018 facile?

5 3153 6 3161 .
61 3115 228 3202 diligenter
254 3117 337 3188 lacit
354 3114 508 3186 osticium
527 3139 642 3186 snum.
697 3114 820 3188 Tertio
839 3127 1030 3205 expectata

5 3685 6 3693 ,
58 3626 175 3694 vocatio
191 3639 243 3696 est
260 3625 336 3694 sine
349 3625 525 3715 periculis.
567 3621 612 3694 Et
628 3622 817 3711 diligenter
831 3617 916 3692 haee
931 3646 1031 3692 exer·

5 3719 6 3780 l
58 3723 121 3792 titia
143 3726 223 3797 fidei
249 3727 531 3796 consideremus:
560 3725 752 3815 plurimum
775 3723 869 3793 enim

5 3991 6 3998 ,
58 3943 261 4015 expectantes
284 3929 398 3999 aDeo
416 3927 606 4012 auxilium,
636 3941 811 4020 quaerunt
826 3926 1028 3996 inconcessa

5 5425 7 5520 l

153 1394 222 1464 lam
247 1390 305 1464 bic
321 1395 497 1464 diseamus
513 1416 671 1462 exercere
687 1393 803 1463 fidem·
856 1389 1034 1482 (ἷθῐΡῦῑὸ-
1087 1421 1206 1500 postea
1224 1407 1381 1498 explorat
1397 1409 1609 1498 proximum.
1663 1411 1848 1484 Caeterum
1864 1431 1899 1488 et
1912 1440 2070 1491 commu-

65 1498 105 1564 les
124 1495 369 1587 promissiones
385 1496 535 1565 traditae
551 1507 651 1578 sunt,
678 1508 717 1563 ut
733 1493 819 1562 fides
834 1505 1035 1562 exerceatur
1085 1512 1140 1580 nis
1163 1521 1214 1579 ρει
1234 1508 1396 1578 omnium
1412 1505 1599 1580 hominum
1616 1517 1762 1586 morbus
1778 1511 1973 1612 φιλαυτία,
2001 1545 2069 1592 no-

64 1598 153 1668 slmtll
181 1599 218 1666 ln
248 1598 449 1691 quaerendo
480 1596 769 1666 r⁰c⁰sstlll³ll⁰¹¹0
800 1617 917 1664 cmm
946 1592 1034 1680 ΠΕΟ»
1084 1613 1166 1682 stris
1189 1611 1348 1680 moribus
1366 1611 1543 1699 favemus,
1569 1615 1672 1684 nobis
1689 1617 1922 1707 ignoscimus,
1949 1636 2067 1694 nostra
2165 1647 2170 1662 “

65 1713 89 1766 et
106 1701 139 1767 in
154 1700 393 1789 expectatione
409 1699 532 1769 auxilii
550 1697 754 1788 corporalis·
808 1693 928 1784 Qum
941 1720 1032 1766 ⁸0¹⁰·
1083 1714 1169 1782 vitia
1191 1727 1343 1783 autnon
1359 1712 1539 1799 videmus,
1564 1729 1625 1786 aut
1640 1717 1729 1786 levia
1747 1720 1926 1800 ducimus,
1954 1723 2066 1794 aliena

65 1825 115 1888 per
139 1803 308 1870 addamus
337 1799 634 1892 pr⁰ffll⁵⁵i⁰sslb¹¹⁵
663 1797 906 1887 ⁶⁰fp⁰f³¹lb¹¹⁸
928 1796 1032 1868 3¹1ffi0
1084 1816 1289 1905 diligentius
1312 1829 1539 1904 contuemur,
1573 1832 1608 1890 et
1631 1842 1812 1891 censuram
1836 1823 1881 1892 de
1902 1821 1952 1894 eis
1973 1848 2070 1896 acer-

64 1899 316 1989 promissionem
349 1901 572 1992 praecipuam
596 1896 801 1988 Evangelii,
834 1901 879 1968 de
908 1899 1032 1969 remis-
1083 1919 1218 1987 biom„
1235 1915 1382 2005 agimus,

1184 2033 1281 2104 Haec
1310 2034 1440 2104 iniusta
1469 2035 1703 2128 inaequalitas
1732 2043 1855 2112 multis
1884 2049 2068 2117 sententiis

1083 2137 1279 2226 vituperata
1310 2149 1381 2218 est,
1416 2159 1505 2228 quae
1530 2161 1666 2226 semper
1688 2141 1726 2208 in
1752 2159 1939 2232 conspectu
1963 2151 2067 2220 nobis
2121 2155 2123 2162 “

1083 2261 1155 2306 esse
1178 2237 1327 2315 debent,
1354 2250 1392 2304 ut
1416 2249 1583 2329 tanquam
1603 2235 1658 2308 bis
1675 2242 1784 2312 frenis
1798 2257 1932 2315 mentes
1946 2261 1980 2317 et
1997 2251 2066 2318 lin-

1082 2361 1167 2428 guas
1182 2359 1362 2426 regamus,
1388 2361 1433 2406 ne
1449 2341 1493 2406 de
1508 2339 1588 2408 aliis
1603 2355 1732 2414 temere
1748 2343 1925 2431 iudicent,
1950 2351 2008 2418 sed
2028 2365 2067 2424 ut

1083 2457 1203 2509 nostra
1231 2439 1314 2508 vitia
1347 2463 1576 2530 agnoscamus
1600 2457 1635 2514 et
1667 2448 1904 2521 emendemus.
1974 2449 2066 2523 Sunt

1082 2556 1210 2612 autem*
1229 2536 1295 2610 bae
1321 2541 1531 2611 sententiae:
1564 2540 1676 2614 Nosce
1701 2548 1864 2637 teipsum.
1931 2551 2064 2628 Tecum

1082 2641 1222 2726 habita,
1272 2656 1306 2713 et
1337 2643 1435 2711 noris
1465 2667 1569 2735 quam
1599 2647 1645 2715 sit
1676 2648 1742 2716 tibi
1772 2664 1869 2718 curta
1899 2655 2063 2744 supellex.

1082 2741 1216 2816 Thales
1239 2745 1493 2834 interrogatus,
1519 2745 1604 2836 quid
1623 2747 1668 2817 sit
1684 2746 1853 2818 diffieite?
1902 2751 2066 2846 Respon-

1533 2843 1673 2920 Rursus
1696 2850 1952 2940 interrogatus,
1979 2859 2063 2949 quid

1249 2949 1448 3038 respoudit,
1476 2943 1731 3039 reprehendere
1756 2952 1854 3022 alios.
1909 2952 2007 3025 ldem
2032 2975 2066 3030 et

1081 3051 1120 3120 in
1142 3049 1306 3141 Apologo
1334 3050 1379 3119 de
1403 3051 1541 3120 duabus
1564 3051 1726 3123 manticis
1750 3053 1981 3144 significatum
2004 3074 2065 3141 est,

1081 3150 1166 3221 vitia
1192 3149 1343 3222 aliorum
1366 3159 1518 3240 gerimus
1540 3153 1578 3220 in
1603 3153 1721 3244 priore
1746 3157 1918 3244 mantica,
1944 3175 2066 3232 nostru

1081 3253 1235 3344 gerimus
1250 3251 1290 3321 in
1304 3250 1435 3334 altera,
1461 3276 1551 3345 quae
1569 3251 1607 3322 in
1623 3266 1722 3346 tergo
1740 3260 1878 3348 pendet.

64 2100 142 2188 Deo,
167 2107 224 2172 sed
250 2104 349 2196 prius
370 2104 477 2174 sentit
501 2102 567 2172 sibi
590 2100 704 2171 Deum
726 2101 926 2192 propicium
949 2123 1033 2171 esse.

64 2201 103 2272 lta
125 2205 193 2275 vult
215 2227 280 2274 vos
296 2205 390 2274 Deus
411 2206 515 2273 lidem
533 2227 690 2273 exercere
708 2203 907 2292 dupliciter.
951 2200 1032 2273 Pri-

63 2329 141 2374 mum
162 2308 266 2375 crede
288 2305 353 2375 tibi
369 2309 480 2375 Deum
505 2305 703 2396 propicium
722 2326 796 2372 esse
813 2317 956 2394 propter
970 2301 1031 2372 Fi·

63 2405 150 2492 lium,
181 2407 314 2477 deinde
343 2409 544 2498 obtempera
577 2419 611 2475 et
631 2419 770 2493 expecta
797 2407 842 2474 ab
866 2429 908 2474 eo
931 2404 1032 2474 auxi-

63 2507 150 2595 lium,
174 2512 217 2579 da
241 2509 407 2600 pauperi,
435 2523 469 2579 et
490 2520 631 2598 expecta
654 2506 807 2576 vicissim
824 2504 939 2576 Deum
965 2505 1032 2576 tibi

62 2609 205 2680 datnntm
222 2633 299 2680 esse
314 2609 458 2694 victum,
480 2633 612 2698 pacem,
632 2621 666 2678 et
679 2607 747 2676 alia
763 2609 868 2677 bona.
917 2603 1032 2681 &Co-

61 2812 81 2877 εἰ
95 2837 181 2884 more
195 2827 433 2908 tyrannorum
451 2835 573 2882 omnes
589 2824 765 2901 suspectos
779 2811 902 2880 tollere
917 2809 1032 2894 vellet,
1082 2848 1155 2928 dit,
1190 2847 1342 2936 seipsum
1366 2867 1480 2916 nom,

60 3037 139 3083 mum
161 3016 275 3086 eredit
296 3039 332 3084 se
349 3011 482 3085 babere
496 3017 612 3084 Deum
630 3013 842 3106 propicium.
892 3011 1031 3084 Deinde

59 3211 120 3286 Deo
138 3219 381 3290 defensionem
398 3241 525 3308 magno
543 3237 576 3288 et
592 3215 787 3309 tranquillo
802 3215 940 3300 auimo,
968 3241 1031 3286 uec

61 3333 201 3390 novetur
234 3319 518 3411 suspicionibus,
565 3334 604 3389 ut
640 3317 820 3387 saevitiam
863 3332 1030 3389 exerceat.

59 3415 121 3490 Hoc
148 3421 349 3512 exemplum
380 3421 509 3510 singuli
536 3422 580 3488 ad
603 3444 702 3488 suam
727 3420 947 3489 vocatiouem
972 3444 1031 3489 ac·

59 3525 268 3594 commodare
292 3536 455 3614 possunt,
483 3521 564 3616 quia
589 3522 687 3598 mlta
705 3521 867 3613 quamvis
884 3517 1031 3590 humilis

1182 3386 1260 3457 Hae
1288 3383 1479 3457 sententiae
1502 3411 1625 3458 omnes
1644 3390 1843 3462 reserantur
1864 3397 1907 3464 ad
1932 3399 2065 3469 dictmn

1081 3487 1298 3560 Salomonis:
1326 3486 1442 3558 lustus
1464 3487 1569 3560 initio
1592 3506 1773 3563 accusator
1795 3509 1846 3566 est
1869 3497 1936 3570 sni.
1998 3500 2067 3568 l'n.

1081 3604 1151 3661 stea
1174 3590 1332 3679 explorat
1354 3588 1476 3661 aliurn.
1535 3588 1645 3677 ltem,
1677 3595 1721 3661 ad
1743 3589 1835 3664 hane
1855 3595 2064 3670 Parabolam

894 3723 931 3790 pn
957 3723 1029 3791 ,pta
1079 3695 1124 3760 de
1145 3693 1293 3775 festuca,
1327 3703 1367 3761 ut
1389 3691 1541 3762 sciamus
1563 3693 1668 3764 etiam
1689 3694 1862 3768 divinitus
1885 3697 2064 3790 prohiberi

59 3843 182 3908 pectant
196 3828 329 3898 summi
345 3853 383 3900 ac
400 3827 515 3894 intimi
531 3822 595 3896 bac
610 3825 820 3910 diffidentia,
843 3827 937 3917 quod
955 3847 1029 3895 non
1081 3897 1090 3912 ‚
1145 3896 1154 3913 ,
1178 3895 1188 3914 ‚

1079 3898 1304 3970 rudrcrorum.

59 4031 230 4116 'mdia’
259 4030 319 4098 appi
337 4029 456 4102 appe„
1183 4011 1268 4081 ldeo
1289 4024 1405 4081 autem
1428 4024 1498 4081 tam
1519 4012 1628 4081 multa
1643 4015 1687 4082 de
1702 4009 1770 4083 boc
1785 4009 1874 4086 vitio
1888 4019 2064 4108 dicuntur,
2109 4058 2114 4066 κ

1080 4114 1163 4210 quia
1190 4115 1262 4182 non
1288 4114 1401 4182 solum
1427 4112 1657 4205 inaequalitas
1679 4138 1743 4203 per
1762 4139 1835 4186 sese
1857 4132 1906 4187 est
1924 4121 2063 4204 iniusta,

424 4231 471 4282 ne
503 4233 638 4294 quarto.
951 4293 954 4298 ,
1078 4219 1137 4288 sed
1163 4215 1268 4284 etiam
1292 4237 1394 4284 causa
1418 4227 1469 4284 est
1492 4237 1595 4305 saepe
1620 4216 1841 4305 publicarum
1867 4221 2063 4296 discordia-

137 4335 312 4409 Patabola
334 4338 377 4406 de
402 4338 501 4408 trabe
523 4336 560 4405 in
586 4337 708 4421 oculo,
740 4349 775 4406 et
796 4336 947 4420 festuca,
979 4349 1030 4406 est
1078 4342 1176 4402 rum,
1202 4315 1354 4385 maxime
1377 4339 1456 4385 Cum
1478 4315 1562 4385 Vllle'l
1578 4318 1854 4405 guberndlol'um
1871 4327 2063 4396 traducuu-
2166 4417 2168 4421 ι

57 4433 183 4510 illustris
208 4442 345 4532 pictura
368 4452 401 4508 et
423 4434 652 4530 reprehensio
675 4433 915 4508 humanorum
933 4437 1030 4507 iudi.
1078 4437 1147 4494 tur.
1182 4417 1274 4488 Nam
1289 4430 1341 4488 est
1356 4412 1414 4486 hie
1429 4418 1575 4487 morbus
1591 4420 1789 4489 communis
1803 4419 2064 4514 estbominum,

56 4536 171 4610 riorum
211 4543 256 4612 de
286 4537 455 4612 Ecclesia.
531 4538 748 4609 Naturaliter
781 4541 937 4609 mundus
970 4563 1029 4609 ea·
1078 4545 1181 4612 ³⁰8st
1197 4521 1289 4589 leffe
1305 4519 1471 4609 impellas
1496 4514 1627 4589 ‘1¹¹³st
1644 4543 1781 4611 “mles
1796 4522 1913 4618 ali‘1¹¹³
1932 4523 2062 4599 h³b⁰¹¹¹

57 4635 214 4713 lumninse
230 4643 364 4714 iudicat
379 4637 606 4722 deEcclesia,
630 4639 717 4708 alias
735 4641 810 4708 siue
827 4642 899 4709 ulla
915 4663 1030 4725 eausa,
1077 4623 1301 4694 lsst⁰mffl⁰di¹
1329 4635 1364 4691 ²2
1385 4620 1487 4706 Villis
1518 4645 1559 4739 ξιξ
1582 4622 1670 4690 b⁰¹¹l
1686 4624 1940 4744 §Ubffllamffl
1962 4655 2063 4720 Saltu*

57 4740 124 4810 alias
147 4745 364 4814 calumniose
391 4766 601 4833 exaggerans
623 4765 762 4820 causas,
789 4754 830 4811 ut
854 4764 971 4824 nunc,
999 4741 1028 4811 si
1078 4727 1183 4796 elim
1216 4736 1379 4815 P⁸⁶⁰⁸¹¹¹2
1421 4736 1461 4793 ¹¹¹
1490 4725 1636 4794 d¹⁰¹¹¹¹f³
1679 4722 1845 4798 οπθλλὰ
1873 4728 2059 4825 πθάῖῖωῑί

56 4847 197 4916 sacerdos
225 4849 331 4916 ducat
358 4868 525 4929 uxorem,
565 4868 673 4937 quam
696 4838 891 4913 abhorrent
914 4837 1029 4935 hypo·
1076 4817 1502 4920 πθλλᾲκαὶᾶμαθτάνει·

56 4943 144 5014 tritae
168 4973 250 5018 curn
273 4948 410 5016 nullam
437 4969 580 5037 prorsus
598 4969 736 5015 causam
758 4941 928 5027 babeant,
955 4935 1029 5014 imo
1179 4941 1248 5013 Hic
1270 4941 1494 5033 cogitandum
1521 4954 1590 5032 est,
1616 4965 1681 5011 cnr
1702 4945 1846 5034 imperia
1865 4947 1950 5017 fiant
1967 4951 2061 5020 dilli-

58 5063 114 5112 tem
137 5046 263 5120 iustam
288 5050 501 5140 vituperent.
561 5046 701 5117 Deinde
724 5048 754 5116 si
777 5048 920 5140 quando
946 5069 1028 5135 pec·
1077 5047 1219 5132 ciliora,
1246 5069 1284 5114 ac
1300 5046 1485 5136 praecipua
1501 5067 1602 5112 causa
1618 5059 1685 5128 est,
1712 5043 1792 5138 quia
1811 5049 1931 5136 populi
1947 5075 2060 5124 mores

58 5161 122 5217 caut
141 5146 304 5222 borsines
321 5150 370 5238 pii
390 5151 593 5220 infirmitate
609 5149 747 5242 aliqua,
770 5164 809 5220 ut
826 5161 906 5219 sunt
923 5148 1026 5217 etiam
1077 5161 1187 5219 ruunt
1208 5149 1246 5215 in
1262 5147 1426 5220 deterius.
1479 5143 1652 5216 Crescunt
1669 5149 1705 5214 in
1722 5148 1852 5233 populo
1869 5149 1988 5237 luxus,
2015 5159 2058 5224 li-

59 5248 140 5319 multi
161 5253 280 5345 lapsus
301 5243 463 5344 piorum,
489 5266 523 5320 et
546 5251 661 5320 multa
683 5252 868 5340 scandala,
895 5261 1028 5342 quanta
1077 5249 1211 5335 centia,
1243 5249 1456 5340 petulantia,
1492 5247 1571 5314 ideo
1600 5248 1682 5316 sinit
1703 5245 1798 5317 Deus
1830 5250 1976 5343 imperia
2000 5283 2057 5325 ex-

58 5351 203 5423 aulmfio
221 5369 253 5424 e,
268 5349 562 5450 ἐπιχαιρεκακία,
590 5353 652 5444 qui
667 5353 833 5424 ,manni
849 5353 943 5445 apud
960 5351 1026 5420 im.
1076 5353 1243 5446 asperari.
1319 5347 1438 5422 Crevit
1464 5347 1615 5419 servitus
1647 5354 1881 5424 crescentibus
1912 5361 2058 5446 peccatis

98 5454 268 5535 llccxsru.
297 5461 403 5530 Orsa.
456 5462 540 5527 Vox..
562 5459 660 5527 XIV.
1383 5453 1431 5523 21

1081 3790 1172 3864 bane
1193 3792 1452 3879 curiositatem,
1487 3795 1719 3886 petulantiam
1743 3812 1777 3869 ct
1802 3806 2064 3890 perversitatem
2168 3851 2174 3860 ,
