4674 5822
197 189 293 268 nst
486 255 490 264 ,
798 177 926 260 ants.
950 177 1069 260 rann
1097 183 1307 266 scatent
1331 178 1632 266 monstra
1977 279 1980 286 ,
2067 129 2075 138 ’
2128 187 2233 264 asse

196 379 337 440 noctem
352 378 437 436 vero
451 353 712 452 ignorationem
721 347 921 446 Evangelii.
948 351 1187 450 Evangelium
1238 365 1289 438 les
1302 363 1333 436 ii
1347 363 1507 449 fuerant,
1532 359 1594 457 qui
1606 361 1791 434 dixerunt:
1817 357 1992 458 Nnnqnid
2007 373 2041 436 rt
2055 383 2124 434 noa
2135 359 2234 434 caeci

196 469 294 542 enim
310 466 372 536 lux
387 477 456 547 est,
482 459 605 532 Esaiae
616 456 694 530 tx.:
719 455 1026 530 Habitantibusin
1041 459 1188 554 regione
1238 491 1382 557 sumus,
1408 466 1472 561 qui
1497 480 1634 546 tamen,
1661 465 1746 559 quia
1769 489 1845 535 non
1867 467 2041 550 credant,
2058 487 2135 536 non
2158 464 2235 536 sal·

196 573 345 644 umbrae
375 564 500 636 mortis
531 565 592 635 lux
621 574 698 632 orta
728 573 781 631 est
801 562 862 636 eis.
927 558 976 635 Et
999 561 1126 640 loann.
1142 565 1187 640 1.:
1239 583 1388 650 ventur,
1415 567 1480 663 qui
1509 593 1585 638 non
1615 566 1864 657 ingrediantur
1886 589 1951 658 per
1970 567 2113 640 ortium.
2171 565 2235 640 sie

198 673 359 744 Verbum
376 669 517 740 cstlux.
557 662 636 734 Nox
651 665 888 736 sentenebrac
899 664 1076 756 ignoratio
1088 669 1188 738 verbi
1241 674 1312 744 ille.
1363 667 1463 760 Ego,
1487 671 1518 740 si
1540 671 1689 741 omniuo
1713 670 1801 740 velis
1823 683 2052 750 connectere,
2076 669 2127 740 sie
2144 683 2236 758 puto

198 775 265 849 Dei
288 769 365 858 ‘est;
398 767 545 843 Lue.l.:
578 765 784 862 illuminare
814 766 877 842 iis.
911 769 973 861 qui
1003 769 1042 838 in
1062 773 1189 842 umbra
1241 771 1440 846 cohaerere.
1489 769 1674 842 Pharisaei
1704 773 1936 863 profitentur,
1971 795 2009 842 se
2039 770 2165 842 audire
2198 785 2236 843 et

71 896 75 904 ’
198 877 326 948 mortis
346 875 481 944 sedent.
531 869 647 940 Porro
670 871 766 961 quod
790 869 857 953 ait,
883 871 1062 944 neminem
1086 897 1189 972 posse
1241 881 1367 947 docere
1390 875 1539 944 verbum
1562 875 1655 975 Dei,
1688 876 1846 966 adeoque
1868 887 2025 966 pastores
2046 895 2132 943 esse.
2183 871 2236 944 lis

200 993 304 1051 nocte
335 974 495 1069 operari,
526 972 614 1066 quid
644 970 741 1040 aliud
775 972 964 1060 significat,
998 1001 1104 1069 quarn
1127 976 1189 1046 ubi
1242 971 1676 1076 Christushocopponit,
1701 978 1868 1047 sesolum
1885 999 1959 1046 esse
1974 989 2173 1068 pastorem,
2196 999 2236 1046 se

199 1085 298 1153 deest
323 1080 469 1148 verbum
493 1074 578 1158 Dei,
606 1073 657 1142 ihi
681 1097 754 1142 non
777 1097 878 1166 posse
903 1098 968 1145 nos
989 1102 1097 1168 opera
1121 1075 1189 1148 Dei
1242 1105 1316 1152 esse
1348 1079 1494 1152 ostium:
1539 1103 1605 1150 nec
1628 1078 1747 1150 doceri
1767 1101 1832 1148 nec
1855 1078 2019 1168 cognosci
2044 1091 2146 1170 po‘sse
2171 1100 2237 1171 pa-

201 1181 364 1278 operari?
419 1176 488 1247 Per
523 1178 671 1248 verbum
706 1177 801 1246 enim
831 1177 969 1246 domini
999 1183 1190 1250 movebant
1242 1201 1352 1264 trem,
1385 1181 1458 1251 nisi
1482 1205 1544 1272 per
1566 1205 1622 1266 se,
1656 1176 1855 1265 Christum,
1888 1182 2055 1253 intretur.
2113 1175 2237 1274 Atque

201 1302 333 1369 eastra,
357 1275 585 1353 Numean.
636 1275 683 1346 Et
702 1275 960 1354 l‘salnt.CVl.:
987 1281 1091 1353 Misit
1111 1307 1191 1353 ver·
1241 1279 1460 1356 haechuius
1482 1284 1671 1374 parabolae
1690 1295 1908 1358 summaest.
1959 1278 2119 1352 Pertinet
2135 1284 2237 1351 enim

200 1391 288 1460 bum
306 1409 409 1456 snum
426 1396 459 1452 et
473 1380 612 1451 sanavit
628 1403 698 1449 eos.
748 1379 874 1453 Esaiae
892 1379 1007 1458 Vlll.:
1035 1384 1141 1474 Quod
1161 1385 1188 1454 si
1243 1412 1318 1458 non
1342 1389 1386 1456 ad
1410 1398 1566 1478 pastores
1584 1400 1743 1466 tantum,
1769 1385 1830 1456 sed
1846 1396 1881 1455 et
1897 1385 1942 1455 ad
1958 1383 2138 1454 auditores
2153 1409 2237 1454 ver·

201 1486 455 1562 non'direrint
477 1483 572 1554 iuxta
596 1483 744 1553 verbum
763 1478 852 1569 hoc,
877 1508 950 1554 non
968 1487 1034 1556 erit
1050 1490 1099 1556 eis
1114 1511 1190 1556 ma·
1242 1491 1290 1564 bi.
1342 1486 1396 1559 De
1418 1513 1483 1558 suo
1505 1488 1622 1558 officio
1647 1487 1825 1581 loquitur,
1850 1489 1946 1580 quod
1973 1486 2048 1578 ipse
2065 1487 2163 1557 solus
2179 1488 2240 1573 sit,

112 1607 122 1618 '
201 1591 405 1666 tutinalux.
449 1584 648 1658 Damnatus
662 1583 772 1672 igitur
786 1587 952 1680 quicquid
970 1590 1060 1660 ratio
1079 1601 1192 1680 potest
1242 1594 1305 1687 qui
1319 1590 1450 1684 pascit,
1475 1589 1576 1684 qtrasi
1590 1591 1640 1660 sic
1654 1591 1764 1660 dicat:
1791 1586 1866 1658 Vos
1881 1584 2064 1659 Pharisaei
2081 1589 2240 1681 pascitis,

201 1720 275 1766 non
299 1689 499 1762 illuminata
522 1689 630 1757 verbo
653 1682 733 1755 Dei.
784 1685 899 1784 Totus
920 1695 1008 1762 ordo
1029 1686 1191 1762 christia·
1242 1697 1303 1766 sed
1326 1699 1519 1784 depravato
1541 1693 1642 1761 'verbi
1658 1692 1752 1776 Dei,
1779 1691 1863 1784 quia
1886 1685 2079 1762 humanam
2094 1703 2240 1762 tanturn

201 1823 267 1868 nae
284 1798 375 1865 vitae
393 1817 432 1862 ex
448 1786 515 1860 hac
530 1787 676 1860 historia
694 1789 885 1878 colligitur.
939 1793 1078 1879 Primo,
1111 1808 1192 1866 ten·
1244 1796 1421 1868 iusticiam
1452 1795 1492 1864 in
1522 1795 1600 1883 lege
1629 1795 1782 1874 docetis,
1816 1807 1850 1862 et
1872 1793 2038 1863 iudicatis
2058 1793 2240 1866 iusticiam

201 1900 289 1974 tatio
306 1895 362 1966 vel
380 1893 526 1964 afflictio
540 1913 630 1984 opus
646 1904 697 1960 est
713 1893 855 1962 divinae
871 1895 1077 1972 voluntatis.
1127 1895 1192 1968 Se-
1243 1897 1311 1970 Dei
1332 1921 1406 1968 esse
1431 1896 1586 1994 carnalia
1604 1919 1731 1988 opera,
1758 1919 1839 1966 cum
1854 1907 1889 1966 et
1902 1895 1959 1965 lex
1975 1893 2150 1967 iusticiam
2167 1892 2239 1966 Dei

203 2001 342 2084 cundo,
366 1998 502 2067 fructus
525 1995 751 2077 tentationis,
778 2011 819 2067 ut
840 1996 925 2066 inde
945 2001 1128 2070 veniamus
1153 2000 1191 2068 in
1244 2003 1386 2085 doceat,
1411 2013 1447 2071 et
1468 2023 1508 2070 ea
1531 1998 1681 2090 omnino
1695 1997 1861 2090 cognosci
1875 2021 1950 2068 uon
1967 1998 2079 2089 possit
2091 1997 2162 2069 nisi
2178 2021 2240 2068 me

204 2103 372 2176 notitiam
396 2098 530 2188 gloriae
554 2095 635 2167 Dei.
693 2094 836 2184 Tertio,
872 2099 910 2170 fit
931 2095 1000 2172 hoc
1024 2115 1192 2193 operante
1244 2116 1418 2197 pascente.

202 2208 312 2276 verbo
335 2205 374 2274 in
396 2201 519 2284 nobis,
545 2199 628 2293 quia
651 2213 777 2268 natura
801 2225 863 2292 per
886 2226 959 2273 sese
982 2229 1056 2274 non
1079 2217 1193 2296 potest
1478 2271 1486 2292 ,
1619 2269 1626 2289 ,
1753 2270 1760 2288 ,
1993 2268 2001 2287 ,

204 2311 243 2380 in
267 2307 389 2400 poenis
411 2303 560 2392 gloriam
577 2297 646 2371 Dei
664 2325 818 2372 cernere.
871 2303 1029 2393 Quarto,
1055 2329 1194 2378 exerce-
1406 2269 1483 2371 Qu*
1509 2298 1583 2344 ''⁰''
1611 2266 1904 2371 'f'fff‘d'fmpef
1927 2279 2075 2347 ‘mmm‘
2170 2345 2176 2360 .

204 2427 264 2484 tur
293 2410 398 2492 fides,
432 2429 515 2475 cum
541 2404 708 2474 ducimur
730 2405 799 2498 ita,
833 2421 873 2476 ut
897 2409 964 2500 ipsi
989 2409 1194 2500 ignoremus
1345 2410 1557 2482 Parabolam
1581 2407 1745 2484 Christus
1768 2409 1843 2502 ipse
1866 2410 2023 2503 exponit.
2076 2405 2238 2478 Primam

204 2511 394 2584 consilium
432 2505 626 2576 voluntatis
663 2507 825 2592 divinae,
865 2509 958 2580 sicut
995 2506 1121 2604 loseph
1155 2513 1192 2580 in
1247 2529 1401 2608 partem:
1430 2512 1504 2603 Qui
1527 2537 1601 2583 uon
1627 2513 1826 2604 ingreditur
1848 2537 1911 2606 per
1934 2510 2241 2594 ostium,·sicex-

205 2614 407 2708 Aegyptum
429 2611 555 2680 ductus
572 2621 636 2678 est.
688 2607 845 2696 Quinto,
870 2615 1031 2682 renovati
1048 2614 1194 2684 confite·
1246 2618 1365 2710 ponit:
1392 2611 1468 2706 Ego
1491 2637 1570 2686 sum
1594 2616 1741 2702 ostium;
1769 2616 1860 2685 sicut
1876 2629 1910 2686 et
1924 2614 2109 2705 discipulis
2126 2613 2241 2681 inter-

205 2741 298 2786 mur.
352 2711 478 2796 Sento,
503 2709 641 2780 inimici
659 2706 795 2782 Christi
816 2715 1005 2806 requirunt
1027 2715 1195 2784 adversus
1248 2719 1456 2810 rogantibus
1485 2718 1580 2786 viam
1609 2719 1654 2788 ad
1688 2732 1823 2808 patrem
1856 2716 2054 2809 respondit:
2096 2737 2133 2784 se
2165 2735 2242 2782 esse

205 2841 296 2912 opus
308 2816 342 2908 ⁴)
360 2815 436 2884 eius
451 2813 556 2882 etiarn
572 2812 695 2883 divina
708 2814 910 2886 testimonia
923 2813 972 2914 ⁶).
1023 2817 1195 2910 Septimo,
1249 2823 1365 2906 viam,
1391 2821 1439 2892 ita
1460 2813 1520 2890 hic
1544 2833 1696 2891 sevocat
1712 2819 1841 2890 ostium
1858 2831 1892 2888 et
1909 2818 2115 2902 ostiarium,
2140 2817 2242 2909 quod

206 2943 329 2991 eorum
359 2917 423 3011 qui
445 2909 582 2986 Christi
614 2929 715 3002 sunt,
747 2939 822 2986 non
844 2933 896 2990 est
917 2943 983 3012 par
1003 2920 1108 3000 fides,
1134 2925 1194 2990 sed
1248 2926 1322 3016 ipse
1346 2924 1411 3005 sit,
1438 2921 1501 3013 qui
1524 2923 1656 2992 revelet
1677 2944 1737 2991 seu
1758 2922 1922 2992 ostendat
1937 2935 2071 3013 patrem
2091 2919 2244 2988 creden·

206 3035 294 3094 snut
314 3019 447 3090 infirmi
466 3016 633 3110 quidam,
658 3041 748 3110 quos
761 3030 881 3090 tamen
898 3047 971 3092 non
989 3038 1198 3114 aspernatur
1249 3029 1357 3098 tibus.
1409 3021 1510 3095 Sicut
1531 3037 1565 3094 et
1586 3047 1694 3121 supra
1710 3019 1872 3096 Christus
1889 3023 1950 3094 lux
1965 3036 2130 3101 vocatur,
2156 3020 2243 3113 quia

208 3119 383 3198 Christus.
435 3115 595 3204 Octavo,
626 3115 823 3192 Christiani
848 3138 1126 3196 contemnuntur
1149 3126 1196 3194 si·
1250 3127 1431 3198 illuminat
1451 3118 1634 3211 homines,
1657 3125 1706 3196 ita
1725 3119 1784 3195 bie
1799 3126 1929 3196 ostium
1945 3123 2078 3196 revelat
2092 3135 2244 3213 patrem.

209 3241 269 3297 cut
288 3238 439 3325 testacea
462 3245 556 3296 vasa.
607 3220 732 3304 Nono,
758 3219 923 3297 Christus
945 3229 1041 3298 solus
1065 3228 1196 3297 iudicat
1251 3224 1450 3302 Antithesis
1472 3227 1662 3320 explicabit
1685 3227 1935 3302 rem-clarius..
1984 3221 2166 3296 Pharisaei
2188 3225 2243 3294 le-

208 3331 253 3399 de
266 3329 379 3396 ¹verbo
396 3349 481 3408 suo,
506 3339 665 3396 excaecat
680 3325 851 3411 videntes,
878 3343 912 3400 et
927 3329 1107 3400 illuminat
1122 3353 1199 3400 cae·
1250 3355 1327 3421 gem
1349 3334 1481 3403 docent
1497 3345 1531 3400 et
1547 3331 1717 3414 audiunt,
1744 3341 1777 3399 et
1793 3344 1913 3401 tamen
1929 3325 2026 3398 Mosi
2041 3327 2162 3397 vultus
2179 3350 2245 3396 ve·

209 3453 279 3500 cos.
331 3425 397 3497 Est
418 3425 513 3496 enirn
535 3425 625 3519 lapis
645 3427 851 3499 offensionis
869 3445 905 3501 et
919 3447 1014 3522 petra
1031 3433 1199 3518 scandali,
1253 3438 1344 3507 latus
1367 3446 1434 3518 est3
1462 3430 1636 3503 iusticiam
1660 3431 1787 3500 mundi
1811 3455 1872 3516 seu
1894 3427 2246 3512 hominumdocent,

208 3529 316 3602 Rom.
330 3528 393 3600 IX.
422 3565 470 3582 -
522 3525 597 3597 Nos
617 3529 766 3614 scimus,
798 3534 882 3624 quia
907 3529 1015 3604 homo
1039 3549 1230 3623 peccator·
1252 3539 1393 3628 discunt
1409 3547 1443 3605 et
1457 3534 1607 3604 faciunt:
1635 3531 1683 3605 Et
1698 3533 1876 3620 iudicant,
1902 3557 1937 3604 sc
1951 3529 2156 3604 satisfecisse
2171 3531 2245 3622 legi

210 3648 278 3718 est;
306 3632 389 3725 quia
406 3631 727 3723 nequescripturis,
754 3657 868 3726 neque
882 3634 1200 3708 testimonioloan·
1252 3640 1394 3708 divinae
1416 3636 1478 3706 illa
1503 3636 1637 3708 carnali
1663 3635 1890 3708 simulatione
1914 3658 2082 3727 operum3
2114 3632 2246 3704 volunt

105 3759 109 3766 ’
210 3736 268 3804 nis
286 3757 403 3829 neque
422 3732 604 3803 miraculis
620 3735 823 3805 credebant.
1254 3743 1335 3812 item
1352 3764 1415 3833 pro
1433 3739 1581 3829 peccatis
1598 3763 1660 3830 per
1675 3762 1781 3828 opera
1797 3739 2005 3822 satisfacere,
2032 3738 2090 3806 sed
2107 3735 2247 3805 fallun-

1254 3858 1322 3916 tur.
1374 3839 1449 3930 Qui
1471 3854 1666 3931 agnoscunt
1679 3855 1799 3910 autern
1816 3853 2018 3933 peccatum,
2044 3851 2078 3908 et
2093 3839 2247 3909 credunt

1253 3949 1291 4016 in
1309 3939 1513 4028 Christum,
1539 3943 1591 4013 illi
1617 3944 1693 4012 sine
1717 3944 1884 4036 operibus
1899 3939 2135 4024 satisfaciunt,
2161 3963 2247 4011 vere

315 4038 475 4124 Scilicet,
504 4039 569 4138 qui
593 4054 757 4112 tenemus
773 4042 883 4134 legem
899 4043 966 4115 Dei
981 4057 1014 4115 et
1029 4045 1203 4116 facimus?
1254 4048 1508 4131 iustificantur,
1532 4046 1605 4114 illis
1627 4068 1709 4114 vere
1731 4045 1908 4117 revelatur
1924 4041 2165 4113 misericordia
2181 4065 2248 4134 pa-

211 4143 419 4236 Rcspondet
451 4137 633 4213 Christus:
673 4143 714 4215 Si
753 4147 847 4215 caeci
879 4149 1017 4232 essetis,
1058 4149 1082 4222 i.
1112 4173 1143 4218 c.
1172 4150 1200 4218 si
1254 4151 1330 4222 tris.
1381 4147 1480 4219 Sicut
1497 4148 1548 4217 ait
1560 4147 1693 4218 Paulus
1708 4149 1744 4218 2.
1757 4143 1922 4220 Corinth.
1939 4143 2024 4221 lll.:
2049 4141 2142 4214 Cum
2158 4168 2248 4214 con-

213 4245 469 4336 cognosceretis
494 4247 695 4318 caecitatem
712 4253 887 4340 vestram,
913 4264 946 4321 et
964 4251 1101 4321 velletis
1118 4251 1202 4320 illu·
1256 4275 1376 4323 versus
1390 4249 1499 4320 fauerit
1513 4252 1556 4320 ad
1573 4250 1759 4319 dominum
1775 4251 1954 4320 auferetur
1968 4248 2140 4320 velamen.
2181 4244 2249 4318 Est

185 4413 189 4420 .
212 4349 342 4417 minari
357 4370 420 4437 per
436 4347 563 4416 lucem.
605 4346 711 4418 Nunc
727 4352 810 4442 qnia
826 4352 894 4442 ipsi
912 4376 974 4423 vos
990 4353 1203 4424 illuminatis
1255 4378 1337 4444 ergo
1355 4349 1441 4424 haec
1457 4353 1648 4424 sententia:
1676 4349 1753 4442 Ego
1766 4363 1849 4422 'sum
1865 4351 2013 4436 ostium,
2038 4349 2060 4418 i.
2077 4373 2106 4420 e.
2124 4349 2245 4420 revelo

214 4449 458 4548 etsequimiui
474 4450 650 4520 rationem
666 4465 838 4538 vestram,
865 4455 946 4525 ideo
962 4457 1056 4525 caeci
1072 4457 1165 4528 estis.
1255 4471 1403 4549 patrem.
1453 4453 1502 4526 Et
1523 4449 1592 4526 hoc
1618 4468 1689 4535 est,
1716 4457 1812 4548 quod
1835 4468 1956 4546 postea
1978 4451 2137 4523 subiicit:
2164 4448 2246 4541 Ego

270 4591 274 4596 ·
940 4557 943 4562 ’
1256 4583 1334 4629 sum
1357 4558 1507 4640 ostium,
1531 4581 1595 4656 per
1615 4545 1670 4624 ine
1690 4558 1718 4627 si
1741 4557 1820 4652 quis
1836 4547 2038 4658 intraverit,
2062 4549 2189 4638 idest,
2215 4555 2248 4623 si

1256 4657 1312 4732 cui
1330 4659 1505 4730 reclusero
1524 4660 1577 4727 vel
1594 4659 1789 4728 discussero
1804 4660 1986 4742 tenebras,
2013 4656 2250 4746 ingredietur,

603 4723 741 4836 Capul
771 4727 827 4815 X·
1257 4764 1330 4837 sril.
1347 4763 1431 4831 fide:
1457 4775 1492 4832 et
1506 4761 1714 4844 egredietur,
1737 4763 1809 4836 scil.
1827 4759 2057 4844 confessione,
2082 4760 2248 4828 docendo

319 4889 542 4982 Augustinus
558 4892 697 4963 laborat
712 4894 749 4962 in
768 4899 1009 4967 connectendo
1023 4893 1130 4970 huius
1147 4923 1204 4970 ca·
1256 4880 1291 4937 ‘¹
1313 4864 1480 4934 ⁰m⁰ib¹¹⁵
1504 4864 1610 4984 imni}
1631 4865 1810 4954 ⁰P²fib¹¹⁵·
1860 4857 1909 4934 Ei
1929 4885 2055 4955 P²⁵⁰¹¹³
2073 4861 2249 4942 invenias

97 5046 102 5056 ·
215 4995 301 5086 pitis
331 4995 436 5064 initio
464 4979 547 5063 ¹cutn
578 4995 648 5064 fine
676 4997 868 5086 superioris
895 5000 1019 5090 capitis
1049 5003 1086 5070 in
1109 4997 1205 5072 hstnc
1257 4971 1292 5038 id
1309 4983 1377 5049 ω’
1404 4967 1551 5036 v‘fbum
1569 4980 1671 5037 ⁹¹¹³*

215 5098 379 5166 modurn:
407 5098 539 5170 multos
555 5120 626 5168 esse
642 5097 780 5170 iusticia
796 5100 880 5192 legis
894 5104 1091 5195 praeditos,
1117 5129 1207 5200 qua-

356 3997 358 4002 ,
393 3895 585 4002 Nunquid
605 3910 636 3974 et
659 3927 726 3976 nos
752 3904 849 3978 caeci
869 3907 1025 3978 sumus?

1293 5175 1298 5190 ·
1367 5129 1528 5224 Omnes,
1561 5143 1736 5235 quotquot
1757 5144 1843 5209 onte
1867 5158 1922 5206 me
1944 5144 2135 5226 venerunt,

550 5351 568 5370 ,
672 5355 676 5361 ,
1210 5349 1215 5357 ,
1258 5268 1332 5348 scil.
1361 5273 1541 5370 perillud
1567 5271 1697 5342 ostium
1723 5273 1890 5362 ingrcssi,
1923 5273 2007 5342 item
2031 5272 2092 5366 qui
2119 5297 2156 5342 se
2182 5297 2249 5363 pro

254 5398 286 5452 a)
306 5395 401 5444 secer.
421 5405 502 5458 opes,
527 5397 664 5450 mettense.
751 5401 782 5460 a)
802 5401 864 5452 rua.
885 5405 1204 5458 etasettestaaoatam.
1257 5377 1460 5467 pastoribus
1485 5371 1610 5454 haberi
1633 5375 1778 5456 volunt,
1812 5375 1867 5444 illi
1889 5377 1984 5446 fures
2009 5389 2101 5447 sunt.
2167 5374 2248 5469 lpsa

740 5589 758 5624 Ι
