4620 5814
247 121 323 202 575
848 111 975 186 1²th
1002 107 1121 192 MEL.
1147 111 1359 192 SCRIPTA
1385 109 1688 194 EXEGETICA.
1949 191 1954 202 ,
2200 124 2266 206 sto

254 294 391 366 scoenis
413 290 593 362 amoribus
617 289 662 360 de
683 284 833 359 sanitate
864 308 905 356 ac
928 297 1047 356 mente
1073 287 1243 361 deturba·
1294 295 1394 372 crant.v
1438 289 1498 362 De
1514 290 1645 386 quibus
1661 287 1832 364 Salomon
1845 287 2016 390 Proverb.
2030 291 2082 367 n:
2108 245 2197 370 lium
2213 299 2266 392 qni

254 415 309 469 tos
327 395 427 468 esse?
534 435 539 441 ·
1125 403 1131 408 ’
1295 395 1380 467 serit
1398 393 1595 465 discordias
1610 393 1706 464 inter
1720 392 1847 464 iratres
1861 392 2266 472 abominaturDominus.

353 493 501 567 Numeri
518 488 581 566 25.
615 487 912 561 Commorahatur
927 488 1038 558 Israiil
1058 488 1095 557 in
1118 487 1243 570 Setina,

254 617 289 671 et
317 599 432 689 coepit
461 594 632 665 fornicari
660 591 814 682 populns
842 612 924 658 cum
952 589 1094 660 filiabus
1120 589 1245 677 Moab,

255 729 345 798 quae
364 701 537 770 vocabant
552 719 612 764 eos
626 697 668 763 ad
686 689 854 762 sacrificia
868 712 943 762 sua.
994 688 1110 762 Atilii
1126 717 1245 762 come-

256 810 379 876 dentes
396 825 436 871 ac
451 800 613 868 bibentes
628 793 824 865 adorabant
840 792 935 864 idola
954 815 1095 880 earum,
1120 807 1154 866 et
1171 793 1244 862 ini·
1296 858 1368 905 non
1399 848 1604 926 appetente,
1628 835 1885 922 certaminum,
1928 861 1994 909 nec
2020 849 2193 930 ,aplanus
2218 841 2268 910 in,

255 911 447 985 elatrasset,
471 923 551 983 ⁸²⁰⁹
577 891 736 968 &haesit
753 893 863 964 ¹³³3
878 892 964 964 ΒΜ
983 893 1086 966 pm·
1203 993 1212 1012 .
1296 937 1406 1007 iustas
1425 937 1640 1019 discordias,
1664 930 1853 1032 ἐπιεικείᾳ,
1880 951 1914 1010 et
1933 938 2079 1013 lenitate
2096 942 2269 1014 tolerantes

258 1112 266 1128 ‚
357 1003 416 1075 sic
450 1012 576 1119 ¹¹⁰⁵m.
593 991 982 1114 m⁸m⁰ri³.Eipi⁵.⁰⁰pu⁸
1006 994 1244 1116 T¹⁰Virf¹¹⁸¹⁸’
1296 1038 1494 1110 infirmiora
1518 1039 1697 1121 membra,
1727 1039 1855 1109 ordine
1876 1054 1912 1111 et
1935 1055 2028 1112 recte
2051 1041 2268 1114 diiudicantes

253 1111 421 1199 idemque
437 1096 601 1172 Marchao
617 1097 790 1169 Badensrs
807 1121 846 1165 m
863 1119 941 1216 apso
958 1093 1116 1168 thalamo
1132 1112 1245 1169 anter·
1296 1142 1472 1230 dogmata,
1497 1140 1633 1226 ordine,
1659 1140 1787 1211 leniter
1801 1164 1842 1211 ac
1856 1140 2009 1232 ΜΨ
2023 1145 2180 1216 &remiis
2194 1169 2269 1215 con·

253 1215 365 1280 fectus
381 1219 466 1276 ⁰⁸²³
483 1216 602 1274 ³⁰¹⁰oe
617 1202 786 1295 q⁰⁰d³¹¹⁰·
1297 1243 1490 1330 tr'oversiis,
1513 1242 1729 1333 corrigentes
1741 1256 1856 1313 errata
1870 1243 2099 1330 sanabilinm,
2124 1270 2186 1316 nec
2200 1271 2268 1338 per-

355 1307 443 1380 llem
470 1301 669 1424 ΕΡῙΫῈΟΡΠ*
690 1297 997 1418 Ἧωωὸῑῐωῖἷῆ
1028 1295 1246 1388 mummius
1296 1345 1398 1437 pleae
1419 1344 1643 1416 involventes
1665 1358 1727 1416 aut
1745 1343 1916 1416 insidiose
1929 1348 2160 1438 depravantes
2176 1365 2269 1438 nego-

256 1410 428 1485 excellens
450 1407 670 1488 eruditione,
695 1417 729 1473 et
748 1399 996 1473 Cancellarans
1016 1397 1247 1490 Edelbergae,
1298 1446 1351 1516 cia
1379 1445 1565 1516 mentm
1593 1445 1822 1516 calumniosi,
1852 1447 1967 1518 vomi
1991 1451 2036 1518 ad
2053 1448 2269 1520 diiudicab-

255 1521 342 1586 dum
362 1523 469 1581 noctu
485 1506 685 1598 ingreditur
702 1505 804 1614 aedes
824 1503 1060 1584 meretricias,
1087 1525 1168 1572 casu
1184 1503 1246 1572 de-

254 1619 375 1710 lapsus
392 1615 431 1682 in
449 1609 573 1680 cellam
590 1609 787 1690 vinariam,
812 1627 940 1674 trusere
958 1604 1074 1698 periit.
1298 1663 1368 1734 m,
1399 1671 1475 1718 non
1497 1650 1710 1720 necem„
1732 1649 1845 1731 rim,
1871 1672 1946 1719 no„
1965 1652 2269 1748 polymagmonpci,

359 1711 609 1786 Εῦῡῐῑῑῐθῑῑῦζ
639 1731 764 1798 magni*
789 1705 885 1790 ,Μ’
917 1720 1107 1797 ⁵³P¹⁰¹¹¹¹³’
1131 1707 1247 1775 ‘¹⁰⁰⁰'
1297 1773 1373 1821 non
1400 1748 1496 1820 saevi
1523 1750 1563 1819 in
1592 1750 1804 1833 imbecilles,
1846 1774 1921 1822 non
1949 1753 2174 1846 obiurgantes
2200 1775 2267 1824 cnm

257 1806 883 2009 3ῗὲΣὲὧὶῗῗιῗὲῗὲἒᾟζίξζέἓ
906 1809 1113 2002 {eclam}
1126 1819 1250 1978 2³33
1298 1852 1488 1968 acerbitate
1507 1853 1585 1922 aine
1606 1853 1750 1938 ordine,
1776 1876 1853 1924 non
1876 1868 2076 1929 exercentes
2099 1854 2268 1925 saeviciam
2297 1875 2298 1950 j

258 2046 339 2094 rum
357 2016 585 2088 incrementis
597 2013 758 2107 loquitur
772 2024 903 2082 textus:
928 2011 1048 2080 Deum
1063 2011 1249 2084 videbunt.
1298 1977 1339 2073 Ψ
1363 1954 1557 2073 ‘mihies’
1582 1977 1648 2024 ¹¹²⁰
1670 1955 1813 2070 “irhe’
1838 1955 2090 2077 'eunifimi
2104 1969 2269 2073 ωῃωηῖθ·

258 2123 370 2210 hem,
404 2122 448 2190 ad
477 2113 635 2188 Ebmos
661 2115 737 2186 ωε
772 2111 964 2182 sanamini
999 2112 1248 2185 sanctificatio·
1298 2054 1849 2141 lrosedactrsvoleutesvmccre,
1875 2073 2269 2149 praesertrmnonprms

478 2242 546 2313 ,a
563 2213 681 2290 nsum
817 2211 962 2284 arsen
1059 2305 1062 2312 .
1299 2154 1664 2352 illitteralis
1678 2153 2271 2352 {lllllltssstttllillnl

332 2396 445 2467 Beati
460 2383 629 2485 pacifici,
657 2387 745 2480 quia
759 2379 833 2482 μὴ·
846 2385 924 2456 Dec
936 2381 1182 2460 vocabuntur·
1299 2363 1501 2452 Augustus,
1525 2360 1763 2452 intelligentes
1784 2383 1825 2431 ac
1848 2361 1974 2432 sedulo
1992 2363 2208 2455 fideliterque
2226 2360 2270 2429 la·

1300 2463 1431 2534 cientes
1462 2461 1599 2554 proprii
1631 2463 1790 2533 muneris
1818 2461 1932 2533 officia
1955 2467 2165 2556 praecipua,
2194 2462 2298 2548 iusta¹

1301 2577 1337 2636 et
1352 2561 1559 2637 necessaria.
1610 2558 1658 2635 Et
1675 2562 1715 2632 in
1730 2559 1888 2639 Ecclesia
1903 2587 1967 2634 seu
1981 2564 2177 2638 ministerio
2190 2560 2270 2632 Pau·

1286 2666 1359 2754 ¹lus
1380 2680 1414 2738 et
1435 2665 1497 2736 alii
1520 2663 1641 2736 fideles
1659 2667 1841 2750 doctores,
1866 2678 1906 2738 ut
1921 2663 2090 2740 Ieremias
2112 2679 2146 2740 et
2161 2659 2270 2736 caeteri
2297 2747 2298 2758 χ

1300 2764 1511 2861 Prophetae.

1397 528 1562 602 Tertium
1585 544 1770 620 genosaeest
1790 529 1987 623 pacificum.
2037 531 2196 629 Suntque
2213 562 2268 628 pa·

1294 630 1406 718 cilici,
1440 632 1629 722 diligenter
1657 631 1826 703 facientes
1852 632 1993 704 labores
2014 638 2218 708 necessarios
2238 654 2268 711 et

1295 733 1459 826 proprios
1495 755 1578 804 snae
1606 733 1822 814 vocationis,
1861 757 1936 811 non
1968 737 2089 829 cupidi
2116 739 2268 821 rixarum,

1298 1571 1393 1623 nem.
1444 1545 1526 1618 Non
1550 1548 1690 1641 ignavi,
1716 1571 1791 1618 non
1812 1548 1997 1635 malevoli,
2023 1575 2097 1620 uon
2113 1573 2269 1644 quaeren-

363 2529 452 2602 Tria
470 2546 596 2618 genera
620 2515 809 2592 bominum
834 2534 918 2594 sunt
939 2521 977 2590 in
1001 2522 1100 2592 omni
1121 2524 1250 2613 guber·
1292 2553 1293 2556 ¹

260 2637 420 2714 natione.

363 2733 527 2806 Primum
550 2750 662 2820 genus
685 2739 738 2798 est
758 2725 987 2816 ignavorum,
1011 2725 1172 2818 quisunt
1187 2751 1250 2797 ne-

261 2842 450 2932 gligentes,
474 2849 507 2905 et
525 2842 661 2904 cessant
676 2828 716 2898 in
732 2827 848 2897 officio
867 2849 941 2899 suo.
994 2825 1121 2916 Qualis
1139 2830 1176 2899 in
1195 2852 1251 2900 re.-

194 2938 200 2946 '
260 2942 393 3036 gimine
424 2937 569 3029 politico
601 2929 670 3000 suit
699 2928 976 3020 sardanapalus:
1010 2929 1050 2998 in
1080 2932 1251 3022 regimine

262 3041 495 3118 ecclesiastico
525 3034 600 3105 Leo
632 3029 746 3123 Papa,
785 3054 859 3099 non
897 3044 1059 3102 curantes
1092 3033 1184 3105 iusta
1218 3049 1252 3105 et

261 3145 413 3224 iniusta,
445 3161 511 3208 nec
539 3134 708 3206 facientes
737 3131 962 3203 mediocriter
984 3133 1160 3220 oibcium,
1191 3139 1251 3206 sed

262 3243 370 3318 ociosi
392 3237 588 3312 helluones.
656 3231 711 3305 De
734 3234 864 3312 talibus
887 3235 1070 3307 clamitant
1091 3233 1252 3329 Prophe.

262 3364 336 3430 tae,
368 3359 407 3414 ut
429 3337 592 3413 Ezechiel
615 3335 694 3408 db:
727 3335 801 3407 Vae
823 3338 1024 3428 pastoribus
1048 3339 1110 3430 qui
1133 3361 1252 3432 pasce-

264 3452 351 3520 bant
374 3445 597 3535 semetipsos,
623 3441 677 3510 lac
699 3439 936 3510 comedebatis
956 3452 991 3518 et
1007 3438 1099 3510 lanis
1113 3440 1254 3533 operie-

262 3549 411 3634 bamini,
437 3569 575 3636 gregem
587 3565 671 3611 vero
686 3565 803 3610 meum
818 3564 892 3610 non
907 3541 1111 3632 pascebatis.
1164 3540 1252 3612 item

175 3739 180 3744 ‚
265 3650 434 3722 ieremias
459 3671 534 3738 cap.
549 3643 628 3716 tn:
656 3641 869 3712 Maledictus
893 3644 955 3735 qui
971 3643 1054 3714 lacit
1069 3667 1159 3737 opus
1173 3647 1254 3716 Do-

264 3753 355 3824 mini
375 3747 606 3841 negligenter.
663 3743 751 3814 ltem
774 3739 898 3814 Esaiae
913 3743 966 3816 5.:
994 3742 1068 3813 Vae
1087 3746 1149 3838 qui
1174 3771 1253 3817 sur.

263 3855 346 3948 gitis
363 3875 466 3922 carane
483 3849 527 3918 ad
542 3845 746 3918 ebrietatem
762 3844 983 3931 sectandam,
1008 3858 1042 3914 et
1058 3849 1253 3936 potandum

264 3979 378 4050 usque
408 3955 451 4024 ad
483 3971 683 4042 ¹uesperam,
717 3960 756 4017 nt
785 3943 869 4016 vino
892 3945 1075 4031 aestuetis,
1108 3943 1254 4034 cithara,

266 4059 365 4152 lyra,
396 4071 624 4152 tympanum,
657 4048 766 4130 tibia,
799 4062 834 4121 et
862 4048 987 4119 vinum
1016 4048 1054 4118 in
1080 4050 1255 4120 conviviis

267 4159 409 4244 vestris,
434 4171 469 4228 et
489 4175 578 4248 opus
591 4149 741 4223 Domini
758 4173 830 4220 non
847 4150 1037 4243 respicitis,
1064 4175 1128 4220 nec
1147 4175 1255 4245 opera

266 4282 440 4330 mannum
469 4257 562 4336 eins,
597 4255 635 4325 id
664 4266 733 4340 est,
765 4252 928 4322 ordinem
950 4252 1114 4323 divinum
1136 4255 1255 4325 consi·
1406 4237 1568 4310 pacificis
1602 4252 1838 4331 opponuntur
1870 4238 1909 4306 in
1946 4239 2120 4331 regimine
2148 4231 2272 4328 politico

266 4360 410 4432 deratis.
1305 4340 1471 4437 tyranni,
1493 4339 1533 4408 in
1552 4334 1709 4409 Ecclesia
1731 4339 2028 4426 calumniatores,
2054 4337 2205 4420 diaboli,
2226 4353 2274 4422 sy·

355 4447 574 4534 'Secundum
596 4477 707 4550 genus
731 4467 871 4527 estnon
887 4454 1076 4548 ignavum,
1100 4459 1161 4529 sed
1179 4481 1254 4528 ma·
1305 4437 1513 4534 muham&-
1564 4438 1728 4536 Tyranni
1753 4453 1929 4534 quaerunt
1950 4457 1985 4516 et
2005 4441 2182 4513 concitant
2198 4430 2273 4504 bella

146 4627 150 4632 .
267 4565 446 4651 levolum,
485 4561 655 4640 lividum,
695 4557 915 4651 inquietum,
947 4581 1107 4650 pugnax,
1140 4583 1256 4630 arma·
1306 4543 1383 4616 sine
1410 4543 1523 4614 causis
1552 4542 1654 4613 iustis
1683 4555 1719 4613 et
1745 4543 1970 4630 necessariis,
2001 4544 2094 4616 sicut
2114 4536 2186 4630 >trec
2209 4535 2273 4627 ipso

268 4689 345 4746 tum
357 4662 577 4758 impudentia
591 4675 626 4733 et
640 4653 842 4753 sophistica,
866 4661 963 4752 quod
979 4661 1156 4754 superbia,
1180 4685 1256 4732 am·
1305 4643 1857 4739 le¹¹³l201'efiffl1'31111'pmffifffl‘
1887 4659 2007 4718 ¹¹¹⁰V⁰l
2035 4645 2148 4728 bellas
2177 4652 2208 4710 0¹
2226 4647 2273 4705 ω·

269 4769 426 4848 bistone,
465 4762 682 4849 invidentia,
719 4761 917 4842 atrocitate,
950 4777 1010 4833 aur
1039 4763 1255 4850 curiositate,
1306 4749 1440 4820 multus
1456 4747 1582 4820 excitat
1597 4747 1766 4818 adversus
1780 4745 2028 4838 imperatorem
2045 4745 2207 4838 cupidum
2223 4757 2274 4829 1¹³·

270 4901 310 4950 π
325 4873 644 4969 polypragmosyne
658 4875 796 4935 tantum
812 4864 1056 4937 contentiones
1071 4878 1104 4936 et
1121 4867 1257 4937 discor.
1306 4853 1357 4923 cis
1387 4864 1423 4924 et
1452 4850 1614 4942 publicae
1647 4847 1928 4942 tranquillitatis.
1980 4847 2069 4920 Item
2104 4842 2210 4941 qttalis
2232 4847 2273 4906 etl

269 4979 346 5050 dias
367 4971 507 5045 excitat.
559 4965 607 5040 Et
627 4966 714 5038 tales
736 4963 841 5036 multi
863 4964 1000 5038 suntin
1016 4968 1184 5038 omnibns
1200 4992 1258 5039 re·
1307 4952 1481 5028 ancicus
1497 4964 1690 5049 tyrannus,
1715 4966 1780 5022 etc·

268 5075 480 5171 giminibus,
512 5063 558 5143 ut'
573 5065 712 5141 Romae
735 5064 893 5152 Marius,
925 5064 1100 5156 Catilina,
1123 5070 1162 5140 in
1184 5066 1257 5142 Ec·
1406 5055 1695 5144 calumniatores
1722 5081 1756 5142 ct
1778 5063 2016 5164 sycophantae
2040 5077 2209 5164 quaerunt
2228 5059 2273 5126 lo·

269 5174 517 5258 clementius,
542 5167 689 5255 uectus,
713 5165 904 5264 Canysins,
931 5170 995 5264 qni
1017 5184 1155 5243 tantum
1183 5173 1258 5243 dis-
1306 5169 1594 5267 gomachiasseu
1615 5169 1860 5246 cavillationes
1877 5183 1912 5242 et
1928 5166 2141 5264 sophismata
2159 5158 2272 5258 plausi-

269 5277 382 5365 sidia',
413 5275 661 5348 distractiones
681 5283 717 5344 et
738 5265 931 5344 horribiles
950 5274 1124 5344 tumultus
1147 5297 1256 5369 quae·
1305 5278 1393 5350 bilia
1418 5276 1462 5348 ad
1485 5272 1697 5345 eludendam
1719 5271 1901 5348 veritatem
1925 5273 2137 5369 simplicem,
2162 5276 2217 5338 aut
2236 5257 2272 5328 td

1403 2884 1477 2956 Nec
1499 2885 1745 2958 existimentur
1759 2907 1834 2957 esse
1848 2887 1987 2979 pacifici
2002 2883 2203 2979 Sophistae,
2220 2879 2270 2975 qui

1303 2987 1422 3059 verbis
1465 2986 1641 3078 ambiguis
1671 3000 1707 3057 et
1745 2986 1948 3083 flexiloquis
1980 2979 2298 3060 conciliationibus*

1300 3087 1481 3159 moderari
1519 3102 1626 3184 atque
1664 3091 1879 3160 concordare
1919 3091 2048 3163 volunt
2080 3089 2269 3180 religionum
2297 3083 2298 3096 ¹

1302 3190 1578 3276 controversias,
1603 3203 1645 3261 ut
1661 3191 1744 3262 lecit
1758 3188 1927 3285 Synodns
1944 3191 2175 3286 syrmiensis,
2197 3206 2271 3281 qnae
2297 3185 2298 3276 j

1303 3293 1486 3364 distinctas
1504 3291 1679 3362 Ecclesiae
1699 3287 1775 3362 'hoc
1805 3294 1956 3382 consilio
1987 3295 2143 3386 speravit
2168 3309 2270 3360 rursus
2297 3325 2298 3364 n

1303 3393 1473 3483 coniungi
1488 3415 1610 3486 posse,
1633 3392 1664 3465 si
1680 3417 1722 3462 cx
1737 3391 1910 3488 Symbolo
1926 3393 2064 3466 Niceno
2083 3396 2271 3468 eximeretur
2297 3393 2298 3482 }

1281 3520 1373 3567 ¹vox
1400 3490 1603 3587 ὁμοούσιον
1624 3509 1660 3565 et
1683 3495 1847 3584 generale
1868 3498 2018 3568 verbnm
2044 3493 2173 3590 ὅμοιον
2193 3493 2271 3561 inse·
2297 3569 2298 3576 ἵ

1302 3610 1453 3670 teretur.
1505 3593 1596 3668 Nam
1625 3591 1712 3670 baec
1744 3597 1910 3688 ambigna
1937 3600 2113 3683 formula,
2139 3611 2172 3667 et
2192 3591 2298 3680 velut,

1304 3699 1448 3792 utrique
1469 3696 1551 3789 pedi
1573 3697 1789 3770 conveniens
1812 3695 2028 3786 cothurnus,
2068 3713 2271 3793 nequaquam

1303 3801 1447 3873 sustulit
1462 3800 1671 3882 dissidium,
1697 3801 1758 3870 scd
1772 3801 1871 3872 auxit
1885 3800 2095 3874 discordias.
2146 3795 2271 3868 Talium

1305 3903 1536 3974 consiliorum
1559 3916 1596 3974 et
1607 3968 1609 3976 .
1620 3915 1803 3974 eventuum
1821 3925 1896 3973 non
1913 3927 2042 3994 pauca,
2068 3897 2160 3995 proh
2174 3896 2272 3970 dolon

1305 4017 1400 4084 aetas
1417 4017 1536 4076 nostra
1551 4003 1644 4080 vidit
1655 4002 1832 4094 exempla,
1857 4017 1898 4077 nt
1913 4028 1993 4074 cum
2008 4001 2273 4100 SphynxAugu-
2297 4061 2298 4064 ,

1305 4103 1430 4196 staua,
1451 4126 1543 4198 qnae
1559 4103 1767 4174 nominatur
1784 4101 1973 4192 lorsam,
1998 4105 2136 4198 prolata
2149 4115 2204 4176 est.
