4590 5808
250 109 359 244 sta‘
689 203 690 206 κ
826 147 975 231 'rum
1002 147 1119 232 nnn.
1146 148 1356 230 samara
1380 99 1684 232 nxnonrtca.
2193 173 2253 250 ni

204 358 215 376 ⁸
252 336 409 415 brachiis
431 337 504 410 suis
527 347 560 407 te
580 347 706 426 gestat,
733 333 823 401 sicut
839 327 966 400 Pastor
982 351 1112 420 agnum
1130 329 1245 401 tanel-
1269 337 1274 380 ¹
1295 345 1417 424 speetu
1434 355 1508 406 esse
1526 335 1677 426 debent,
1703 349 1743 408 nt
1760 337 1913 410 sciamus
1928 340 2157 414 obedientiam
2170 341 2255 416 Chri·

254 447 331 518 lum
351 463 474 514 recens
499 439 634 510 editum
655 448 784 526 gestat,
809 455 850 502 ac
865 445 1054 503 sustentat:
1080 429 1151 502 Hie
1166 429 1245 502 Do·
1297 435 1343 504 sti
1368 434 1408 506 in
1432 437 1596 528 passione
1618 451 1654 509 et
1675 452 1791 510 morte
1812 440 1887 510 essa
1909 443 2187 535 propitiationem
2204 472 2255 538 pro

254 549 374 618 minos
396 556 496 613 vocat
516 554 551 611 te
573 541 611 610 in
627 537 756 608 Psalm.
772 535 955 628 inquiens:
983 531 1112 636 Invoca
1131 557 1188 604 me
1204 535 1244 604 in
1297 536 1420 624 nobis,
1446 551 1481 608 et
1506 552 1650 630 propter
1673 535 1780 612 huius
1794 542 1960 620 ,victimae
1976 547 2198 618 obedientiam
2211 573 2256 618 ai.

255 651 313 722 die
335 643 596 725 tribulationis,
621 654 656 708 et
676 661 740 728 ego
765 636 913 728 eripiam
936 651 984 708 te.
1036 633 1089 708 Ac
1112 635 1243 706 libera.
1297 639 1431 730 cepisse
1452 641 1698 712 remissionem
1723 657 1946 733 peccatorum
1965 661 2000 722 a
2016 649 2175 740 placuisse
2189 649 2257 734 Deo,
2282 693 2283 710 ἵ

255 753 370 824 tiones
393 750 479 818 istae
502 765 625 813 omnes
646 739 802 830 ingentia
827 753 861 830 et
884 739 1055 828 stupenda
1074 739 1243 809 miracula
1294 755 1473 836 quotquot
1492 743 1538 812 ab
1561 743 1666 816 initio
1688 741 1867 816 Ecclesiae
1887 751 2091 822 sanctificati
2112 767 2200 842 sunt,
2230 767 2258 820 et
2282 745 2283 824 l

256 866 356 936 suut,
377 844 516 941 etiamsi
532 844 626 914 oculi
640 831 827 912 hominum
843 839 1017 910 occoecati
1034 837 1119 910 haec
1134 840 1242 910 mira·
1296 843 1365 914 fide
1379 839 1485 914 huius
1502 845 1666 916 victimae
1685 849 1810 921 merita
1825 845 2143 942 apprehenderam,

197 987 201 992 ·
257 956 375 1027 culosa
390 951 479 1020 iacta
496 971 570 1016 non
585 947 772 1014 intuentur
786 957 847 1014 aut
865 957 1071 1032 agnoscunt.
1124 941 1245 1032 Quare
1398 944 1454 1018 Sit
1475 947 1583 1036 igitur
1605 972 1676 1020 ung
1700 955 2098 1026 egsummmmolafio
2116 959 2258 1026 adversus

255 1052 438 1126 mendacia
461 1049 527 1118 ista
549 1041 756 1140 blasphema
779 1058 814 1116 et
837 1045 1091 1115 contumeliosa
1115 1047 1243 1115 adver·
1296 1063 1522 1145 conspectum
1542 1050 1703 1120 omnium
1728 1065 1951 1149 peccatorum
1974 1079 2015 1125 ac
2029 1057 2180 1128 sordium
2194 1071 2259 1128 tna.

256 1180 317 1228 sus
339 1151 454 1224 Deum
485 1150 606 1241 procul
637 1173 677 1218 ex
705 1147 824 1217 animo
855 1145 993 1230 eiicias,
1028 1143 1143 1218 Deum
1168 1150 1244 1216 non
1296 1171 1377 1218 rum
1405 1145 1472 1222 hoc
1494 1151 1611 1240 ipsum
1636 1153 1803 1222 meritum
1826 1156 1892 1226 filii
1914 1153 1999 1241 Dei,
2024 1173 2058 1230 et
2079 1159 2257 1250 propitiatio

138 1312 142 1318 .
257 1257 442 1332 ostendere
465 1253 529 1323 tibi
554 1251 736 1321 miracula.
788 1247 883 1320 Sunt
898 1247 993 1318 enim
1012 1249 1142 1320 utdixi
1157 1250 1244 1320 tales
1296 1251 1498 1342 peripsum
1521 1253 1624 1324 laem.
1677 1255 1731 1325 Ac
1746 1275 2027 1346 *praemonemus
2049 1261 2120 1350 pias
2136 1273 2260 1342 mentes,

257 1359 487 1450 cogitationes
512 1352 788 1424 contumeliosae
804 1352 843 1420 in
859 1349 991 1448 Deum,
1016 1365 1051 1422 et
1066 1374 1169 1421 verae
1186 1353 1244 1423 in·
1296 1375 1342 1420 ne
1363 1375 1399 1422 se
1420 1353 1561 1443 tragicis
1584 1355 1801 1436 elamoribus
1825 1376 1865 1428 ae
1886 1358 1996 1428 minis
2011 1357 2179 1432 Osiandri
2198 1375 2259 1432 tur·
2282 1395 2283 1402 κ

256 1459 453 1534 vocationis
468 1458 732 1548 impedimenta.
772 1449 905 1523 Contra
921 1453 1151 1524 autem'certo
1167 1477 1245 1524 cre·
1295 1455 1394 1540 bari,
1417 1471 1478 1528 aut
1499 1451 1632 1527 abban
1648 1459 1891 1530 consolatione
1906 1462 2078 1534 deterreri
2095 1465 2259 1556 patiantur,

256 1567 336 1644 das,
363 1558 479 1631 Deum
504 1557 682 1628 miraculis
707 1555 925 1648 quotidianis
947 1556 1043 1646 apud
1061 1579 1127 1624 nos
1143 1578 1244 1646 prae-
1295 1557 1358 1650 qui
1383 1557 1617 1643 vociferatur,
1642 1582 1717 1628 non
1739 1561 1878 1651 placere
1894 1575 1926 1658 te
1943 1563 2021 1634 Deo
2037 1554 2261 1658 propteroba·

257 1681 393 1738 sentem
418 1675 450 1731 et
475 1661 760 1738 efficacem-esse,
794 1671 828 1728 et
849 1657 1103 1746 benignissime
1125 1657 1242 1747 opitu·
1296 1659 1466 1728 dientlam
1488 1673 1550 1730 aut
1565 1661 1730 1731 meritum
1747 1661 1811 1730 lilii
1828 1658 1915 1748 Dei,
1940 1667 1999 1736 sed
2021 1683 2163 1759 propter
2178 1667 2260 1737 iusti-

256 1769 325 1840 lari
350 1763 598 1834 invocantibus
621 1761 659 1828 in
682 1759 850 1829 omnibus
871 1759 1028 1828 consiliis
1051 1783 1091 1828 ac
1105 1759 1244 1850 pericu·
1295 1760 1381 1829 tiam
1405 1762 1625 1832 essentialem
1647 1783 1708 1832 seu
1724 1763 1949 1836 divinitatem
1964 1767 2004 1835 in
2018 1781 2055 1840 te
2067 1765 2259 1840 habitantem

257 1871 314 1954 lis,
338 1865 583 1958 spiritualibus
599 1877 633 1932 et
648 1861 902 1952 corporalibus.
954 1858 1051 1930 Scias
1067 1855 1162 1929 hunc
1178 1855 1243 1928 ho·
1296 1875 1330 1932 et
1353 1876 1553 1933 moventem
1576 1879 1616 1936 ut
1640 1864 1732 1936 insta
1753 1866 1870 1940 facias.
1929 1863 2006 1938 Hae
2028 1871 2283 1962 speculationes¹

243 1994 380 2043 »norem
403 1982 435 2036 te
453 1963 528 2036 Deo
549 1967 696 2048 debere,
722 1974 763 2031 ut
780 1956 847 2032 hoc
864 1963 1084 2046 confitearis,
1110 1962 1243 2046 credas,
1296 1957 1470 2032 Osiandri
1502 1965 1583 2034 vide
1612 1990 1657 2035 ne
1688 1968 1967 2038 consolationem
1992 1996 2113 2042 veram
2135 1973 2194 2042 tibi
2215 1994 2260 2038 es-

256 2090 291 2146 et
313 2074 362 2142 ita
376 2069 494 2138 Deum
518 2068 670 2137 invoces.
721 2059 769 2132 Et
790 2059 931 2159 bisunt
946 2065 1075 2133 summi
1092 2075 1126 2133 et
1141 2087 1243 2156 prae·
1296 2066 1452 2150 cutiant,
1483 2067 1545 2136 sed
1577 2069 1684 2138 verba
1712 2063 1882 2138 lobannis
1900 2073 1932 2144 1.
1964 2075 2079 2164 capite
2100 2077 2130 2146 l.
2154 2070 2261 2142 firmis·

256 2173 351 2268 cipui
375 2171 510 2253 cultus,
537 2169 597 2262 qui
626 2170 664 2237 in
685 2164 910 2235 invocatione
936 2173 1017 2236 vera
1033 2165 1195 2236 discendi
1210 2178 1243 2235 et
1296 2166 1384 2236 sitne
1410 2168 1563 2253 retineo:
1591 2168 1744 2258 Sanguis
1767 2167 1848 2240 lesu
1871 2167 2005 2244 Christi
2026 2178 2192 2246 emundat
2210 2195 2283 2262 nos

256 2271 440 2348 exercendi
463 2283 556 2344 su'nt.
608 2266 726 2362 Atque
747 2261 832 2336 haec
854 2267 972 2336 brevis
988 2291 1242 2338 commemora·
1296 2270 1341 2338 ab
1364 2270 1531 2339 omnibus
1554 2271 1719 2358 peccatis:
1755 2286 1789 2344 et
1812 2275 1956 2366 quidem
1979 2277 2061 2346 imis
2086 2275 2262 2370 pectoribus

255 2381 305 2450 tio
331 2379 374 2446 de
397 2373 576 2443 miraculis
599 2365 727 2439 hocin
749 2369 828 2438 loco
852 2368 1013 2442 sufficiat.
1071 2367 1176 2438 Nunc
1197 2369 1241 2438 ad
1295 2363 1382 2440 haec
1396 2371 1471 2463 ipsa
1486 2373 1593 2442 verba
1609 2372 1814 2459 inscribito,
1840 2389 1876 2445 et
1891 2377 1929 2444 in
1944 2380 2045 2448 omni
2059 2375 2283 2448 invocatione

255 2483 388 2551 dictum
408 2471 537 2544 Esaiae
569 2471 786 2556 accedimus,
822 2471 864 2540 de
888 2495 959 2564 quo
983 2471 1105 2541 itidem
1132 2493 1243 2562 pauca
1295 2472 1434 2542 intuere
1471 2497 1512 2544 ac
1550 2477 1753 2561 considera,
1796 2477 1893 2572 quod
1931 2478 2085 2553 affirmat
2118 2476 2262 2550 lohann:

254 2573 514 2652 monebimus.
1074 2587 1078 2592 “
1295 2571 1448 2666 Sanguis
1474 2573 1552 2644 lesu
1576 2570 1711 2646 Christi
1742 2579 1912 2649 emundat
1941 2603 2009 2650 nos
2042 2585 2089 2653 ab
2119 2581 2283 2652 omnihus

356 2679 439 2750 Non
465 2678 578 2748 solum
596 2677 758 2774 loquitur
775 2671 898 2745 Esaias
914 2676 958 2761 de
977 2673 1243 2744 infirmitatibus
1295 2677 1456 2767 peccatis.
1505 2679 1787 2772 Attendeautem
1803 2683 2180 2776 quomodoloquatur‚
2203 2680 2283 2748 vult

254 2799 315 2856 aut
332 2781 465 2852 morbis
481 2803 690 2870 corporum,
715 2779 776 2848 sed
792 2792 943 2869 utraque
958 2771 1242 2868 comprehendit:
1295 2791 1330 2848 te
1355 2777 1425 2846 fide
1450 2772 1542 2846 hanc
1565 2780 1844 2850 consolationem
1869 2778 2156 2873 apprehendere,
2186 2783 2263 2876 qnod

254 2899 435 2980 peecatum
461 2905 523 2952 sen
547 2881 710 2950 morbum
730 2881 870 2950 animae
890 2879 1097 2949 interiorem
1114 2891 1147 2948 et
1163 2902 1242 2948 cae·
1295 2873 1498 2953 obedientia
1521 2873 1655 2948 Christi
1685 2881 1731 2952 sit
1757 2883 1962 2972 propitiatio
1993 2907 2061 2976 pro
2088 2885 2211 2969 nobis,
2239 2895 2263 2948 et

254 3003 329 3059 tera
358 2985 468 3068 mala,
502 2997 536 3052 et
559 3005 668 3051 onera
689 2984 830 3064 omnia,
861 3005 951 3074 quae
973 3005 1035 3074 per
1060 2995 1241 3072 peccatum
1295 2981 1392 3076 quod
1431 2995 1524 3051 certo
1555 2993 1719 3051 aeternus
1748 2997 1850 3078 pater
1878 2987 1923 3055 sit
1957 2987 2065 3058 nobis
2102 2985 2265 3079 Propitius,

254 3104 333 3182 orta
353 3099 454 3170 sunt,
481 3097 516 3155 et
534 3081 709 3182 stipendia
728 3083 974 3155 eiusluerunt.
1022 3079 1186 3174 Suntque
1203 3082 1241 3150 iu
1294 3083 1451 3152 remittat
1474 3095 1633 3173 peecata,
1667 3097 1702 3153 et
1725 3081 1876 3179 recipiat
1894 3109 1977 3172 nos,
2003 3090 2091 3183 quia
2113 3089 2202 3158 lilius
2222 3085 2265 3153 di-

254 3193 349 3262 dicto
377 3184 504 3274 Esaiae
535 3186 624 3256 duae
652 3185 837 3255 distinctae
867 3174 989 3263 voces,
1032 3180 1179 3254 Gestare
1208 3197 1240 3252 et
1294 3186 1423 3264 lectus,
1457 3186 1495 3252 in
1521 3207 1592 3276 quo
1616 3186 1684 3276 ipsi
1709 3187 1941 3278 complacuit,
1976 3189 2014 3259 in
2041 3217 2114 3281 quo
2137 3192 2267 3261 laetatur

255 3291 425 3374 Auferre,
468 3303 503 3360 et
541 3288 731 3358 discrimen
767 3303 820 3359 est
856 3288 1002 3376 dignum
1038 3285 1239 3358 observatu.
1294 3301 1329 3356 et
1350 3287 1558 3380 acquiescit,
1590 3287 1704 3356 lactus
1729 3305 1780 3358 est
1807 3311 1870 3378 pro
1894 3291 2000 3360 nobis
2022 3293 2179 3366 victima.
2231 3283 2267 3357 Et

140 3403 162 3418 ”
255 3394 346 3484 Nam
371 3391 534 3485 distincta
556 3387 669 3459 officia
695 3403 777 3460 sunt
801 3389 958 3458 miserias
976 3401 1241 3476 nostras'gesta-
1293 3382 1379 3456 haee
1406 3389 1527 3457 omnia
1553 3388 1665 3477 cogita
1687 3391 1871 3481 complecti
1896 3391 2023 3461 lsaiam
2049 3395 2090 3464 in
2114 3419 2194 3463 voce
2215 3413 2267 3479 ge-

255 3520 312 3580 re,
338 3506 372 3563 et
391 3493 528 3561 easdem
544 3504 663 3582 postea
681 3493 819 3561 auferre
834 3515 873 3560 ac
890 3491 1027 3561 tollere.
1079 3487 1239 3559 Primum
1292 3489 1429 3573 standi,
1455 3511 1536 3557 cum
1560 3489 1694 3583 inquit:
1724 3488 1802 3583 lpse
1824 3489 2049 3566 infirmitates
2074 3510 2266 3566 nostraene·

254 3608 364 3688 gestat
389 3587 553 3664 Christus
581 3591 804 3661 infirmitates
834 3605 868 3662 et
899 3593 1057 3662 miserias
1089 3607 1240 3675 nostras,
1292 3589 1402 3682 cepit,
1436 3583 1505 3658 hoc
1534 3603 1603 3670 est,
1638 3607 1782 3684 propter
1810 3615 1875 3662 nos
1905 3609 1939 3664 et
1963 3613 2115 3690 propter
2136 3601 2265 3668 salutern

252 3695 322 3770 hoc
344 3710 412 3781 est,
439 3695 514 3786 ipse
537 3693 575 3761 in
598 3692 778 3781 passione,
805 3693 842 3759 in
864 3705 976 3761 morte
999 3707 1032 3762 et
1055 3693 1240 3762 doloribus
1292 3707 1448 3762 nostram
1472 3690 1580 3761 subiit
1605 3710 1754 3764 mortem
1777 3696 2033 3784 tristissimam,
2063 3714 2099 3770 et
2120 3701 2206 3771 iram
2222 3719 2267 3767 ar-

188 3843 192 3850 ‚
253 3797 510 3879 horribilibus,
542 3819 631 3888 quos
653 3809 774 3865 nostra
797 3816 898 3861 causa
922 3793 1047 3873 subiit,
1074 3807 1114 3863 ut
1137 3794 1239 3864 iusti·
1290 3793 1384 3864 terni
1401 3791 1517 3862 Patris
1533 3793 1624 3888 ingse
1640 3789 1826 3868 derivavit.

254 3904 322 3973 tiae
346 3897 489 3970 divinae
514 3897 747 3978 satisfaceret,
782 3893 890 3966 sensit
911 3895 1183 3964 inenarrabilem
1206 3911 1239 3967 et
1393 3891 1515 3964 Altera
1540 3919 1608 3965 vox
1631 3893 1738 3968 habet
1759 3899 2055 3988 significationem
2081 3899 2267 3975 auferendi:

255 4003 468 4080 horribilem
493 4000 590 4092 iram.
603 4000 738 4069 aeterni
753 3995 887 4076 Patris,
916 4021 979 4065 nec
997 3997 1064 4069 luit
1079 3999 1117 4065 iu
1131 3999 1238 4068 tantis
1292 3995 1561 4082 Aegrotationes
1583 4013 1721 4068 nostras
1739 4001 1814 4090 ipse
1832 4003 1990 4087 sustulit,
2017 4000 2092 4075 hoc
2109 4021 2177 4090 est,
2202 4025 2283 4096 pec-¹

255 4105 439 4175 doloribus
469 4127 530 4172 sua
561 4102 680 4194 aliqua
708 4102 764 4170 vel
786 4101 908 4191 culpa,
943 4099 999 4168 vel
1021 4123 1142 4184 cansa,
1176 4103 1237 4170 sed
1290 4111 1407 4166 catum
1429 4112 1463 4167 et
1484 4113 1617 4169 caetera
1642 4102 1733 4170 mala
1749 4104 1897 4188 omnia,
1920 4126 2015 4196 quae
2027 4123 2210 4198 peceatum
2225 4099 2283 4171 se?

254 4219 398 4298 propter
426 4227 493 4274 nos
521 4219 555 4275 et
586 4217 731 4295 propter
760 4203 909 4273 salutem
937 4217 1091 4272 nostram
1117 4201 1236 4272 omnia
1290 4212 1371 4268 cuta
1398 4212 1492 4271 sunt.
1553 4199 1754 4298 Utrumque
1785 4204 1879 4272 enim
1910 4206 2129 4278 beneficium
2153 4203 2266 4279 Christi

254 4305 340 4377 haec
367 4308 403 4374 in
426 4331 462 4377 se
485 4304 676 4388 derivavit,
698 4317 737 4373 et
754 4298 821 4372 hac
835 4303 1037 4373 obedientia
1054 4327 1116 4373 sua
1134 4317 1169 4374 et
1183 4329 1238 4373 re·
1291 4314 1361 4385 est,
1387 4303 1524 4392 placare
1539 4301 1629 4371 iram
1645 4304 1778 4373 aeterni
1794 4303 1926 4388 Patris;
1952 4323 1985 4376 et
2003 4311 2184 4382 sustinere
2197 4331 2268 4398 poe-

194 4465 198 4470 .
253 4409 410 4477 verentia
441 4431 521 4498 erga
551 4418 733 4476 aeternum
751 4403 895 4475 Patrem
928 4406 1033 4475 nobis
1057 4406 1236 4476 remissio-
1290 4427 1373 4471 uam
1397 4425 1463 4494 pro
1484 4404 1598 4474 nobis.
1649 4401 1750 4477 Eteo
1769 4406 2267 4504 ipsoaulertactollitpecca-

253 4535 336 4581 nem
368 4525 610 4599 peccatorum,
646 4521 680 4577 et
707 4508 1030 4577 reconciliationem
1056 4531 1135 4577 curn
1162 4505 1237 4579 Deo
1281 4518 1366 4606 ¹turn
1391 4531 1411 4574 a
1433 4507 1549 4575 uobis.
1608 4503 1787 4594 Primum,
1818 4509 1901 4602 qnia
1923 4509 2103 4584 immensa
2129 4513 2269 4584 bonitate

253 4610 402 4706 peperit.
470 4609 569 4681 Sicut
603 4605 749 4710 dehac
781 4609 1074 4678 obedientialilii
1107 4611 1238 4681 dicitur
1290 4608 1521 4678 remittuntur
1543 4609 1648 4676 nobis
1670 4626 1808 4702 peccata
1832 4622 1866 4680 et
1889 4612 2090 4704 recipimur
2112 4616 2267 4686 advitam

255 4710 476 4787 Psalm.40.:
505 4709 547 4780 ln
564 4713 739 4803 principio
757 4711 842 4810 libri
859 4711 1027 4802 scriptum
1043 4728 1094 4782 est
1110 4713 1154 4782 de
1169 4738 1238 4798 me,
1290 4723 1487 4781 aeternam:
1522 4711 1672 4796 deinde,
1699 4714 1783 4806 quia
1804 4713 1984 4782 verissime
2006 4715 2047 4784 in
2076 4719 2178 4788 omui
2198 4739 2268 4786 con·

254 4819 473 4888 voluntatem
503 4827 600 4884 tuam
622 4813 776 4885 Domine
806 4813 897 4881 facio
922 4813 1093 4898 libenter,
1126 4827 1159 4884 et
1182 4816 1237 4886 lex
1290 4813 1452 4880 versione
1473 4835 1622 4882 massam
1646 4815 1780 4904 peccati
1801 4811 2002 4884 haerentem
2028 4819 2069 4886 in
2095 4820 2201 4890 nobis
2220 4815 2270 4885 ille

254 4933 314 4990 tua
336 4921 376 4988 in
397 4917 515 4986 medio
540 4917 656 4985 cordis
677 4915 746 4984 mei
762 4938 909 5005 semper.
964 4911 1009 4985 Et
1027 4918 1064 4985 in
1080 4915 1143 4986 illo
1160 4919 1236 5008 ipso
1290 4913 1364 5004 ipse
1386 4911 1563 4983 Dominus
1591 4928 1712 4986 noster
1734 4916 1829 4988 lesus
1852 4910 2016 4989 Christus
2041 4922 2175 5012 incipit
2195 4922 2283 4989 abo-⁴

254 5022 367 5111 eapite
382 5017 526 5102 Esaiae,
549 5041 590 5086 ex
613 5041 683 5109 quo
705 5017 905 5110 praesentia
924 5018 1029 5085 verba
1054 5020 1236 5109 depromta
1288 5017 1376 5100 lere,
1408 5029 1441 5085 et
1470 5015 1508 5083 in
1538 5018 1803 5089 resuscitatione
1836 5031 2065 5092 mortuorum
2096 5046 2225 5094 novam
2246 5033 2272 5086 et

254 5135 355 5202 sunt,
381 5122 561 5192 scribitur:
590 5117 679 5191 Cum
696 5117 859 5211 posuerit·
869 5120 1024 5187 animam
1041 5144 1139 5190 suam
1156 5147 1237 5213 pec·
1290 5117 1462 5187 mundam
1482 5131 1630 5186 massam
1646 5113 1722 5192 sine
1739 5137 1878 5212 peccato
1891 5121 2106 5194 redditurus
2124 5141 2196 5208 est,
2220 5127 2273 5192 dc·

254 5239 389 5306 catum,
423 5223 560 5292 videbit
581 5244 698 5290 semen
721 5221 945 5308 longaevum.
998 5220 1147 5293 Sunt'et
1168 5225 1236 5293 alia
1289 5221 1358 5290 leta
1391 5233 1503 5288 morte
1534 5234 1568 5289 et
1598 5223 1766 5293 omnibus
1797 5221 1991 5294 doloribus.
2055 5224 2106 5300 Et
2127 5229 2188 5296 ille
2209 5225 2272 5318 ipsa

253 5325 382 5397 similia
405 5325 605 5394 testimonia
629 5324 760 5404 multa,
786 5346 938 5416 quorum
962 5322 1079 5416 aliqua
1098 5325 1134 5392 in
1152 5350 1236 5395 con·
1289 5320 1466 5394 Dominus
1490 5319 1586 5392 lesus
1608 5319 1768 5398 Christus
1791 5328 1914 5398 reddet
1935 5327 2041 5396 nobis
2071 5331 2199 5411 vitam,
2225 5351 2272 5394 sa·
