4620 5814
260 139 355 250 ssa

114 425 118 434 ,
264 333 517 440 plernnonebt
530 319 571 404 tsi
584 325 824 424 prseloemris.
870 320 1000 395 Talem
1013 317 1131 392 vinam
1148 331 1253 392 vocet

263 444 429 521 Christus
447 439 492 511 ad
513 433 679 528 gretiam,
704 431 912 502 attestetur
929 447 968 496 se
988 443 1114 495 vocare
1127 421 1253 515 perce·

266 564 372 621 tures.
431 539 503 614 Sed
526 533 585 606 hic
605 534 810 604 addendum
830 541 893 627 est.
948 522 1020 595 liic
1041 523 1254 616 publicanus

267 673 343 722 non
362 639 518 716 habebat
539 635 748 708 meritorum
772 627 1070 726 praerogativam,
1103 627 1163 696 sed
1185 620 1254 696 boc

268 753 409 831 aderat,
440 737 626 815 Christum
649 735 833 818 audiebat,
858 741 934 802 erat
956 729 997 798 in
1018 721 1086 798 hoc
1110 725 1255 820 populo,

268 851 333 924 nbi
360 843 508 918 sonabat
531 834 783 930 Evangelinm,
822 833 907 926 quia
938 829 1089 902 nonsit
1118 827 1256 899 vocatio

270 942 574 1036 sineEvaugelio.
610 940 723 1032 quue
737 935 955 1028 significatur
969 921 1142 1026 perhanc
1157 942 1254 1000 stan·

271 1050 404 1127 tamin
426 1048 553 1118 arbore
574 1061 771 1137 sycomoro.
820 1033 1047 1126 significatur
1071 1029 1166 1101 enim
1180 1029 1256 1122 pri-

270 1173 368 1228 mum
400 1159 542 1220 vocata
574 1165 648 1214 esse
674 1163 751 1224 eus,
793 1136 855 1234 qni
882 1137 1025 1207 stabant
1053 1132 1093 1205 in
1122 1131 1257 1226 populo

270 1253 392 1338 lsrael,
416 1251 513 1322 iuxta
529 1245 638 1316 illud:
664 1239 816 1314 ExSion
831 1236 1029 1329 egredietur
1043 1235 1111 1309 lex.
1160 1231 1258 1304 Haec

270 1354 433 1430 doctrina
469 1371 551 1419 vere
590 1357 641 1416 est
668 1339 904 1432 Evangelinm
937 1334 1004 1408 Dei
1037 1348 1260 1434 perpetuum,

272 1479 364 1554 quse
392 1455 433 1524 in
462 1450 530 1522 isto
560 1445 693 1540 populu
716 1437 905 1537 Prophetis
928 1438 1176 1511 commendata
1197 1450 1260 1522 est,

273 1565 318 1632 dc
334 1570 485 1630 venturo
501 1546 645 1623 Massia.

223 1706 230 1712 ·
374 1655 466 1730 Nam
484 1667 689 1746 sycomorus
704 1660 755 1719 est
772 1658 876 1740 typus
892 1637 1017 1736 populi
1031 1638 1151 1712 lsraiil.
1201 1634 1261 1709 Si-

272 1762 369 1836 milis
389 1772 441 1830 est
460 1753 558 1826 enim
580 1753 688 1824 arbor
709 1749 771 1818 illa
795 1747 861 1816 fico
885 1759 920 1816 et
936 1767 1056 1823 moro,
1080 1753 1115 1812 et
1129 1752 1180 1812 est
1195 1740 1261 1811 ad-

273 1863 420 1936 modum
432 1856 607 1928 foecunda
622 1865 656 1924 et
670 1853 792 1934 lactea,
818 1860 854 1919 et
867 1845 980 1938 gignit
994 1845 1128 1914 tructus
1140 1841 1261 1935 copio-

275 1986 351 2050 sos,
376 1961 439 2057 qni
461 1970 580 2030 tamen
600 1977 674 2026 non
690 1961 951 2031 maturescunt,
976 1945 1045 2016 nisi
1060 1943 1262 2035 scalpantur

275 2080 310 2139 et
323 2074 504 2154 ungantur
519 2058 610 2146 oleo,
636 2068 677 2126 ut
692 2042 1104 2140 scribit'l'heophrastus.
1151 2042 1265 2114 Vides

275 2166 485 2261 ipsissimam
500 2157 686 2248 iruaginem
705 2153 827 2245 populi
844 2150 947 2242 legis,
972 2147 1034 2242 qni
1051 2157 1104 2216 est
1116 2145 1263 2218 loecnn-⁴

276 2273 362 2360 dus,
395 2275 542 2356 putens,
570 2254 679 2328 habet
704 2275 862 2345 regnum.
918 2247 1057 2320 Deinde
1081 2246 1189 2318 etiam
1211 2259 1263 2317 est

274 2374 427 2452 lactens,
458 2359 568 2434 habet
590 2359 696 2430 etiam
718 2352 969 2450 promissiones
994 2363 1029 2420 et
1052 2350 1206 2433 cultum,
1230 2359 1264 2418 et

277 2469 391 2566 gignit
411 2464 572 2558 copiosos
587 2461 741 2530 tructus.
798 2451 923 2544 Magni
944 2451 1101 2534 labores,
1126 2447 1263 2538 egregia

276 2568 557 2748 {perpluerput
577 2558 706 2734 hptoisi,
740 2557 883 2730 lolsnppl,
914 2549 1110 2726 Gargani?
1129 2547 1265 2720 ίδαιιέζιὲ

314 2697 369 2744 avr
396 2693 446 2751 ss,
478 2691 497 2742 e
536 2687 598 2736 mu
627 2684 731 2732 orum
754 2683 825 2732 aso
871 2679 920 2728 m.
1094 2677 1107 2720 ι
1145 2673 1207 2723 rnc

278 2797 357 2848 non
378 2767 662 2844 maturescebant
681 2761 759 2833 sine
780 2757 934 2830 sectione
954 2767 989 2824 et
1010 2753 1110 2838 oleo,
1142 2751 1182 2822 id
1202 2763 1266 2835 est,

277 2879 356 2950 sine
384 2871 518 2944 crebris
546 2863 835 2954 castigationibus
861 2869 896 2927 et
925 2856 1004 2926 sine
1032 2853 1156 2926 divina
1177 2876 1266 2924 con-

184 3047 185 3056 ,
279 2975 465 3050 solatione.
523 2967 744 3042 Secabantnr
766 2957 966 3040 leuatae,
999 2956 1138 3051 quoties
1161 2977 1267 3025 vexa-

277 3071 409 3152 bantur
431 3074 477 3143 ab
499 3066 662 3143 hostibus
683 3061 912 3144 Palaestinis,
945 3053 1122 3152 Assyriis,
1155 3050 1267 3127 Chal-

156 3243 163 3250 .
280 3180 388 3254 daeis.
445 3169 517 3245 Sed
540 3169 637 3241 Deus
659 3164 872 3239 infundebat
892 3160 1030 3244 oleum,
1061 3157 1267 3229 restituebat

279 3294 315 3352 et
327 3274 565 3358 sanabat'eos,
591 3268 706 3340 missis
722 3266 827 3341 bonis
841 3262 1009 3348 ducibus,
1035 3272 1076 3329 nt
1090 3256 1267 3341 Samuele,

277 3379 437 3462 Doride,
462 3366 649 3466 Iosophat,
674 3364 778 3456 Elia,
803 3363 964 3438 Daniele.

305 3538 316 3547 .
381 3478 487 3554 Stans
509 3475 617 3566 igitur
637 3473 676 3541 in
698 3489 904 3569 sycomoro,
930 3461 1102 3554 significat
1114 3471 1268 3531 stantem

280 3587 321 3655 in
341 3580 474 3674 populo
492 3577 599 3667 legis,
626 3573 690 3643 ubi
705 3584 808 3642 sonat
821 3565 1001 3646 doctrina,
1027 3563 1092 3635 nbi
1109 3555 1281 3653 Prophe··

154 3680 157 3693 ’
281 3701 339 3758 tae
367 3681 586 3756 tradiderant
614 3673 893 3766 promissiones,
919 3667 982 3736 ubi
1004 3660 1167 3736 Christus
1195 3665 1270 3754 ipse

184 3841 191 3856 .
236 3787 240 3796 ’
281 3785 556 3861 concionaturns
584 3786 668 3848 erat.
708 3771 761 3844 lta
783 3784 817 3842 et
839 3789 905 3839 uus
929 3767 968 3834 in
990 3788 1176 3861 sycomoro
1199 3777 1270 3833 sta·

148 3883 152 3890 ’
282 3911 379 3973 mus,
428 3905 509 3956 cum
541 3877 633 3948 illud
667 3874 762 3946 idem
794 3866 1029 3958 Evangelinm
1058 3865 1272 3948 andivimus,

282 3989 453 4064 traditum
476 4002 539 4076 per
558 3971 756 4068 Prophetas
773 3986 809 4044 et
826 3968 1038 4062 Apostolos,
1063 3979 1098 4040 et
1119 3964 1270 4034 maxime

282 4113 364 4164 cnm
380 4108 501 4161 snmus
516 4085 554 4153 in
571 4105 612 4152 eo
629 4092 747 4163 coetu,
770 4075 836 4147 nbi
853 4083 955 4143 sonat
969 4091 1049 4138 vere
1063 4091 1132 4138 vox
1147 4063 1271 4138 Evan-

284 4191 379 4362 gellii.
437 4185 529 4260 Nam
559 4184 635 4253 sine
663 4175 859 4272 Evangelio
890 4195 964 4242 non
994 4170 1034 4242 lit
1058 4167 1198 4241 vocatio
1226 4166 1271 4238 ad
1318 4246 1325 4256 ⁸

144 4307 147 4312 '
283 4315 320 4366 sa
335 4304 443 4363 ntem,
597 4347 602 4352 .

361 4587 575 4689 Eaemplum
590 4583 829 4682 poenitentiae
844 4577 1069 4675 proponitur.
1092 4569 1274 4645 Zachaeus

178 4741 187 4754 ι
287 4706 419 4778 latetur
431 4708 582 4794 peccata,
607 4704 641 4761 et
656 4684 832 4782 promittit
845 4680 1142 4756 emendationem,
1163 4687 1197 4745 et
1210 4674 1274 4746 ab·

289 4805 442 4878 soluitur
471 4794 540 4869 bac
559 4817 645 4866 voce
663 4785 817 4862 Christi:
851 4781 970 4854 Hodie
991 4780 1085 4852 salus
1107 4776 1197 4848 facta
1222 4785 1275 4846 e'st

288 4903 375 4980 huic
389 4900 531 4983 domni,
557 4895 640 4989 qnia
654 4893 730 4984 ipse
741 4887 836 4958 filins
849 4900 900 4956 est
913 4876 1097 4966 Abrahae,
1121 4891 1156 4949 et
1170 4871 1275 4948 habi-

289 5022 391 5081 tnrns
405 4998 700 5080 benedictionem,
726 5005 761 5062 et
775 4985 1044 5080 promissionem
1057 4982 1151 5070 vitea
1161 4991 1276 5050 aeter·

287 5131 358 5179 nae
380 5109 505 5178 laetam
521 5091 700 5172 Abrahae.
750 5086 799 5162 Et
821 5089 860 5158 in
883 5087 957 5178 ipsa
973 5082 1197 5155 absolutione
1211 5080 1277 5152 ad-

290 5209 412 5282 licitur
425 5208 561 5294 integra
575 5196 698 5276 concio
711 5187 918 5280 Evangelii:
944 5184 1074 5258 Veniet
1080 5182 1195 5256 Filius
1209 5176 1278 5254 ho·

167 5371 171 5380 .
293 5308 402 5383 minis
417 5323 585 5400 quaerere
601 5314 635 5374 et
650 5296 785 5370 salrars
798 5291 897 5386 quod
912 5288 1074 5385 perierat.
1176 5373 1185 5394 .

694 109 699 116 ’
791 135 1741 231 αωακαααοαιαταωαατιοα·

2205 147 2268 224 lib

1463 319 1548 408 Dic
1563 254 1919 406 emmennone
1946 315 2127 408 Medae.
2250 343 2254 350 ³

1360 461 1599 566 DeJconcepto
1614 464 1768 546 Christo.
1801 465 2038 563 Evangelinm
2060 415 2218 543 Luccei.

1353 620 1411 697 ln
1426 641 1546 696 mense
1565 631 1672 696 serta
1690 621 1829 695 missus
1851 631 1904 696 est
1919 616 2078 719 angelus
2090 613 2267 692 Gabriele
2298 693 2299 698 ,

1404 720 1552 797 Deoia
1574 722 1756 797 ciuitatem
1775 719 1951 812 Galilae,
1978 720 2039 795 cai
2059 717 2268 794 nomenNu-

1335 859 1338 866 ’
1403 821 1551 916 aaretls,
1575 831 1628 898 ad
1641 825 1818 921 uirginem
1833 819 1895 916 des
1922 831 2091 898 unsatam
2107 821 2197 905 uiro,
2220 820 2270 892 cui
2298 879 2299 894 ,

1407 951 1538 1000 nomen
1566 937 1646 1001 erat
1675 919 1832 1100 Iospplin

1940 922 2048 997 domo
2074 917 2215 1008 Dauid,
2242 929 2267 992 et
2298 967 2299 972 κ

1408 1055 1538 1102 nomen
1561 1028 1717 1125 uirginis
1768 1079 1769 1082 ,
1793 1028 1892 1103 aria.
1930 1025 1986 1098 Et
2007 1025 2189 1120 ingressus
2210 1046 2269 1092 an·
2298 1025 2299 1110 j

1406 1128 1512 1229 gebus
1534 1127 1590 1203 ad
1607 1155 1706 1218 eam,
1739 1125 1856 1205 dixit.-
1888 1123 1962 1200 Aue
1983 1125 2172 1223 gratiosa,
2198 1120 2269 1194 Do·
2298 1175 2299 1180 η

1335 1261 1341 1284 ·
1409 1233 1533 1306 minas
1548 1243 1678 1320 tecum,
1703 1228 1942 1307 benedictulus
1958 1229 1999 1301 in
2012 1225 2229 1300 mutieribus.
2298 1231 2299 1240 ’

1358 1331 1443 1414 ltto
1460 1359 1540 1408 uero
1554 1359 1634 1408 cum
1648 1328 1815 1422 uidisset,
1840 1331 1992 1406 turbata
2009 1339 2062 1402 est
2077 1330 2118 1400 in
2129 1348 2271 1398 sermons

1409 1437 1506 1524 eius,
1537 1445 1570 1507 et
1593 1434 1797 1534 cogitabat,
1829 1430 1957 1534 quatis
1979 1439 2068 1504 esset
2090 1430 2162 1501 ista
2182 1423 2271 1498 suiu-
2298 1511 2299 1520 ἵ

1412 1538 1518 1615 tatio.
1571 1536 1626 1610 Et
1647 1537 1703 1610 ait
1723 1534 1880 1632 angelus
1901 1534 1948 1606 ei:
1975 1529 2036 1606 Ne
2054 1523 2271 1612 timeusMa-
2298 1553 2299 1560 ¹

1414 1640 1494 1729 ria,
1526 1638 1700 1712 invenisti
1727 1638 1823 1710 enim
1844 1633 2014 1732 gratiam
2036 1627 2139 1728 apud
2156 1627 2271 1708 Deum,

1411 1739 1508 1814 Ecce
1534 1740 1708 1840 concipies
1739 1740 1779 1812 in
1807 1748 1928 1832 utero,
1962 1745 1994 1807 et
2017 1732 2140 1835 paries
2150 1727 2271 1827 fitium,

1411 1852 1444 1914 et
1468 1843 1614 1917 vocabis
1632 1865 1762 1914 nomen
1780 1839 1856 1912 eius
1872 1837 2019 1924 lesum,
2044 1833 2116 1908 Hic
2131 1833 2193 1906 erit
2205 1855 2271 1902 ma

1409 1969 1521 2042 gnus,
1545 1955 1578 2019 et
1580 1940 1695 2038 filius
1711 1939 1893 2014 altissimi
1905 1937 2106 2012 uocabitur.
2154 1932 2204 2004 Et
2217 1929 2273 2002 da-
2298 1941 2299 1946 ’

1411 2044 1466 2117 bit
1489 2043 1553 2119 itti
1573 2044 1766 2118 Dominus
1785 2040 1909 2125 Deus,
1933 2039 2054 2114 sedem
2071 2031 2200 2110 Dauid
2216 2057 2274 2128 pa-

1413 2145 1483 2218 tris
1504 2146 1583 2236 sai,
1607 2155 1639 2220 et
1659 2145 1828 2243 regnabit
1843 2138 2109 2240 superdomam
2123 2135 2228 2211 Iacob
2241 2137 2273 2204 in
2298 2153 2299 2200 3

1413 2257 1621 2338 aeternum,
1645 2259 1678 2320 et
1694 2247 1800 2344 regni
1813 2243 1889 2317 eius
1903 2267 1978 2316 nan
1993 2245 2062 2316 erit
2066 2238 2171 2338 finis.

1363 2344 1482 2424 Dixit
1503 2361 1626 2424 auum
1647 2345 1783 2424 Maria
1807 2342 1862 2418 ad
1882 2343 2074 2442 angeium:
2090 2420 2091 2423 Ἴ
2106 2331 2275 2440 Quomodo

1410 2447 1475 2543 fiet
1504 2449 1623 2536 istud,
1656 2447 1834 2550 quoniam
1863 2447 1982 2520 uirum
2008 2471 2084 2520 non
2102 2433 2276 2542 cognosco?

1416 2549 1472 2622 Et
1496 2548 1716 2648 respondens
1736 2547 1911 2646 angelus,
1938 2543 2042 2646 dixit
2063 2546 2111 2619 eis
2135 2539 2275 2638 Spiritus

1417 2662 1569 2726 sanctus
1580 2653 1802 2752 superveniet
1817 2651 1857 2722 in
1871 2660 1923 2734 te,
1946 2660 1978 2723 et
1994 2651 2111 2723 uirtus
2122 2634 2278 2717 altissimi
2298 2635 2299 2690 ἶ

1417 2753 1652 2827 obumbrabit
1675 2764 1719 2830 te.
1774 2747 1867 2824 ldeo
1892 2774 1935 2823 ue
1953 2755 1997 2823 et¹
2037 2745 2112 2824 uod
2132 2749 2277 2817 nascetur

1417 2867 1606 2944 sanctum,
1640 2851 1828 2928 uocabitur
1886 2851 1976 2924 ilius
2045 2853 2091 2927 ei.
2150 2843 2276 2917 Etrus

1416 2953 1620 3030 Etaabut
1659 2965 1818 3052 cognata
1847 2962 1931 3041 tuo,
1969 2961 2004 3023 et
2034 2953 2116 3050 ipsa
2145 2938 2278 3038 coacepit

1406 3055 1541 3156 fitium
1573 3059 1613 3139 in
1635 3063 1810 3130 senectute
1830 3077 1921 3138 suu,
1954 3062 1986 3126 et
2012 3051 2074 3127 bic
2094 3047 2219 3124 mensis
2238 3045 2278 3112 cst

1418 3158 1644 3243 sectarim,
1668 3183 1761 3260 puae
1777 3165 1927 3230 uocatur
1940 3155 2099 3238 stertis's,
2124 3150 2207 3252 puio
2220 3162 2278 3216 non
2298 3205 2299 3214 ,

1368 3325 1373 3328 .
1421 3261 1489 3334 erit
1512 3257 1738 3360 impossibiie
1763 3255 1869 3358 apud
1881 3255 2006 3330 Deum
2030 3277 2132 3329 omne
2147 3247 2299 3322 uerbum.¹

1419 3362 1539 3436 Dixit
1553 3371 1676 3435 autem
1689 3356 1840 3434 Maria:
1867 3357 1962 3432 Ecce
1975 3353 2121 3432 ancitto
2136 3340 2280 3425 Domini
2298 3389 2299 3408 .

1413 3461 1493 3561 fiat
1505 3459 1604 3536 mibi
1615 3458 1813 3540 secandum
1830 3460 1973 3535 uerbum
1990 3470 2108 3534 tuum.
2157 3449 2207 3524 Et
2219 3443 2280 3518 dis·
2298 3529 2299 3532 ,

1420 3565 1524 3640 cessit
1539 3564 1588 3637 ab
1605 3562 1677 3636 illa
1695 3560 1867 3658 angelus.
2097 3555 2104 3566 ’
2298 3581 2299 3600 ἔ

1301 3777 1305 3786 ,
1325 3739 1328 3746 ·
1370 3697 1541 3800 Quinque
1557 3715 1641 3773 suist
1653 3701 1724 3772 loci
1740 3698 1933 3794 praecipui.

1473 3836 1502 3914 1.
1550 3834 1604 3906 De
1627 3847 1720 3906 statu
1740 3834 1841 3924 regui
1862 3830 2000 3904 ludoici
2014 3855 2057 3906 cn
2073 3842 2236 3922 tenpore,
2256 3823 2283 3884 ‘²

1527 3940 1573 4009 de
1588 3939 1703 4008 torma
1718 3931 1906 4010 Ecclesiae.

1475 4035 1523 4109 ll.
1574 4038 1711 4114 Mariae
1727 4034 1977 4111 consternatio.

1477 4137 1542 4211 ΙΙΙ.
1593 4139 1722 4230 Angeli
1737 4137 1892 4210 narratio
1907 4138 1952 4210 de
1965 4157 2078 4228 regno
2093 4142 2235 4205 aeterno·

1476 4239 1561 4314 llll.
1593 4237 1892 4325 Testimonium,
1913 4240 2011 4333 quod
2039 4231 2197 4308 Christus
2222 4220 2283 4293 ⁸5⁰²

1531 4342 1630 4434 vjrili
1645 4343 1778 4413 semine
1795 4353 1985 4430 conceptus
1998 4339 2056 4410 sit·
2263 4418 2270 4437 ι
2298 4335 2299 4342 '

1477 4447 1522 4524 V.
1574 4441 1628 4516 Dc
1646 4440 1704 4515 his
1719 4443 1853 4537 verbis:
1881 4435 2127 4514 Obnmbrabit
2141 4447 2173 4508 te
2190 4421 2286 4520 Spin·

1420 4581 1425 4588 ·
1529 4563 1588 4622 tns
1604 4559 1757 4620 senens.
1818 4608 1820 4618 .

1716 4743 1915 4811 neeman

1425 4869 1633 4944 Plurimum
1650 4867 1819 4942 conducit
1833 4868 1985 4940 sormam
1999 4861 2178 4940 Erclmise
2190 4844 2289 4927 onai·

1324 4973 1392 5044 bus
1413 4973 1631 5069 temporibus
1652 4968 1889 5050 considerari,
1918 4993 1965 5040 ne
1984 4982 2130 5062 propter
2146 4952 2289 5034 multitu

1326 5076 1469 5158 dinem,
1505 5075 1677 5169 imperia,
1708 5070 1904 5166 potentinus
1934 5068 2146 5162 impiorum,
2175 5084 2195 5132 a
2221 5069 2289 5124 vett

1326 5173 1485 5250 Ecclesia
1507 5177 1723 5248 ahemruns.
1783 5171 1945 5245 Herodes
1966 5173 2037 5244 iaus
2058 5184 2170 5242 annot
2184 5157 2289 5267 δθῐξ·

1327 5289 1456 5352 nuerat
1484 5301 1617 5352 nomen
1643 5277 1783 5368 regium
1803 5276 1844 5348 in
1868 5271 1937 5350 boc
1958 5271 2113 5370 populo,
2143 5264 2201 5338 sed
2221 5269 2291 5350 utu
