4674 5822
40 203 43 210 ¹
93 193 184 276 :ns
361 191 448 272 xn.
503 189 896 279 annornnonns
918 190 987 272 nn
1006 185 1824 296 eonnonreinavmo.1omn1e
1873 269 1877 276 ,
2005 197 2104 274 nso

88 389 310 468 cognoscunt,
344 371 450 456 'iuxta
485 373 593 445 illud:
636 370 745 444 lide:
773 396 815 444 ex
844 369 971 444 auditu
1000 383 1066 444 est.
1114 369 1238 438 lomon
1262 370 1385 440 eadem
1405 383 1612 462 argumente
1634 369 1783 444 rationis
1801 371 2005 466 perstringit
2023 395 2100 465 cap.

89 481 150 554 sen
172 480 255 550 iides
277 479 357 549 frete
379 501 451 548 non
475 477 586 546 credit
607 475 851 560 omniverb03
879 497 962 544 vera
978 473 1065 544 fides
1115 467 1197 542 lx.:
1231 469 1309 542 Hoc
1337 472 1528 566 pessimum
1556 487 1608 544 est
1636 474 1728 546 inter
1750 476 1889 560 omnia,
1919 499 2010 572 quae
2030 476 2100 546 snb

88 582 178 652 omni
195 580 436 661 verboeredit,
451 592 636 672 propterea
647 577 752 647 etiam
763 573 1065 650 novitDeum.-
1113 571 1187 642 sole
1217 573 1323 652 fiunt.
1355 576 1581 668 quiaeadem
1606 578 1742 646 cunctis
1762 575 1942 648 eveniunt.
1995 575 2099 648 Unde
2136 573 2146 580 ”

88 683 227 772 Quarto,
250 683 349 774 impii
365 683 533 771 latentur,
560 674 784 762 cerebrum,
809 680 870 748 sed
887 679 970 774 quia
989 701 1062 748 non
1113 686 1148 744 et
1170 676 1276 744 corda
1299 675 1453 747 filiorum
1480 673 1665 746 hominum
1692 677 1889 770 implentur
1908 680 2043 750 malitia
2064 693 2099 750 et

87 799 228 864 norunt,
254 785 391 874 lingunt
406 805 487 852 eum
503 782 607 854 talem
624 803 717 862 esse,
743 780 884 873 qualem
900 803 1061 870 compre-
1112 790 1316 868 contemptu
1343 779 1382 847 in
1413 779 1484 848 vita
1511 803 1592 863 sua,
1624 794 1658 851 et
1682 775 1873 878 posthaec
1897 783 1942 851 ad
1967 780 2099 852 inleros

87 883 201 958 bendit
230 888 337 971 ratio,
371 881 439 955 boc
468 897 536 970 est5
570 883 632 976 qui
656 885 837 972 permittat
858 905 924 952 nos
945 881 1061 969 nobis,
1112 879 1342 954 deducentur.
1393 879 1439 951 Et
1452 881 1630 952 amicilob
1642 894 1949 972 argumentantur:
1971 882 2098 954 Pecca-

85 1000 121 1058 ut
152 989 246 1058 iuxta
282 986 508 1079 prudentiam
542 998 700 1057 noctram
733 1007 897 1054 curemus
926 998 1060 1066 nostre,
1113 994 1246 1060 tores,
1273 981 1546 1072 ergoaiiligeris.
1599 980 1971 1056 lnhnncsententiam
1990 985 2097 1056 etiam

83 1090 301 1182 sentiuntque
323 1090 413 1159 sicut
434 1087 488 1158 illi
512 1083 718 1179 sophoniae
739 1088 874 1177 primo:
899 1084 983 1156 Non
1007 1087 1061 1156 ia·
1112 1077 1179 1152 boc
1218 1082 1297 1152 loto
1329 1097 1506 1176 quaerunt
1535 1085 1717 1176 discipuli:
1756 1084 1848 1175 Quis
1879 1085 2098 1178 peccaverit?

84 1192 145 1261 eiet
166 1193 258 1260 bene
280 1191 565 1275 dominussnon
591 1187 694 1258 faciet
716 1188 821 1262 male.
849 1185 1060 1278 ·Propteree
1111 1183 1232 1274 ipsene
1262 1207 1401 1272 caecos,
1440 1210 1485 1255 an
1517 1187 1704 1286 parentes?
1742 1188 1825 1280 qnia
1856 1190 1970 1279 primo
1994 1212 2096 1280 prae-

82 1291 264 1384 repinntnr
295 1293 340 1361 ad
370 1313 474 1384 opes,
517 1293 563 1361 ad
594 1289 744 1379 gloriam
775 1291 968 1380 parandam
993 1303 1056 1361 ete„
1110 1298 1211 1376 cepto
1235 1283 1521 1374 minaturDeus‚
1550 1289 1813 1360 vindicatorum
1836 1313 1874 1359 se
1894 1291 1932 1358 in
1953 1291 2095 1362 tertiam

84 1391 183 1478 ltem,
209 1417 290 1463 eum
313 1416 417 1464 nosse
432 1389 549 1463 Deum
565 1392 611 1461 sit
625 1391 732 1470 seire,
758 1392 857 1483 quod
869 1391 976 1460 iaciat
991 1391 1059 1460 mi·
1109 1399 1143 1457 et
1155 1402 1318 1480 quartam
1336 1390 1610 1479 generationem.
1660 1389 1906 1463 Memorabilis
1922 1389 1981 1464 bio
1997 1394 2096 1462 locos

79 1497 299 1565 sericordiem
322 1510 356 1567 et
380 1492 574 1578 iudicium,
606 1490 807 1561 Hieremiae
826 1490 908 1577 lX.,
935 1491 1059 1578 idest,
1108 1501 1178 1568 eti,
1204 1492 1303 1558 etad
1327 1492 1605 1562 confirmandam
1622 1492 1753 1580 fidem,
1779 1517 1824 1564 ne
1846 1495 1884 1564 in
1901 1493 2094 1565 afflictione

81 1598 168 1688 quod
193 1597 327 1668 iudicet
347 1609 528 1690 peccatum
550 1608 588 1666 et
601 1595 809 1664 misereatur
825 1594 1058 1682 credentium,
1107 1592 1350 1680 desperemus,
1381 1591 1464 1687 quia
1485 1617 1655 1686 pauperes
1675 1596 1976 1685 evangelizentur,
2000 1610 2034 1667 et
2049 1619 2094 1666 ne
2198 1670 2201 1678 ,

79 1698 128 1766 illi
155 1722 221 1768 nec
244 1700 333 1770 irem
355 1700 431 1770 eius
454 1720 519 1770 nec
540 1695 817 1767 misericordiam
841 1694 1058 1788 concipiunt,
1107 1692 1265 1762 sinamus
1295 1694 1470 1765 dimoveri
1496 1719 1561 1764 nos
1583 1720 1602 1765 a
1627 1698 1813 1768 vocatione
1835 1699 1969 1780 nostri,
2012 1722 2094 1773 cum

78 1799 151 1870 ideo
173 1823 240 1872 nec
262 1814 444 1884 metuunt,
476 1824 541 1870 nec
564 1801 734 1880 credunt,
766 1798 829 1869 sed
852 1797 967 1868 fidunt
988 1797 1058 1868 sibi
1108 1794 1267 1864 videmus
1296 1795 1344 1866 ob
1374 1797 1498 1867 oculos
1530 1802 1662 1889 positos
1690 1799 1896 1890 opulentos,
1928 1801 2094 1885 celebres,

78 1900 165 1992 ipsis.
215 1901 370 1973 Econtra
385 1903 436 1994 pii
452 1915 602 1984 norunt,
628 1897 742 1970 Deum
757 1899 872 1970 secere
885 1898 1056 1970 iudicium
1107 1917 1258 1987 quorum
1294 1893 1427 1967 similes
1464 1921 1537 1968 esse
1578 1901 1726 1989 cupiunt
1757 1901 1918 1984 infirmae
1947 1917 2094 1976 mentes.

79 2017 109 2074 et
126 2003 421 2088 misericordiam,
448 2004 484 2072 id
501 2015 573 2088 est,
598 2000 694 2072 fideli
712 2002 819 2072 corde
832 2015 866 2072 et
883 2024 965 2072 vere
979 2023 1055 2070 cre-
1106 1994 1258 2088 Propter
1272 1991 1340 2072 hoc
1355 2000 1560 2070 :candalum
1575 2001 1688 2072 crucis
1703 2025 1804 2094 saepe
1814 2001 1945 2074 Psalmi
1962 2002 2093 2076 etPro-

78 2106 179 2190 dunt,
205 2107 303 2200 quod
326 2105 410 2175 odio
435 2101 563 2174 babent
584 2116 743 2193 peccata,
769 2116 803 2172 et
826 2117 962 2194 peccata
981 2125 1056 2172 csse
1106 2091 1235 2190 phetae
1263 2099 1501 2175 consolentur.
1561 2101 1691 2176 Psalm.
1706 2102 1787 2178 1V.:
1823 2103 1933 2177 Multi
1954 2106 2091 2193 dicunt,

77 2207 187 2276 omnia
218 2231 326 2297 opera
354 2201 531 2290 humane,
564 2218 599 2276 et
624 2226 764 2274 rursum
791 2228 872 2274 vere
894 2206 1055 2291 credunt,
1108 2200 1188 2293 quis
1200 2203 1361 2273 ostendit
1377 2203 1482 2273 nobis
1496 2204 1616 2274 bona?
1666 2203 1976 2280 Psalm.LXX11.:
2002 2205 2093 2279 Ecce

77 2310 164 2400 quod
184 2307 394 2380 misereatur
416 2331 559 2393 eorum,
585 2307 699 2399 quise
715 2305 949 2377 illicredunt:
972 2308 1053 2376 ideo
1107 2302 1175 2392 ipsi
1192 2318 1390 2393 peccatores
1405 2318 1438 2374 et
1451 2308 1847 2380 abundantesinseculo
1858 2309 2092 2381 obtinuerunt

77 2410 204 2482 timent.
262 2408 350 2482 ltem
373 2412 417 2480 de
438 2431 549 2482 manu
568 2409 647 2480 eins
669 2408 788 2477 omnia
803 2409 897 2479 bona
914 2409 953 2478 in
968 2409 1054 2494 vite,
1106 2405 1263 2475 divitias.
1312 2403 1361 2476 Et
1381 2407 1475 2480 dixi:
1501 2405 1596 2500 Ergo
1618 2410 1695 2479 sine
1711 2434 1812 2481 cansa
1830 2410 2014 2482 iustificari
2031 2435 2092 2481 cor

76 2526 197 2598 morte,
223 2511 391 2582 omnibus
409 2511 630 2603 temporibus
650 2523 683 2580 et
710 2509 847 2579 casibus
862 2523 1054 2602 expectant.
1106 2529 1236 2578 meum.
1261 2571 1266 2582 ,
1286 2504 1476 2600 Propterea
1486 2505 1649 2582 Christus
1664 2515 1868 2604 respondet:
1894 2512 2016 2607 Neque
2030 2507 2090 2583 hic

76 2609 129 2682 Sic
147 2614 271 2684 definit
285 2613 449 2684 notitiam
465 2613 519 2682 sui
538 2610 680 2682 Psalmo
695 2607 896 2684 mlxvii:
922 2610 1055 2683 Narra-
1107 2608 1282 2699 peccavit,
1309 2633 1423 2703 neque
1445 2626 1606 2702 parentes
1630 2613 1723 2708 eius,
1751 2639 1823 2684 non
1841 2615 1935 2708 quod
1952 2615 2089 2705 simpli·

10 2771 12 2774 .
75 2713 158 2788 bunt
178 2717 262 2786 liliis
283 2716 376 2799 suis,
401 2730 441 2786 ut
460 2727 596 2806 ponant
610 2714 648 2782 in
668 2711 745 2784 Deo
760 2735 858 2802 spem
874 2737 993 2796 snam,
1021 2727 1055 2784 et
1105 2711 1193 2780 citer
1214 2733 1288 2780 non
1312 2706 1503 2784 habuerint
1525 2717 1726 2806 peccatum,
1753 2715 1853 2806 (nam
1877 2717 1913 2786 id
1936 2711 1996 2786 hic
2015 2739 2090 2807 non

76 2839 142 2886 non
166 2818 425 2888 obliviscentur
447 2839 596 2906 operum
619 2814 705 2894 Dei,
735 2827 769 2884 et
795 2818 958 2886 mandata
978 2815 1054 2886 eius
1105 2813 1306 2905 quaeritur,
1332 2827 1365 2885 et
1387 2830 1565 2904 peccatum
1587 2817 1677 2886 inire
1695 2820 1733 2887 in
1750 2801 2089 2908 parentibneergui·

75 2920 270 3011 exquirunt.
290 2957 343 2972 -
393 2917 473 2988 Non
493 2917 708 3008 cognovistis
726 2939 824 2995 eum,
851 2916 1054 3010 seilneque
1105 2913 1199 3006 tur),
1231 2916 1291 2984 ced
1321 2939 1394 2985 non
1416 2918 1515 2998 ideo,
1548 2918 1631 3010 quia
1654 2921 1851 3012 peccarint,
1885 2914 1945 2991 hic
1967 2941 2090 2990 caecus

74 3017 238 3092 iodicium
256 3044 372 3114 neque
387 3019 666 3092 misericordiam
685 3017 760 3088 eius
777 3018 937 3091 seientes.
990 3017 1054 3090 Fi·
1105 3029 1171 3085 est:
1201 3013 1270 3084 Dei
1302 3015 1485 3090 voluntate
1513 3020 1568 3088 illi
1598 3043 1684 3090 crox
1703 3022 1870 3111 imposita
1894 3035 1963 3107 est,
1993 3035 2027 3092 et
2048 3034 2090 3092 ut

73 3119 136 3192 lius
159 3123 262 3194 novit
282 3136 436 3214 patrem,
463 3145 544 3211 ergo
565 3143 708 3209 nutries,
734 3121 796 3213 qui
813 3123 851 3190 in
869 3121 943 3192 lilio
959 3135 1052 3194 sunt.
1103 3117 1317 3207 glorificetur
1339 3114 1435 3190 Deus
1458 3122 1670 3214 peripsum.
1729 3121 1799 3194 Hic
1822 3145 1981 3208 censam,
2014 3147 2087 3193 non

72 3215 115 3294 Et
127 3224 155 3294 si
169 3225 293 3296 dixero
305 3239 380 3303 etc,
405 3225 490 3317 quie
506 3225 592 3294 lides
604 3236 771 3314 operatur
785 3223 1052 3294 confessionem.
1089 3219 1215 3311 ‘ipsios
1244 3234 1427 3318 peccatum
1457 3238 1621 3295 causatur
1647 3219 1828 3306 Christus,
1865 3228 2015 3310 docens,
2046 3237 2088 3296 nt

1104 3320 1277 3412 patienter
1297 3323 1533 3401 sustineamus
1556 3326 1775 3397 volontatem
1790 3329 1879 3412 Dei,
1903 3340 1940 3398 et
1958 3327 2020 3420 qni
2038 3324 2088 3398 sic

103 3419 296 3498 Abraham
317 3421 523 3515 exultavit,
550 3433 590 3496 ul
614 3417 747 3496 videret
770 3418 864 3496 diem
885 3450 1014 3516 meum,
1102 3423 1221 3495 ferunt
1241 3424 1380 3515 operari
1403 3425 1441 3494 in
1462 3425 1555 3511 illis,
1579 3427 1818 3500 tentationum
1831 3429 1987 3500 lrrrctnm
2001 3451 2088 3499 eon·

71 3577 104 3648 id
126 3592 193 3660 est,
218 3577 470 3649 revelationem
495 3576 583 3662 mei,
607 3576 669 3669 qui
684 3577 899 3650 desideravit
925 3601 1049 3649 conso·
1100 3537 1299 3698 1:232?
1309 3522 1354 3621 1).
1405 3525 1595 3649 Mniii‘m
1618 3542 1702 3601 ⁸⁰⁰⁸
1724 3530 1975 3651 ‘’iimffi'in
1998 3531 2088 3602 ‘⁰¹²‘

1271 3680 1279 3696 .
1309 3630 1347 3698 rd
1377 3641 1446 3710 est,
1479 3654 1517 3699 rn
1546 3625 1615 3703 boc
1641 3645 1771 3704 tentari
1796 3646 1953 3718 sanctos,
1984 3646 2024 3703 nt
2043 3654 2086 3701 ex

71 3678 230 3750 l³fi⁰⁰⁶m
256 3703 297 3749 ‘¹
318 3679 551 3774 pmmi⁵³i⁰¹¹⁰
574 3680 618 3748 de
640 3673 802 3764 Chrim’
827 3679 850 3754 i·
868 3705 898 3755 θ’
923 3681 967 3749 de
992 3701 1050 3749 η’
1102 3729 1297 3800 tentatione
1328 3744 1541 3820 cognoscant
1577 3733 1795 3808 voluntatem
1830 3732 1910 3805 Dei.
1976 3731 2086 3806 Rom.

71 3782 232 3854 missione
261 3796 496 3873 peccatorum.
546 3775 594 3851 Et
624 3779 735 3865 vidit,
775 3794 880 3876 atque
909 3782 1049 3873 gavisus
1100 3827 1160 3904 V.:
1201 3825 1359 3902 mietio
1388 3833 1600 3923 potentiam,
1632 3835 1802 3928 patientia
1827 3835 2087 3930 probationem,
2224 3854 2228 3864 ,

71 3898 132 3970 ⁸⁸¹3
173 3884 323 3969 ⁸⁰ffioei’
362 3881 496 3974 accepit
524 3881 821 3964 ⁹⁰n³⁰l³ti⁰n²m’
862 3907 944 3976 ⁰¹3⁰
974 3907 1048 4024 ”sm
1101 3931 1127 4002 i.
1151 3955 1182 4004 a.
1204 3931 1442 4021 cognitionem
1464 3934 1608 4004 divinae
1627 3936 1832 4013 voluntatis.
1892 3933 1958 4008 Et:
1991 3932 2087 4005 Dili-

1099 4032 1263 4208 ppntibus
1292 4029 1408 4106 Deum
1445 4037 1565 4108 omnia
1601 4053 1838 4131 cooperentur
1871 4039 1909 4110 in
1940 4039 2087 4124 bonum,

1135 4157 1203 4205 om
1222 4132 1324 4212 vlll.
1375 4177 1380 4188 ·

428 4207 566 4322 Capul
599 4209 677 4300 ῙΧ.
1203 4211 1295 4326 Quis
1322 4238 1495 4330 peccavit,
1529 4238 1728 4334 (siquidem
1751 4241 1807 4313 lex
1831 4242 1936 4334 pnnit
1960 4265 2084 4340 pecca·

1100 4332 1227 4434 tores),
1256 4333 1316 4410 bic
1337 4353 1399 4411 aut
1418 4355 1582 4432 parentes
1602 4343 1694 4430 eins,
1718 4357 1759 4416 ut
1781 4367 1904 4415 caecus
1924 4367 2085 4416 nascere·

1100 4439 1181 4511 tur?
1198 4479 1245 4526 e-
1291 4437 1361 4512 Sed
1379 4455 1420 4516 ut
1436 4445 1781 4534 manifestantem„
1807 4445 1832 4518 i.
1847 4470 1876 4518 e.
1891 4445 1971 4518 ideo
1987 4446 2084 4517 eruci

131 4548 224 4641 Qoia
237 4548 296 4620 lex
308 4545 482 4640 promittit
499 4547 593 4618 bona
607 4545 734 4633 bonis,
759 4561 794 4618 et
808 4546 1045 4618 minaturtri-
1097 4539 1314 4632 affigirufl),
1348 4557 1389 4614 nt
1409 4568 1540 4617 nomen
1562 4543 1630 4619 Dei
1650 4547 1687 4618 in
1713 4573 1755 4620 eo
1775 4545 2001 4640 glorificetur.
2032 4587 2083 4606 -

68 4651 129 4724 stie
151 4650 270 4735 melis,
301 4649 392 4720 ratio
406 4647 457 4718 sic
479 4647 629 4740 colligit:
664 4643 723 4718 lric
842 4649 862 4670 ⁹·
895 4674 930 4734 r,
961 4672 1044 4740 ergo
1098 4640 1206 4714 Venit
1234 4667 1327 4729 nox,
1364 4646 1439 4716 scil.
1469 4649 1532 4719 ubi
1560 4673 1634 4720 non
1667 4651 1863 4744 apparebo,
1895 4675 1975 4721 curn
2008 4674 2083 4722 non

69 4767 223 4845 peccator
245 4767 298 4825 est
319 4764 354 4822 et
368 4775 388 4822 a
403 4747 479 4822 Deo
495 4750 661 4837 reiectue;
687 4745 725 4820 hi
910 4767 963 4822 *us
980 4765 1043 4836 eet,
1097 4743 1570 4839 praediceturErsngelinm.
1621 4750 1737 4841 Quam
1754 4753 1907 4824 diusmo
1925 4751 1961 4822 in
1975 4775 2083 4822 mun-

69 4879 143 4947 ergo
172 4856 254 4949 pius
275 4867 346 4938 est,
376 4866 413 4924 et
433 4849 510 4924 Deo
534 4845 675 4926 charus.
928 4867 1043 4926 nostre
1095 4849 1160 4932 do,
1186 4846 1210 4920 i.
1227 4871 1257 4920 c.
1274 4870 1380 4939 quem
1396 4849 1457 4921 diu
1472 4852 1697 4945 praedicatur
1710 4849 1956 4946 Evangelium.
2008 4849 2084 4925 Ge-

68 4961 154 5030 ratio
175 4956 333 5049 sicapud
348 4976 422 5026 cese
443 4954 566 5026 sentit:
593 4950 671 5027 Deo
688 4949 716 5026 el
804 4979 935 5043 anm,
957 4957 1042 5052 quie
1095 4946 1207 5021 nerali
1223 4949 1397 5022 sententia
1414 4953 1571 5047 vindico,
1598 4955 1692 5025 diem
1708 4955 1821 5048 esse')
1835 4951 2083 5050 Evangelium,

67 5059 260 5134 fortunatus
281 5079 378 5144 sum3
403 5055 500 5128 Deus
517 5055 593 5128 odit
608 5079 683 5142 rne,
709 5058 791 5151 qnia
806 5057 942 5148 affligit.
993 5053 1042 5128 E:

66 5183 140 5232 eum
160 5161 256 5232 videt
277 5159 393 5252 palem
414 5157 535 5228 omnia
554 5158 657 5230 malis
681 5159 939 5242 secunduma,
965 5184 1042 5230 me·
1128 5187 1159 5246 1)
1176 5185 1243 5238 ron.
1267 5187 1296 5239 ec
1318 5193 1373 5252 ooo
1397 5186 1441 5238 ete
1464 5183 1582 5255 snare,
1613 5200 1730 5254 operae:
1753 5190 1785 5244 ne
1806 5191 1870 5245 sun
1891 5149 2079 5247 :eneconem

66 5259 167 5334 liores
190 5261 317 5352 affligi,
349 5261 494 5332 damnet
520 5258 693 5332 iudicium
723 5259 809 5347 Dei,
834 5274 939 5350 negat
968 5259 1042 5332 Dei
1125 5254 1405 5392 „mmmm
1424 5257 1566 5321 requiror.

1346 5327 1429 5391 attur
1447 5324 1557 5378 videtur
1574 5325 1753 5380 scribendum
1772 5339 1845 5382 esse.
1897 5356 1901 5369 ι

67 5364 281 5454 providentia
295 5386 351 5436 res
365 5357 539 5436 humanas
553 5360 640 5456 regi.
692 5359 735 5436 ln
749 5356 958 5438 Ecclesiaste
974 5362 1041 5437 Sa-
1124 5393 1156 5456 e)
1175 5393 1242 5448 ruo.
1259 5407 1322 5448 me
1340 5395 1483 5462 oportere.

70 3997 224 4058 mortuus
247 3999 308 4056 est.

275 4387 330 4463 E:
349 4388 572 4490 praeteriens
597 4387 705 4464 Iesus
730 4387 832 4469 vidit.
