4590 5808
247 143 318 214 ost

356 311 459 382 Aliae
476 316 559 378 sunt
574 301 826 398 promissiones
846 300 890 370 de
912 299 1019 371 bouis
1033 302 1242 394 temporali-

255 417 343 501 lms,
375 409 580 482 necessariis
604 407 648 476 ad
672 405 763 474 vitae
787 404 980 494 corporalis
1002 405 1242 504 conservatio,

255 542 349 587 nem.
402 505 618 606 Quanquam
638 507 746 597 igitur
760 501 857 574 Deus
873 505 967 574 bona
985 508 1144 600 corporis
1168 531 1240 576 non

255 619 407 708 largitur
436 630 470 687 et
501 609 682 683 distribuit
717 607 885 676 omnibus
918 610 1131 702 aequaliter,
1169 610 1241 679 imo

255 723 341 793 sinit
356 719 582 812 quosdamex
598 709 737 783 Sanctis
759 722 792 779 et
811 709 954 802 quidem
978 712 1166 803 praecipua
1185 711 1243 780 lu-

255 811 798 900 minaEcclesiae,'utAbelum,
825 807 1021 902 lopathau,
1045 808 1242 884 Iohannem

256 925 476 1016 Baptistam,
502 917 655 990 Paulum
671 927 706 985 et
721 913 853 984 multos
870 915 959 984 alios
972 914 1162 988 crudeliter
1186 915 1244 985 in·

256 1028 379 1116 terlici,
406 1040 524 1095 tamen
540 1043 605 1091 nec
622 1013 690 1088 hae
705 1017 957 1109 promissiones
971 1019 1148 1088 bonorum
1165 1043 1242 1088 cor·

255 1130 430 1222 puralium
446 1139 530 1195 sunt
543 1123 668 1192 inanes
682 1132 744 1190 aut
757 1119 897 1204 irritae,
925 1122 984 1189 sed
1005 1115 1136 1192 babent
1150 1117 1244 1191 hanc

256 1231 472 1302 verissimam
490 1241 523 1298 ct
538 1222 767 1295 certissimam
781 1221 1123 1313 interpretationem,
1146 1224 1243 1317 quod

255 1335 353 1406 Deus
369 1332 473 1403 etiam
491 1330 531 1398 in
547 1322 614 1397 hac
630 1323 806 1416 praesenti
823 1325 894 1394 vita
910 1347 1048 1416 semper
1063 1325 1148 1396 velit
1170 1325 1244 1396 col-

255 1437 365 1526 ligere
379 1449 413 1506 et
428 1451 639 1503 conservare
650 1423 863 1512 Ecclesiam,
895 1427 1047 1520 ideo'que
1070 1451 1133 1498 suo
1159 1450 1245 1496 con-

258 1541 337 1610 silio
353 1537 492 1608 assidue
511 1532 597 1603 velit
620 1530 653 1598 ei
670 1531 755 1598 dare
769 1529 864 1600 bona
881 1531 1022 1620 corpori
1038 1530 1246 1616 necessaria,

159 1691 164 1696 -
214 1663 219 1676 ·
257 1643 316 1711 sed
335 1663 414 1710 cum
431 1636 648 1717 conditione,
673 1645 715 1703 ut
729 1630 839 1724 aliqui
854 1631 1051 1722 puniantur
1065 1655 1126 1702 seu
1141 1633 1245 1703 casti-

258 1757 397 1834 gentur.
448 1737 509 1820 Sic
524 1734 641 1808 David
665 1756 775 1826 regno
801 1733 924 1824 pulsus
947 1734 1088 1804 eiicitur
1111 1733 1150 1802 in
1172 1734 1246 1804 exi-

258 1848 358 1916 lium.
427 1841 517 1911 ltem
545 1863 590 1908 ne
622 1860 708 1906 crux
738 1835 898 1916 tollatur,
939 1837 998 1906 sed
1027 1849 1067 1907 ut
1088 1831 1247 1906 Ecclesia

150 1961 153 1970 '
258 1957 458 2025 exerceatur
472 1938 650 2013 aerumnis
666 1952 699 2008 et
714 1936 980 2009 afflictionibus.
1027 1935 1175 2009 Interim
1192 1951 1247 2008 ta-

257 2075 339 2119 men
356 2047 434 2118 vult
449 2042 610 2132 mitigare
624 2040 729 2112 nobis
750 2053 785 2110 et
806 2063 939 2132 poenas
962 2064 1023 2110 seu
1047 2040 1247 2130 castigatio-

256 2173 338 2233 nes,
365 2162 400 2221 et
415 2145 580 2218 exercitia
595 2167 654 2213 seu
673 2165 812 2213 crucem
820 2193 833 2226 ,
859 2141 1044 2234 agentibus
1062 2143 1247 2236 poeniten-

258 2255 345 2326 tiam
363 2266 395 2323 et
411 2247 663 2320 invocantibus
679 2245 808 2337 ipsum.

359 2404 419 2476 Sic
434 2401 620 2475 confirmat
636 2398 709 2489 ipse
725 2394 866 2466 Psalmo
883 2392 963 2470 50.:
992 2394 1122 2467 invoca
1138 2421 1195 2466 me
1209 2397 1248 2466 in

259 2509 316 2578 die
333 2502 592 2588 tribulationis,
618 2513 653 2571 et
665 2498 813 2590 eripiam
830 2511 877 2587 te,
902 2512 938 2570 et
951 2498 1165 2589 glorificabis
1183 2525 1248 2572 me.

260 2608 348 2680 ltem
365 2605 490 2678 Esaiae
509 2607 562 2680 1.:
603 2599 882 2686 Convertimini,
917 2601 946 2670 si
970 2614 1109 2688 peccata
1135 2614 1248 2673 vestra

259 2710 393 2782 fuerint
410 2721 450 2781 ut
470 2707 654 2779 coccinum
678 2717 712 2775 et
733 2717 773 2773 ut
796 2702 1026 2790 vermiculus,
1051 2705 1149 2774 eritis
1165 2727 1249 2774 can-

260 2813 335 2882 didi
351 2813 441 2883 sicut
457 2811 531 2886 nix.
581 2806 661 2880 Hoc
677 2818 747 2891 est,
772 2817 889 2874 reatus
912 2817 945 2874 et
958 2806 1166 2896 magnitudo
1183 2806 1249 2875 tri-

260 2916 494 2986 stissimarum
514 2935 574 2982 seu
594 2909 806 3000 tragicorum
828 2930 1027 3001 poenarum
1050 2908 1196 2980 tolletur
1217 2923 1249 2979 et

843 127 968 205 PHllr.
995 125 1112 207 MllL.
1141 127 1353 204 SCRIPTA
1381 127 1685 206 EXEGETICA.

2204 133 2272 206 tsc

1295 327 1422 394 magna
1438 305 1636 400 frequentia
1658 317 1694 376 et
1710 303 1889 396 confugite
1904 305 1947 374 ad
1963 277 2099 392 Deum,
2130 316 2165 376 et
2179 304 2275 376 facies

1290 422 1428 479 vestrae
1446 431 1520 479 nun
1537 405 1813 480 confundentur.

1395 506 1461 579 Dei
1479 509 1645 579 voluntas
1660 523 1730 591 est,
1755 523 1804 580 ut'
1817 532 1885 580 nos
1908 505 2072 580 homines
2093 509 2275 605 diligenter

1279 624 1328 682 ‚et
1350 613 1449 682 iusto
1479 613 1607 683 ordine
1634 624 1851 702 praestemus
1871 635 1912 682 ac
1933 633 2120 703 urgeamus
2141 609 2275 682 labores

1294 714 1491 806 vocationis
1513 713 1694 806 proprios,
1721 713 1885 785 ordinate
1907 737 2119 809 quaeramus
2139 715 2276 795 victum,

1295 817 1536 887 defensionem
1551 829 1585 888 et
1600 818 1693 886 vitae
1705 816 1900 909 praesidia,
1925 831 2159 888 veruntamen
2171 831 2212 888 ut
2226 817 2277 884 iu·

1295 920 1398 988 terim
1414 920 1565 990 sciamus
1587 918 1725 988 labores
1742 912 1918 990 humanus
1939 919 2041 990 nullo
2062 921 2171 990 modo
2189 918 2277 988 suffi-

1295 1045 1396 1107 cere,
1421 1023 1482 1092 sed
1504 1011 1666 1112 oportere
1683 1016 1752 1089 Dei
1772 1020 1944 1092 auxilium
1964 1035 2000 1093 et
2024 1021 2199 1091 efficacem
2222 1023 2277 1090 be·

1296 1124 1536 1194 nedictionem
1567 1124 1742 1194 accedere.
1807 1121 1931 1216 ltaque
1959 1147 2098 1216 semper
2119 1123 2180 1196 fiat
2201 1147 2276 1193 con·

1296 1227 1431 1296 iunctio
1456 1225 1692 1296 invocationis
1712 1237 1746 1296 et
1767 1224 1913 1299 laboris.
1979 1223 2071 1296 Nam
2102 1229 2276 1318 propterea

1295 1327 1392 1399 Deus
1406 1328 1546 1398 addidit
1560 1323 1755 1418 Evangelio
1772 1326 2024 1418 promissiones
2039 1327 2236 1398 uberrimas
2249 1341 2276 1396 et

1297 1431 1539 1522 amplissimas
1552 1431 1596 1499 de
1620 1431 1727 1500 rebus
1747 1429 2024 1522 temporalibus,
2050 1442 2085 1500 et
2102 1430 2277 1520 pollicetur

1298 1557 1333 1602 se
1349 1533 1454 1602 nobis
1477 1533 1516 1601 iu
1536 1531 1782 1624 corporalibus
1804 1555 1947 1626 quoque
1967 1531 2232 1603 necessitatibus
2250 1545 2277 1601 et

1298 1635 1466 1727 periculis
1481 1633 1740 1724 opitulaturum
1756 1655 1841 1708 esse.
1883 1630 1985 1722 Quae
2001 1633 2150 1726 quidem
2167 1634 2275 1703 divina

1298 1736 1441 1806 oracula
1459 1737 1657 1830 nequaqam
1675 1730 1870 1806 habeamus
1887 1759 1951 1828 pro
1966 1736 2137 1808 inanibus
2157 1750 2191 1807 et
2211 1736 2277 1804 ani·

1298 1841 1393 1910 libus
1408 1838 1568 1920 fabellis,
1595 1839 1656 1907 sed
1672 1861 1754 1907 vere
1766 1833 2083 1908 statuamusDeum
2099 1860 2173 1908 esse
2189 1860 2277 1908 vera-

1299 1955 1393 2021 cem,
1418 1954 1453 2012 et
1470 1939 1561 2010 velle
1576 1940 1681 2010 nobis
1695 1964 1797 2031 opem
1812 1940 1905 2009 ferre
1922 1939 2019 2009 iuxta
2034 1961 2116 2022 suas
2136 1939 2276 2034 promis-

1299 2045 1427 2115 siones.
1479 2040 1578 2132 Quin
1591 2056 1625 2112 et
1640 2041 1751 2134 ipsius
1767 2040 2001 2135 experientiae
2019 2065 2061 2112 ac
2082 2055 2275 2114 eventomm

1300 2145 1503 2218 testimonio
1529 2144 1794 2228 convincimur,
1835 2141 1953 2216 Deum
1983 2138 2060 2238 (cui
2092 2145 2139 2216 sit
2168 2145 2275 2236 gratia,

1299 2249 1376 2319 laus
1392 2260 1425 2319 et
1441 2245 1553 2336 gloria
1568 2269 1631 2338 per
1643 2246 1758 2316 secula
1774 2245 1988 2337 sempiterna
2002 2259 2036 2317 et
2054 2243 2209 2343 infinita)
2228 2259 2275 2318 to·

1299 2351 1365 2422 ties
1380 2371 1447 2418 uos
1462 2348 1558 2442 ipsos
1573 2349 1764 2419 clementer
1783 2347 1978 2433 adiuvisse,
2017 2349 2144 2420 texisse
2166 2373 2204 2418 ac
2223 2351 2275 2417 de-

1300 2453 1454 2522 fendisse
1475 2465 1654 2521 versantes
1675 2449 1715 2518 in
1738 2450 1846 2521 tantis
1868 2449 2055 2541 periculis,
2098 2466 2139 2523 ut
2160 2448 2274 2520 iniecto

1301 2569 1435 2626 terrore
1466 2553 1598 2643 singuli
1627 2552 1952 2646 pertimesceremus
1978 2554 2102 2625 omnia
2131 2553 2275 2624 funditus

1301 2655 1490 2726 interitura
1508 2678 1601 2742 esse,
1632 2652 1720 2748 quin
1737 2650 1828 2725 banc
1841 2655 1953 2746 ipsam
1971 2656 2019 2725 ob
2035 2679 2174 2727 causam
2190 2653 2274 2724 Deus

1301 2757 1450 2831 tradidit
1468 2756 1720 2848 promissiones
1745 2758 1788 2827 de
1811 2756 1989 2850 corporali
2010 2759 2165 2844 auxilio,
2202 2755 2274 2850 quia

1301 2861 1379 2932 vult
1397 2883 1635 2930 nosexercere
1652 2859 1756 2928 fidem
1772 2881 1812 2928 ac
1835 2858 2099 2930 invocationem
2124 2859 2220 2930 etiam
2241 2858 2274 2925 in

1301 2962 1510 3058 quotidiana
1528 2961 1743 3047 necessitate,
1769 2973 1803 3031 et
1818 2960 2012 3052 corporalis
2026 2963 2152 3034 auxilii
2167 2983 2274 3052 exspe-

1302 3065 1473 3145 ctatione,
1499 3065 1595 3134 iuxta
1611 3086 1753 3133 versum
1770 3061 1904 3133 Psalmi
1919 3059 1999 3138 50.:
2033 3063 2162 3136 luvoca
2179 3087 2230 3132 me
2243 3063 2272 3130 iu

359 3165 438 3239 Etsi
463 3165 572 3255 igitur
593 3160 758 3235 homines
788 3163 930 3256 profani
959 3176 996 3232 et
1020 3161 1135 3233 Deum
1159 3188 1249 3264 con·
1301 3168 1359 3238 die
1377 3166 1619 3239 tribulationis
1633 3178 1736 3254 tuae,
1764 3178 1798 3235 et
1816 3164 1964 3256 eripiam
1983 3178 2039 3251 te,
2066 3180 2100 3236 et
2115 3166 2274 3257 glorifica·

260 3285 456 3364 temnentes
479 3266 639 3338 iudicant
662 3263 724 3338 has
743 3265 1013 3358 promissiones,
1041 3267 1084 3334 de
1107 3259 1251 3351 auxilio,
1301 3271 1357 3340 bis
1374 3292 1440 3342 me.
1476 3265 1618 3340 Etenim
1633 3267 1663 3336 si
1680 3267 1760 3360 quis
1775 3290 1849 3337 non
1870 3268 1974 3339 discit
1994 3269 2161 3340 invocare
2173 3267 2273 3338 Deum

260 3377 298 3445 iu
314 3370 587 3457 afflictionibus,
614 3369 800 3462 periculis,
826 3381 860 3440 et
881 3367 1149 3438 necessitatibus
1172 3392 1250 3438 cor·
1302 3373 1341 3442 in
1357 3371 1560 3441 necessitate
1577 3369 1753 3460 corporali
1769 3382 1936 3464 tanquam
1952 3370 1991 3439 in
2006 3371 2197 3464 tyrocinio,
2220 3390 2273 3438 uec

260 3475 444 3570 puralibus
474 3497 547 3545 esse
579 3473 704 3543 inanes
727 3472 885 3560 sonitus,
922 3484 1040 3540 tamen
1064 3493 1131 3539 nos
1153 3483 1249 3544 certo
1303 3477 1341 3543 in
1357 3469 1414 3543 his
1431 3473 1528 3542 velut
1541 3472 1579 3540 in
1596 3470 1783 3541 cunabulis
1798 3495 1837 3540 ac
1851 3472 2066 3543 rudimentis
2084 3473 2163 3543 fidei
2176 3471 2272 3540 vulta

260 3579 412 3650 sciamus
438 3573 551 3646 Deum
574 3599 651 3644 non
672 3576 802 3646 frustra
826 3574 1014 3644 tradidisse
1043 3584 1113 3642 tam
1136 3573 1250 3661 largas
1302 3575 1378 3647 Deo
1396 3576 1554 3662 fragmen
1573 3573 1675 3664 panis
1690 3587 1908 3664 exspectare,
1945 3588 2081 3669 quanto
2102 3575 2206 3665 magis
2224 3567 2272 3640 bic

261 3695 295 3753 et
310 3680 431 3750 dulces
447 3677 716 3768 promissiones,
742 3675 863 3768 quales
879 3676 984 3744 etiam
1000 3675 1039 3742 iu
1064 3668 1133 3743 hoc
1153 3688 1251 3745 textu
1301 3678 1413 3769 fugiet
1427 3673 1561 3760 Deum,
1585 3676 1729 3770 quando
1751 3675 1846 3745 salus
1869 3688 2011 3745 aeterna
2039 3691 2072 3747 et
2099 3677 2272 3745 immensus

262 3793 488 3874 repetuntur:
528 3775 691 3849 Primum
723 3775 881 3869 quaerite
912 3797 1061 3866 regnum
1091 3773 1177 3860 Dei,
1218 3789 1252 3848 et
1302 3807 1342 3852 ac
1364 3779 1525 3848 infinitus
1547 3777 1608 3847 ille
1631 3776 1870 3868 spiritualium
1899 3777 2080 3848 bonorum
2107 3773 2273 3850 thesaums

260 3886 359 3957 Deus
375 3896 508 3954 caetera
523 3882 619 3951 buna
633 3879 808 3951 cumulate
832 3877 933 3948 vobis
956 3877 1107 3949 adiiciet.
1166 3875 1250 3949 ldeo
1301 3883 1474 3976 petendus
1491 3893 1523 3948 et
1541 3880 1793 3969 exspectandus
1807 3881 1898 3950 erit?
1924 3878 2046 3967 Quare
2062 3880 2227 3952 discamus
2241 3875 2271 3943 in

261 3990 331 4059 fide
348 4011 405 4058 eas
419 3983 725 4077 apprehendamus
748 3996 781 4052 et
804 3978 1076 4072 amplectamur,
1101 3979 1251 4068 singuli·
1301 3987 1453 4076 utroque
1468 4003 1595 4072 genere
1614 3980 1891 4072 promissionum
1907 3981 1991 4052 fidei
2006 3994 2041 4052 et
2057 3977 2271 4054 invocationis

262 4116 332 4184 que
349 4086 413 4159 bac
429 4087 555 4160 fiducia
573 4085 743 4156 faciamus
759 4083 899 4154 labores
914 4095 1055 4152 nostrae
1073 4082 1251 4154 vocationi
1302 4083 1487 4168 exercitia,
1513 4095 1549 4154 et
1563 4097 1696 4153 crescat
1712 4082 1845 4173 agnitio
1870 4083 2042 4155 bonitatis
2064 4109 2105 4155 ac
2126 4103 2271 4178 praesen·

262 4193 522 4276 convenientes,
539 4201 778 4282 exspectemus
793 4182 897 4257 aDeo
913 4183 1056 4288 victum,
1073 4185 1246 4255 auxilium
1301 4189 1370 4260 tiae
1388 4185 1532 4255 divinae
1548 4184 1654 4256 etiam
1669 4185 1708 4254 in
1723 4187 1896 4277 petendis,
1922 4186 2108 4276 sperandis
2122 4199 2155 4258 et
2169 4206 2270 4275 exspe-

264 4306 298 4364 et
313 4292 575 4374 defensionem,
601 4303 762 4382 petamus
781 4283 868 4358 haec
881 4286 955 4377 ipsa
973 4287 1066 4358 bona
1083 4287 1176 4357 veris
1192 4309 1252 4379 ge·
1302 4288 1439 4362 ctandis
1454 4286 1636 4357 beneficiis
1662 4287 1804 4379 corpori
1828 4287 2044 4358 necessariis.
2103 4286 2176 4359 Has
2191 4309 2270 4356 com-

262 4394 431 4484 mitibus,
457 4408 491 4467 et
513 4383 657 4482 agamus‘
680 4391 711 4460 ei
733 4389 878 4480 gratias,
904 4389 1088 4483 luceatque
1111 4390 1150 4458 in
1173 4415 1252 4459 mo-
1300 4390 1577 4464 monefactiones
1606 4389 1726 4460 iudico
1761 4387 1922 4460 sufficere
1950 4391 1995 4460 ad
2023 4391 2269 4484 explicationem

264 4497 363 4570 ribus
386 4489 516 4565 nostris
543 4492 734 4585 gratitudo.
800 4486 1046 4562 Certissimum
1071 4506 1123 4563 est
1145 4491 1252 4577 enim,
1301 4495 1404 4567 dicti:
1430 4491 1513 4563 Nou
1527 4491 1604 4564 sitis
1616 4491 1746 4564 soliciti
1760 4492 1847 4585 quid
1865 4493 2058 4565 comedatis
2075 4503 2136 4565 aut
2150 4487 2270 4562 bibatis.

265 4594 425 4690 singulos
446 4597 508 4689 qui
531 4591 599 4666 hac
620 4593 690 4664 lide
713 4592 970 4664 exsuscitantur
986 4596 1028 4662 ad
1055 4593 1251 4664 invocatio·
1300 4595 1355 4668 De
1371 4619 1442 4690 quo
1461 4611 1581 4666 tamen
1595 4596 1634 4665 in
1650 4594 1811 4689 sequenti
1827 4593 2002 4667 concione
2015 4596 2118 4690 plura
2134 4595 2270 4666 dicemus

264 4725 368 4786 nem,
394 4711 429 4769 et
452 4699 743 4788 exspectationem
766 4693 881 4766 divini
903 4694 1047 4781 auxilii,
1072 4709 1107 4766 et
1122 4695 1252 4786 gratia·
1301 4689 1380 4772 De'u
1397 4699 1553 4768 iuvante.

265 4829 345 4878 rum
369 4801 560 4883 actionem,
585 4823 624 4870 re
640 4801 715 4890 ipsa
732 4796 880 4889 experiri
896 4793 961 4866 Dei
981 4797 1164 4880 beneficia,
1191 4799 1254 4868 de-
1406 4793 1573 4870 Primum
1586 4796 1752 4897 qaeuerite
1767 4821 1920 4894 regnum
1928 4795 2024 4880 Dei,
2054 4807 2086 4868 et
2106 4791 2268 4872 iustitiam

265 4908 481 4982 fensiouem,
505 4922 608 4994 opem
623 4916 658 4972 et
673 4899 932 4972 liberationem.
974 4895 1162 4970 Haecsine
1179 4899 1253 4970 ulla
1303 4901 1398 4988 eius,
1425 4911 1456 4972 et
1472 4897 1704 4973 haecomnia
1720 4896 1942 4973 adlicientur
1959 4899 2070 4976 vobis.
2102 4895 2188 4972 Non
2199 4889 2269 4965 sitis

268 5007 490 5081 dubitatione
516 5015 600 5074 sunt
619 5001 819 5085 verissima,
861 5000 951 5070 sicut
979 5002 1251 5093 applicationem
1302 5001 1443 5075 soliciti
1473 4998 1516 5075 de
1548 5002 1729 5090 crastino,
1778 5028 1867 5073 nom
1899 4991 2186 5075 crastinus'dias
2214 4989 2268 5064 erit

269 5111 509 5201 exemplorum
540 5101 708 5199 proponit
738 5099 871 5174 Psalm.
892 5099 974 5176 bb:
1021 5102 1091 5175 lste
1120 5129 1254 5198 pauper
1304 5103 1472 5178 solicitus
1486 5129 1555 5202 pro
1569 5102 1664 5191 sese,
1686 5099 1829 5205 sufficit
1844 5102 1921 5179 diei
1933 5105 2093 5206 afflictio
2106 5125 2183 5173 suo.

269 5210 434 5280 clamavit
451 5224 485 5281 et
501 5205 677 5280 Dominus
692 5205 872 5278 exaudivit
887 5229 985 5290 eum,
1017 5217 1052 5276 et
1073 5230 1113 5277 ex
1136 5207 1254 5278 omni·
1406 5208 1572 5279 Proxime
1584 5209 1781 5290 audivistis,
1801 5225 1837 5282 et
1848 5209 1989 5281 assidue
2001 5206 2193 5279 meminisse
2205 5221 2266 5268 cre·

269 5315 337 5384 bus
360 5309 652 5384 tribulationibus
680 5309 755 5382 eius
775 5307 924 5380 salvavit
946 5329 1047 5396 eum,
1083 5309 1255 5381 accurrite
1306 5313 1444 5407 broque
1472 5309 1638 5384 meditari
1661 5312 1815 5400 debetis,
1854 5314 1952 5407 quod
1977 5313 2047 5382 duo
2070 5308 2139 5378 sint
2159 5317 2265 5396 genem

260 3020 440 3088 auferetur
456 3040 475 3084 a
492 3013 606 3088 vobis.
