4620 5814
169 2222 173 2230 „
280 2148 403 2221 nocet,
437 2131 564 2203 excitat
595 2131 838 2203 crudelitatem
868 2130 1038 2200 adversus
1068 2123 1274 2210 Ecclesiam,

168 2411 171 2416 .
281 2342 383 2413 viant
407 2339 446 2406 in
471 2336 698 2419 innocentes,
727 2346 770 2404 ut
793 2343 959 2402 moveant
981 2355 1055 2402 non
1078 2330 1273 2400 necessaria

273 235 350 314 527
844 203 1379 304 'riarnuanscnnra
1405 225 1708 307 amoenos.
2218 239 2289 316 sas·

162 437 167 452 ²
276 410 384 492 mias,
418 418 453 476 et
477 404 603 486 elficit,
628 415 668 476 ut
690 395 756 472 hae
778 412 1036 492 propagentur,
1062 399 1153 482 sicut
1174 397 1269 469 Pau·
1419 398 1559 472 Deinde
1585 416 1673 499 sunt
1704 403 1865 474 custodes
1896 399 2085 476 Ecclesiae.
2145 405 2282 480 Primum

274 515 331 583 lus
370 506 506 602 inquit:
555 503 672 576 Tenet
709 502 866 593 captivas
899 515 1035 573 mentes
1069 495 1268 571 hominum.
1320 503 1520 596 impediunt
1534 518 1719 598 tyrannos,
1744 515 1778 574 et
1793 505 1943 578 consilia
1958 508 2202 604 persecutionis
2214 535 2283 580 con-

277 613 367 683 lnde
385 632 517 679 nomen
533 599 640 678 habet
657 602 809 690 diaboli,
834 601 918 696 quia
936 603 1269 708 calumniaturver-
1320 620 1374 676 tra
1396 601 1611 686 Ecclesiam,
1645 607 1736 678 sicut
1764 619 1939 678 testantur
1970 607 2100 678 multae
2126 605 2283 694 historiae,

275 717 364 806 bum
384 709 471 796 Dei,
499 722 534 779 et
562 708 646 778 serit
670 705 800 798 impias
824 703 1022 796 opiniones.
1074 702 1176 775 Sicut
1197 717 1269 773 sta·
1319 703 1483 780 Elisaeus
1503 703 1651 802 inquit,
1685 709 1806 799 plures
1838 722 1922 780 sunt
1953 709 2148 784 nobiscum,
2204 711 2283 782 {dem

276 818 342 888 tim
358 813 465 883 initio
480 806 696 901 apudEvam
713 807 950 879 calumniatus
960 820 1017 877 est
1030 807 1176 875 verbum
1186 805 1271 890 Dei,
1321 823 1468 880 testatur
1498 804 1645 881 historia
1668 805 1855 880 Ezechiae.
1905 808 1994 879 Item
2024 813 2165 902 angelus
2187 815 2284 884 educit

278 932 312 989 et
329 913 531 987 extenuavit
547 909 623 981 eius
639 911 885 997 autoritatem,
910 922 945 978 et
959 907 1088 978 exemit
1102 905 1198 978 Evae
1214 931 1268 976 re·
1320 909 1465 982 Petrum
1482 934 1688 984 excercere.
1739 909 1827 984 Item
1843 912 2039 982 defendunt
2055 937 2168 1002 pacem
2186 915 2284 998 pobli-

277 1017 472 1089 verentiam
504 1037 585 1103 erga
616 1013 765 1083 verbum
793 1007 874 1080 Dei.
924 1005 1065 1081 Excitat
1094 1009 1202 1100 igitur
1231 1008 1270 1078 in
1321 1037 1419 1098 cam,
1443 1013 1645 1102 impediunt
1659 1013 1807 1084 consilia
1824 1037 1964 1096 eorum,
1989 1015 2050 1105 qui
2063 1036 2197 1082 movere
2210 1015 2283 1084 bella

277 1117 454 1202 Ecclesia,
479 1129 513 1186 et
530 1127 633 1203 auget
646 1114 734 1183 salsa
749 1114 913 1202 dogmata
933 1125 967 1182 et
981 1107 1155 1181 haereses.
1322 1127 1516 1196 conantur,
1537 1116 1629 1185 sicut
1645 1115 1738 1206 apud
1748 1115 1935 1186 Danielem
1953 1115 2098 1205 angelus
2113 1114 2235 1208 inquit,
2257 1139 2284 1182 se

379 1219 520 1291 Deinde
547 1211 726 1285 homicida
744 1227 815 1298 est,
840 1213 878 1283 id
896 1225 964 1297 est,
989 1209 1271 1284 moliturhomi·
1322 1237 1562 1308 propugnasse
1592 1239 1712 1306 regem
1739 1216 1941 1290 Persarum.
2003 1215 2090 1285 ltem
2118 1217 2205 1306 apud
2227 1211 2284 1284 Da-

279 1325 406 1396 nibus:
430 1320 513 1414 quia
536 1318 632 1388 enim
649 1339 788 1390 summa
809 1329 861 1385 est
882 1315 1055 1386 acerbitas
1070 1315 1146 1385 odii
1161 1313 1271 1405 ipsius
1322 1319 1451 1388 nielem
1474 1332 1649 1388 vocantur
1664 1317 1788 1406 vigiles
1810 1319 1847 1386 in
1866 1319 2012 1402 arbore,
2036 1341 2126 1410 quae
2139 1317 2284 1404 significat

279 1428 450 1499 adversus
472 1418 611 1502 Deum,
636 1418 718 1489 ideo
744 1430 894 1489 conatur
915 1440 1042 1486 nocere
1062 1411 1271 1486 hominibus
1322 1443 1499 1510 regnum„
1534 1415 1724 1489 Excubant
1739 1419 1848 1510 igitur
1865 1443 1929 1512 pro
1947 1442 2068 1509 regno.

279 1553 319 1600 ac
341 1523 548 1617 praesertim
572 1515 771 1606 Ecclesiae,
801 1533 843 1589 ut
862 1519 998 1609 expleat
1022 1518 1144 1588 odium
1168 1539 1272 1587 suum

279 1632 449 1703 adversus
463 1624 592 1695 Deum.
644 1621 800 1693 Molitur
819 1619 966 1690 exitium
987 1619 1147 1719 privatae
1169 1619 1272 1702 vitae,

279 1731 406 1819 aflligit
431 1724 692 1811 valetudinem,
718 1721 831 1796 inficit
851 1723 989 1806 a‘e'rem,
1013 1721 1139 1791 excitat
1163 1721 1272 1789 malas
1323 1780 1402 1827 cum
1433 1757 1568 1848 inquw
1596 1754 1725 1846 Augen
1749 1781 1872 1827 eorum
1898 1759 2022 1827 videm
2043 1755 2163 1825 faciem
2186 1755 2281 1844 pm

280 1842 521 1922 tempestates,
546 1827 661 1898 adfert
676 1827 830 1910 morbos,
857 1823 1086 1915 pestilentias,
1112 1845 1272 1893 corrum-
1322 1855 1370 1929 E,
1393 1852 1500 1925 huius
1524 1859 1633 1928 officii
1653 1859 1764 1929 multa
1790 1872 1873 1928 sun,
1891 1859 2068 1952 exempla,
2092 1868 2130 1926 m
2144 1857 2178 1922 in
2193 1852 2281 1922 hm

280 1937 334 2057 pit
353 1955 409 2004 res
428 1941 631 2048 nascentes,
664 1926 819 2046 impellit
841 1925 1077 2045 adnllagivtia,
1099 1917 1274 2041 pertrahit
1322 1960 1375 2030 ὼ
1399 1957 1523 2039 lamb,
1556 1959 1710 2045 Tobiae,
1741 1957 1951 2054 Epiphmfi·
2021 1958 2109 2029 [tem
2138 1958 2173 2023 in
2194 1975 2280 2046 pue„

280 2059 320 2108 m
343 2056 451 2128 prava
472 2031 649 2103 sodalrtra.
699 2029 840 2100 Deinde
861 2041 968 2097 etiam
989 2051 1027 2096 m
1043 2038 1115 2095 vita
1129 2025 1274 2118 politica
1322 2058 1484 2155 cygneo,
1499 2075 1546 2132 se,
1561 2063 1683 2132 mum,
1698 2060 1787 2131 ὠὴ·

1412 1552 1598 1624 Privatim
1620 1553 1817 1624 defendunt
1835 1555 1967 1636 vitam,
1994 1555 2085 1623 sicut
2100 1567 2133 1621 ct
2148 1547 2282 1620 Christus

1322 1668 1490 1739 testatur,
1528 1656 1649 1745 pueris
1688 1679 1761 1724 esse
1796 1658 1935 1726 additos
1967 1656 2109 1745 angelos
2139 1654 2281 1730 custodes,

1427 2187 1591 2262 Vicissim
1607 2205 1726 2262 autem
1742 2191 1917 2263 discamus
1933 2193 2023 2284 qnid
2040 2217 2058 2261 a
2075 2190 2174 2259 nobis
2186 2185 2280 2276 requi-

1324 2307 1405 2364 rant
1435 2292 1570 2383 angeli,
1612 2292 1776 2362 videlicet
1805 2293 2069 2384 gratitudinem.
2137 2287 2220 2358 Haec
2242 2299 2280 2352 cst

242 2431 245 2439 ¹
281 2442 391 2514 bella:
433 2435 632 2507 inflammat
660 2435 822 2528 inquieta
848 2432 989 2522 ingenia
1012 2433 1058 2503 ad
1079 2432 1275 2502 movendas
1324 2406 1441 2502 'niem
1463 2419 1545 2464 'm
1570 2395 1767 2489 ssf³¹i²¹¹d⁰r
1790 2410 1831 2466 ¹¹²
1853 2395 2011 2486 3P⁵⁰¹¹¹¹ffl
2035 2389 2279 2465 Vstml‘sslmii‘·

284 2541 494 2618 seditiones,
520 2548 554 2606 et
569 2537 766 2608 turbandae
782 2533 1029 2627 Respublica,
1325 2521 1427 2580 mur,
1452 2492 1521 2568 hoc
1537 2512 1606 2580 est,
1630 2510 1672 2567 ut
1687 2498 1798 2566 simus
1813 2520 1972 2578 veraces,
1997 2499 2034 2568 id
2053 2511 2122 2582 est,
2147 2507 2183 2563 ut
2196 2511 2279 2578 agro

383 2637 541 2712 geom„
576 2640 756 2710 bonorum
793 2637 1001 2728 angelomm
1034 2635 1149 2706 offici,
1180 2645 1273 2704 sum·
1324 2620 1462 2668 scarum
1489 2622 1556 2668 nos
1579 2596 1656 2669 Deo
1688 2623 1793 2668 curae
1820 2621 1911 2682 esse,
1940 2597 2179 2690 Agnoscamus
2199 2588 2278 2660 nobis

284 2745 447 2817 primum
478 2765 620 2813 verm,
648 2753 750 2828 sung,
784 2735 852 2810 hoc
880 2751 950 2824 est,
981 2751 1103 2809 ,mam
1124 2736 1275 2827 gpofim,
1325 2698 1411 2819 tales
1434 2701 1596 2771 custodes
1619 2721 1691 2769 esse
1716 2700 1878 2780 additos,
1901 2716 1934 2770 et
1958 2723 2104 2791 agamus
2127 2693 2202 2764 Deo
2220 2709 2277 2778 gra·

284 2847 371 2932 Dei,
401 2859 438 2917 et
464 2867 583 2914 veram
614 2843 829 2913 doctrinam:
871 2840 952 2911 ideo
982 2851 1194 2931 promovent
1216 2837 1275 2929 pia
1323 2814 1390 2873 ¹¹³⁸
1405 2797 1704 2892 pf⁰h⁰⁰i¹¹3e¹¹²i
1719 2802 1902 2876 benefida

280 2239 407 2311 excitat
434 2247 625 2329 tyrannos,
658 2246 701 2305 ut
733 2232 925 2302 dilacerent
947 2227 1107 2321 Respnb.
1134 2242 1174 2299 ut
1197 2251 1271 2298 sae·

284 2949 423 3032 studia,
449 2958 484 3016 et
506 2945 706 3037 reprimunt
727 2943 929 3027 diabolum,
955 2955 991 3012 et
1012 2942 1142 3032 impios
1156 2962 1275 3010 seren·
1425 2933 1566 3006 Deinde
1590 2936 1797 3026 angelorum
1820 2939 1979 3028 exemplo
2005 2939 2112 3006 simus
2135 2954 2193 3000 nos
2211 2948 2275 3017 qur

283 3075 338 3123 ses
357 3046 448 3120 mala
467 3047 650 3135 dogmata,
674 3045 764 3118 sicut
780 3043 1034 3116 interfecerunt
1048 3036 1273 3113 cerinthum.
1324 3061 1394 3132 qne
1414 3036 1677 3138 φιλόστοργοι,
1703 3052 1958 3128 temperantes,
1983 3039 2068 3109 casti
2089 3051 2148 3104 etc.
2193 3023 2233 3096 Et
2249 3033 2276 3090 ut

286 3151 376 3224 item
400 3161 483 3220 sunt
503 3148 660 3219 ministri
682 3147 725 3217 ad
742 3147 994 3229 revelationes,
1021 3145 1111 3215 sicut
1126 3139 1276 3212 Gabriel
1325 3141 1538 3211 retineamus
1561 3140 1706 3232 angelos
1729 3143 1937 3226 nobiscnm,
1963 3141 2151 3212 invitemus
2165 3153 2215 3202 eos
2229 3147 2275 3192 no

285 3254 439 3325 mittitur
467 3250 512 3320 ad
542 3250 716 3341 virginem
740 3246 906 3322 Mariam.
960 3245 1047 3317 ltcm
1077 3258 1181 3314 orant
1208 3267 1275 3335 pro
1325 3255 1396 3314 stra
1411 3245 1540 3336 pietate
1556 3257 1591 3314 et
1605 3245 1710 3314 bonis
1724 3242 1895 3313 moribus.

286 3351 463 3438 Ecclesia,
487 3352 584 3428 iuxta
601 3353 707 3423 illud:
733 3349 863 3442 Angeli
878 3373 1000 3422 corum
1015 3347 1136 3420 vident
1151 3344 1275 3416 facicm
1744 3361 1832 3434 Fi„
1843 3361 1853 3426 5
1864 3384 1890 3429 g,

289 3452 396 3548 patris
416 3455 485 3525 mei
502 3473 566 3530 etc.
727 3461 734 3480 ‘
