4622 5818
247 151 345 254 „aar

270 343 343 418 est,
369 323 511 398 erudire
532 333 635 392 natos
657 319 702 390 de
717 313 795 388 Deo
816 326 852 387 et
872 315 920 387 ds
939 314 1013 386 filio
1028 311 1127 402 Dei,
1142 327 1178 388 et
1199 328 1255 388 to-

269 448 343 507 tam
366 425 564 499 doctrinam
584 418 771 512 Evangelii
792 418 868 489 eius
882 417 1053 511 paulatim
1071 417 1257 505 instillare,

271 527 543 607 et'assuefaeere
564 547 622 594 eos
642 527 685 594 ad
709 520 972 612 invocationem
988 531 1023 590 et
1038 521 1254 610 agnitionem

270 636 338 708 lilii
369 631 453 706 Dei.
504 627 601 700 llaec
629 624 750 696 omnia
783 614 1029 715 complectitur
1057 617 1255 692 haec'vox:

272 738 388 812 Sinite
412 731 579 826 parvulos
600 727 722 798 venire
739 727 784 795 ad
801 747 869 796 me.
920 721 1003 792 Non
1018 722 1101 794 estis
1116 735 1256 795 tanturn

273 850 454 934 parentes,
484 845 524 904 ut
553 819 713 922 corpora'
728 825 876 912 curetis,
907 823 1098 896 sedetiam
1121 827 1257 895 animas

219 947 228 958 '
272 945 318 1014 ad
343 937 460 1011 Deum
481 935 656 1010 adducere
678 929 824 1001 debetis.
890 923 938 998 Et
960 926 1181 1017 singulorum
1203 927 1257 998 fa-

272 1042 391 1114 miliae
413 1037 544 1108 debent
565 1057 639 1104 esse
652 1046 821 1126 tanquam
836 1027 1030 1100 Ecclesiae
1075 1027 1133 1102 Tu
1149 1041 1259 1120 pater,

273 1161 313 1216 tu
334 1155 463 1225 mater,
489 1136 624 1210 debetis
640 1157 712 1205 esse
727 1147 897 1228 tanquam
912 1143 1068 1222 pastores
1082 1143 1260 1216 natorum,

273 1260 308 1317 et
335 1241 476 1314 erudire
501 1263 581 1324 eos,
611 1250 645 1308 et
669 1236 890 1306 adsuefacere
916 1234 960 1302 ad
982 1232 1259 1307 invocationem.

272 1345 320 1420 Et
341 1346 371 1416 si
386 1367 459 1414 non
476 1342 608 1425 facitis,
632 1338 757 1429 puniet
774 1334 871 1407 Deus
887 1330 980 1404 hanc
995 1329 1260 1428 negligentiam,

172 1479 178 1490 ¹
240 1525 257 1540 Ν
273 1451 363 1521 sicut
377 1445 518 1540 punivit
530 1439 590 1514 Eli
605 1465 680 1512 nou
697 1439 923 1528 castigantem
942 1435 1045 1512 filios.

633 1641 772 1704 Quarta
795 1648 892 1704 pars.

376 1749 584 1826 Consolatio
601 1770 665 1838 pro
680 1744 901 1828 iunioribus,
926 1755 961 1814 et
975 1735 1196 1826 adhortatio,
1220 1753 1263 1814 ut

272 1859 341 1934 Dei
363 1858 456 1927 dona
478 1861 697 1922 conservent.
748 1843 907 1935 Cogitate
933 1867 1084 1937 quaeso,
1118 1843 1261 1939 quando

275 1962 357 2034 estis
379 1961 418 2029 in
438 1951 610 2026 cubiculis
630 1948 756 2020 vestris
777 1971 856 2018 cum
874 1947 992 2037 parvis
1009 1945 1121 2031 natis,
1147 1968 1262 2038 quan-

274 2077 352 2136 tum
374 2061 509 2130 bonum
529 2050 598 2125 hoc
620 2051 683 2138 sit,
710 2053 805 2144 quod
828 2047 924 2120 scitis
946 2044 1013 2118 hos
1036 2049 1204 2140 parvulos
1221 2070 1262 2116 ex

163 2173 189 2242 J
259 2163 378 2244 ¹vobis
403 2173 526 2242 natos,
559 2168 713 2224 vestrum
747 2151 978 2242 sanguinem,
1010 2150 1148 2242 placere
1172 2145 1263 2233 Deo,

274 2289 348 2336 esse
363 2263 456 2334 cives
471 2258 568 2348 regni
583 2254 760 2340 coelestis,
772 2253 968 2358 ‘custodiri'
982 2275 1042 2321 eos
1056 2275 1076 2321 a
1094 2251 1169 2321 filio
1183 2249 1263 2335 Dei,

276 2383 311 2440 et
340 2367 386 2436 ab
408 2346 555 2452 Angelis
587 2355 736 2442 sanctis,
768 2367 803 2425 et
831 2365 976 2450 propter
997 2374 1057 2423 eos
1078 2353 1262 2423 vobiscum

274 2467 430 2559 Angelos
445 2458 617 2533 habitare.
635 2525 636 2528 ,
1208 2555 1216 2573 .

378 2565 523 2639 Diaboli
540 2559 757 2632 insidiantur
770 2557 820 2628 eis
832 2552 1065 2642 horribiliter,
1090 2557 1151 2626 sed
1166 2555 1261 2626 tilius

274 2673 346 2747 Dei
368 2668 520 2763 protegit
541 2689 603 2736 sua
621 2664 798 2748 membra,
824 2660 914 2730 sicut
931 2660 1035 2729 ctiam
1052 2658 1154 2728 dicit:
1181 2657 1261 2727 An·

275 2775 345 2866 geli
375 2793 496 2842 eorum
521 2768 644 2836 vident
666 2763 790 2833 faciem
814 2761 940 2834 Patris.
1004 2757 1077 2851 lpsi
1100 2771 1261 2850 parentes

186 2905 189 2915 ·
274 2879 446 2946 fatentur:
481 2884 552 2941 tam
581 2866 694 2936 multa
725 2887 798 2934 esse
825 2875 992 2935 natorum
1014 2861 1189 2951 pericula,
1221 2873 1262 2931 ut

275 2978 377 3051 nulla
400 2971 583 3061 diligentia
607 2962 763 3037 humana
784 2965 960 3042 sufficeret
977 2965 1020 3034 ad
1040 2987 1100 3034 eos
1115 2986 1262 3033 servan·-

276 3081 359 3163 dos,
384 3075 456 3145 nisi
475 3069 585 3142 aDeo
608 3069 880 3142 custodirentur.
933 3062 1030 3135 llaec
1046 3089 1148 3156 saepe
1165 3065 1260 3179 eogi-

275 3184 383 3251 tanda
406 3189 504 3254 sunt,
535 3186 571 3243 et
591 3171 752 3242 addenda
774 3167 951 3262 precatio,
978 3179 1012 3236 et
1035 3165 1111 3237 Deo
1135 3167 1261 3256 gratis·

276 3283 364 3352 sima
388 3293 439 3350 est
463 3277 524 3346 illa
546 3274 723 3344 invocatio
745 3284 825 3343 tuae
848 3269 1059 3340 domesticae
1075 3264 1262 3352 Ecclesiae,

277 3397 463 3475 parentum
479 3379 627 3465 gemitus
643 3389 677 3446 et
691 3399 759 3444 vor
774 3373 963 3444 coniuncta
977 3393 1057 3440 cnm
1075 3395 1160 3440 voce
1172 3394 1260 3461 pue-

275 3507 413 3556 rorum.
464 3476 512 3549 Et
536 3480 575 3547 in
599 3477 757 3571 quolibet
780 3474 952 3545 cubiculo¹
963 3472 1071 3542 scribi
1086 3474 1261 3542 debebant

276 3582 364 3657 haec
380 3584 490 3654 dicta:
518 3579 664 3649 Talium
679 3589 731 3646 est
746 3597 894 3665 regnum
911 3575 1101 3662 coelorum.
1153 3573 1260 3645 ltem:

275 3687 359 3758 Non
385 3700 435 3755 est
457 3682 625 3753 voluntas
639 3677 772 3763 Patris,
798 3689 838 3748 ut
859 3689 978 3769 percat
1000 3700 1093 3746 unus
1114 3677 1157 3745 de
1181 3700 1263 3772 par-

275 3791 370 3862 vulis
386 3785 473 3858 istis.

292 3917 295 3924 Ι
404 3965 407 3972 ’
524 3970 576 4024 ιιι
605 3965 771 4020 iuniores
798 3961 1015 4017 adhortatio.

379 4075 450 4170 Sed
474 4093 594 4166 audite
614 4114 677 4162 vos
694 4091 873 4173 iuniores,
899 4111 972 4157 non
989 4086 1117 4157 sufficit
1137 4111 1264 4177 paren.

866 91 1135 258 ramum.
1162 139 1374 221 smum
1392 142 1703 248 ‚munaum
1741 175 1746 186 =

1309 315 1550 412 gratiarnm,
1576 335 1610 394 et
1636 321 1817 396 accendite
1838 321 2099 402 invocationem
2122 329 2161 404 in
2183 337 2280 408 cordi·

1310 425 1377 494 bus
1394 424 1541 510 vestris,
1567 437 1601 495 et
1616 447 1737 496 curam
1756 427 1936 500 retinendi
1952 432 2045 503 dona
2060 431 2138 510 Dei.

1410 521 1687 624 Item-inculcata
1708 529 1812 600 vobis
1836 545 1871 602 et
1893 525 1967 603 hoc
1987 535 2141 608 dictum:
2165 535 2221 610 Ex
2234 565 2280 610 ore

1311 623 1504 696 infantium
1518 643 1552 698 et
1574 629 1781 700 lactentium
1804 633 1980 723 perfecisti
2003 637 2157 715 laudem.
2204 639 2281 714 Deus

1310 727 1389 798 vult
1401 750 1422 798 a
1436 729 1538 799 vobis
1554 732 1696 820 agnosci
1711 744 1746 801 et
1759 732 1931 805 invocari.

1362 871 1418 946 Et
1433 899 1505 948 ecce
1523 901 1620 949 unus
1635 874 1808 954 accedens
1824 881 1880 954 oit
1897 879 1961 954 iiii
1968 913 1976 954 :
2000 881 2191 984 Magister
2202 887 2282 978 hone,

1412 975 1507 1077 quid
1517 976 1765 1080 bonifacium
1777 1034 1793 1070 ,,
1816 993 1855 1055 ut
1878 979 2038 1058 habeam
2055 989 2170 1062 vitum
2187 1003 2281 1064 aeter-

1416 1105 1506 1150 nam
1533 1090 1596 1156 etc.

1420 1231 1465 1307 In
1495 1231 1562 1308 hac
1592 1231 1743 1312 historia
1774 1240 1962 1336 multiplex
1991 1246 2155 1320 doctrina
2191 1251 2284 1323 couti?

1313 1348 1430 1411 netur.

1415 1436 1559 1510 Primus
1579 1442 1748 1514 articulus
1774 1457 1827 1516 est
1850 1442 2078 1539 reprehensio
2095 1445 2284 1546 hypocrisis,

1314 1564 1394 1611 cum
1407 1535 1573 1614 Christus
1587 1544 1690 1616 dicit:
1718 1539 1838 1634 Quare
1853 1571 1910 1618 me
1923 1575 2025 1621 vocas
2041 1553 2201 1625 bonum?
2223 1549 2284 1628 Etsi

1315 1643 1411 1711 enim
1436 1667 1560 1714 verum
1585 1644 1725 1716 dicebat
1748 1647 1833 1731 iste,
1872 1663 1989 1722 tamen
2014 1656 2194 1747 quianon
2217 1683 2281 1726 vero

1314 1745 1420 1814 corde
1436 1739 1596 1832 dicebat,
1618 1743 1903 1844 reprehenditur.
1935 1749 2019 1824 Non
2034 1757 2130 1826 enirn
2150 1759 2281 1829 interro·

1314 1858 1388 1936 gat,
1415 1859 1455 1918 ut
1469 1847 1707 1940 obtemperet,
1734 1852 1793 1920 scd
1812 1853 1929 1924 statim
1947 1879 2067 1930 rursus
2084 1858 2239 1945 discedit,
2259 1875 2284 1930 et

1314 1971 1389 2016 non
1405 1949 1538 2020 iudicat
1557 1971 1629 2020 esse
1652 1953 1788 2023 bonum
1810 1955 2037 2044 magistrum,
2063 1960 2148 2053 quia
2172 1964 2284 2034 doctri«

1315 2073 1397 2119 nam
1415 2051 1490 2120 eius
1513 2075 1594 2122 mox
1610 2054 1751 2128 deserit.
1801 2051 1969 2149 Requirit
1990 2074 2106 2131 autern
2124 2059 2219 2134 Deus
2237 2089 2284 2133 ve-

1313 2152 1453 2224 ritatem
1470 2154 1607 2239 cordis,
1632 2168 1668 2227 et
1691 2181 1767 2226 non
1788 2157 1867 2227 vult
1889 2158 2048 2230 invocari
2069 2163 2162 2234 falso
2187 2169 2284 2256 corde,

1314 2253 1567 2326 etiamstverae
1581 2256 1703 2326 laudes
1721 2259 1753 2327 ei
1772 2258 1994 2347 tribuantur,
2019 2263 2110 2335 sicut
2134 2270 2284 2362 scriptum

1313 2370 1381 2426 est:
1409 2352 1544 2445 Diligas
1560 2356 1753 2429 Dominum
1769 2358 1884 2432 Deum
1905 2386 1946 2432 cx
1963 2377 2038 2434 toto
2056 2370 2176 2440 corde.

1414 2455 1600 2529 Secundus
1622 2460 1793 2532 articulus
1805 2463 1852 2532 de
1868 2463 1981 2536 dicto:
2008 2465 2049 2537 Si
2066 2468 2121 2538 vis
2138 2471 2178 2540 in
2194 2471 2284 2542 vitant

1315 2557 1476 2652 ingredi,
1502 2583 1601 2632 serva
1617 2563 1796 2651 mandata.
2128 2625 2133 2634 .

1416 2657 1554 2731 Multae
1582 2663 1838 2753 disputationes
1861 2666 1905 2736 de
1934 2660 2003 2738 hoc
2027 2671 2123 2742 dicto
2153 2675 2284 2746 traditae

1312 2774 1416 2847 sunt,
1443 2775 1477 2832 et
1493 2760 1667 2833 Monachi
1681 2767 1765 2835 inde
1781 2781 2028 2842 exstruxerunt
2040 2766 2136 2844 hanc
2150 2771 2284 2868 phanta·

1312 2865 1416 2950 siam,
1449 2867 1547 2957 quod
1570 2859 1733 2936 homines
1761 2871 1897 2960 possint
1917 2872 1985 2961 legi
2004 2872 2070 2944 Dei
2091 2879 2284 2960 satisfacere,

1313 2979 1346 3036 et
1367 2968 1463 3060 quod
1485 2981 1631 3058 propter
1660 2969 1902 3060 impletionem
1931 2973 2018 3063 legis
2039 2971 2203 3049 homines
2229 2979 2284 3048 sal-

1312 3082 1454 3140 ventur.
1496 3067 1566 3139 Sed
1582 3072 1868 3164 quandocunque
1885 3074 1923 3143 lit
1937 3078 2069 3147 mentio
2086 3078 2175 3170 legis
2185 3107 2198 3161 ‚¹
2219 3099 2284 3170 moa

1312 3169 1526 3240 intuendum
1544 3184 1596 3241 est
1611 3172 1746 3242 dietum
1763 3170 1884 3243 Pauli:
1914 3173 2014 3248 Finis
2030 3179 2116 3269 legis
2132 3197 2184 3253 est
2197 3179 2284 3260 Chri,

1312 3285 1404 3357 stus,
1437 3273 1569 3352 idest,
1603 3273 1679 3343 sine
1701 3275 1884 3368 agnitione
1913 3275 1980 3348 filii
2006 3280 2088 3368 Dei,
2123 3283 2284 3379 nequcht

1312 3373 1389 3454 lex,
1411 3397 1526 3466 neque
1542 3376 1695 3465 prodest.
1746 3377 1817 3447 Sed
1839 3378 1894 3448 lex
1914 3395 1965 3450 est
1987 3383 2085 3467 data,
2099 3400 2155 3480 ¹,ut
2181 3409 2284 3488 peccas]

1312 3487 1388 3546 tum
1404 3476 1508 3545 nobis
1523 3478 1707 3561 ostendat,
1732 3493 1766 3550 et
1788 3477 1961 3569 significet
1984 3480 2153 3555 Messium
2177 3497 2284 3558 ventui

1312 3601 1412 3658 rum,
1439 3590 1479 3646 ut
1501 3578 1603 3647 tollat
1618 3592 1816 3668 peecatum,
1847 3596 1883 3652 et
1906 3607 1987 3653 vere
2008 3586 2197 3660 satisfaciat
2222 3589 2284 3676 legi,

1313 3693 1347 3749 et
1368 3679 1406 3748 in
1423 3679 1528 3749 nobis
1553 3703 1628 3748 eam
1653 3683 1824 3755 restituat.
1882 3681 1983 3756 Sicut
2002 3687 2165 3760 victimae
2185 3691 2284 3762 mani

1312 3782 1400 3854 feste
1429 3781 1675 3871 significabant
1704 3797 1854 3854 mortem
1881 3782 2034 3858 Messiae
2072 3814 2137 3881 pro
2171 3794 2284 3862 nostris

1314 3884 1473 3972 peccatis.
1529 3879 1579 3952 Ει
1599 3907 1721 3953 omues
1743 3901 1835 3958 recte
1858 3887 2012 3960 instituti
2037 3892 2195 3964 sciebant
2220 3893 2284 3964 itta

1314 3985 1490 4069 victimas,
1512 3981 1620 4071 agnos
1637 3999 1670 4054 et
1688 3986 1819 4057 vitulos
1841 4012 1915 4058 non
1932 3991 2057 4063 tollere
2074 4009 2223 4085 peccata.

1416 4085 1530 4177 lgitur
1551 4083 1618 4158 hoc
1632 4089 1782 4158 dictum:
1815 4088 1856 4160 Si
1879 4092 1933 4160 vis
1955 4093 2092 4184 ingredi
2116 4097 2156 4166 in
2180 4099 2284 4176 vitam,

276 4215 353 4272 turn
377 4197 576 4287 diligentia,
602 4196 630 4264 si
653 4217 718 4263 vos
742 4192 810 4282 ipsi
832 4191 938 4262 etiam
963 4213 1037 4258 non
1057 4179 1262 4262 vultisreti-
1313 4211 1413 4258 serva
1443 4189 1627 4269 mandata,
1675 4190 1725 4261 sic
1756 4189 1995 4283 intelligatur,
2033 4211 2074 4268 ut
2097 4198 2284 4269 includatur

276 4323 362 4371 nere
383 4297 450 4370 Dei
478 4300 595 4382 dona,
626 4295 657 4364 si
683 4317 758 4364 non
786 4293 893 4364 vultis
917 4290 1060 4361 discere.
1121 4287 1208 4364 Item
1231 4292 1261 4364 si
1313 4293 1518 4361 mandatum
1540 4291 1585 4360 de
1607 4291 1680 4362 filio
1695 4291 1762 4362 Dei
1783 4294 1981 4381 audiendo,
2011 4321 2074 4368 seu
2100 4302 2144 4369 de
2169 4303 2234 4372 fide
2256 4301 2284 4366 iu

276 4401 385 4474 vultis
400 4401 579 4470 offendere
597 4411 629 4470 et
645 4395 853 4466 contristare
868 4391 1041 4485 Spiritum
1058 4408 1236 4463 sanctum
1311 4392 1424 4463 filium
1448 4392 1526 4466 Dei.
1586 4393 1694 4465 Serva
1724 4397 1908 4480 mandata,
1942 4397 2073 4470 scilicet
2096 4404 2199 4472 etiam
2226 4402 2284 4492 pri·

380 4499 453 4572 Vos
482 4503 591 4592 igitur
618 4511 756 4582 curate,
790 4511 830 4567 ut
858 4483 1035 4564 retineatis
1066 4498 1158 4572 dona
1183 4493 1262 4567 Dei.
1311 4517 1409 4564 mum
1431 4497 1637 4566 mandatum
1655 4499 1698 4566 de
1714 4497 1782 4566 fide
1796 4497 1833 4565 in
1850 4499 1962 4568 filium
1977 4497 2057 4575 Dei.
2108 4501 2284 4584 Hoccomr

277 4605 438 4697 Cogitate
458 4617 629 4697 quantum
653 4601 787 4669 bonum
810 4597 875 4677 sit,
896 4599 997 4689 qnod
1017 4597 1159 4694 placetis
1173 4595 1261 4682 Deo,
1312 4590 1506 4686 prehenso,
1539 4599 1652 4668 facilis
1678 4612 1729 4669 cst
1759 4598 1967 4702 declaratio:
1993 4601 2031 4673 Si
2055 4604 2107 4672 vis
2129 4605 2168 4672 in
2190 4607 2284 4674 vitam

277 4711 374 4806 quod
389 4706 486 4779 Deus
506 4727 569 4772 vos
591 4703 751 4786 exaudit,
776 4703 889 4784 donec
912 4699 1071 4768 retinetis
1087 4699 1258 4790 Spiritum
1312 4699 1468 4786 ingredi,
1501 4723 1600 4769 serva
1634 4702 1818 4784 mandata,
1853 4701 1984 4772 scilicet
2014 4705 2170 4795 primurn
2196 4708 2284 4798 crede

276 4825 444 4884 sanctum
469 4807 507 4876 iu
530 4807 703 4896 baptismo
733 4817 925 4892 acceptum.
1000 4797 1132 4871 Contra
1155 4825 1259 4897 quarn
1311 4801 1348 4869 iu
1365 4801 1479 4870 filium
1497 4802 1584 4886 Dei,
1612 4803 1742 4871 deinde
1758 4801 1864 4873 facias
1887 4819 2021 4874 caetera
2048 4831 2154 4899 opera
2178 4813 2284 4878 decem

276 4910 463 4985 horribilis
486 4907 627 4977 miseria
649 4906 710 4987 sit,
736 4929 811 4974 non
837 4903 973 4995 placere
987 4901 1086 4987 Deo,
1112 4928 1184 4973 non
1201 4927 1260 4971 ex·
1311 4915 1596 4996 praeceptorum,
1622 4927 1713 4996 quoe
1740 4927 1942 4996 quanquam
1966 4922 2072 4979 erunt
2095 4909 2284 5000 imperfecta

277 4992 394 5085 audiri
426 5037 445 5084 a
476 5009 573 5095 Deo,
617 5030 689 5076 esse
719 5007 897 5097 captivum
930 5003 1087 5076 Diaboli.
1164 5003 1260 5078 Haec
1311 5020 1344 5075 et
1361 5005 1463 5074 valde
1484 5005 1669 5095 languida,
1704 5020 1851 5096 propter
1873 5029 2034 5096 magnam
2058 5011 2284 5082 infirmitatem

277 5139 414 5188 summa
437 5115 530 5186 mala
554 5111 661 5182 vitate
681 5109 780 5179 omrai
795 5131 888 5179 cura.
941 5101 988 5174 Et
1005 5107 1106 5176 vobis
1119 5131 1260 5200 quoque
1309 5120 1485 5190 nostram,
1517 5121 1636 5202 tamen
1655 5104 1731 5176 Deo
1764 5107 1972 5196 placebunt,
2005 5113 2087 5204 quia
2116 5115 2228 5183 credis
2254 5113 2282 5178 in

277 5215 465 5303 diligenter
486 5207 770 5285 inculcata-haec
792 5211 901 5280 dicta:
930 5204 1011 5276 Non
1030 5221 1081 5277 est
1098 5210 1260 5280 voluntas
1308 5209 1442 5288 filium,
1477 5222 1512 5278 et
1533 5203 1641 5277 habes
1665 5209 1907 5278 remissionem
1931 5225 2172 5302 peccatorum,
2206 5231 2282 5286 etes

279 5315 414 5405 Patris,
447 5329 487 5384 ut
508 5329 627 5408 pereat
648 5335 741 5384 unus
761 5313 804 5382 de
825 5309 984 5404 parvulis
1009 5307 1096 5380 istis.
1155 5308 1260 5398 Agite
1308 5310 1420 5380 factus
1437 5303 1558 5382 haeres
1577 5309 1668 5382 vitae
1684 5327 1863 5396 aeternae,
1888 5327 2034 5407 propter
2058 5315 2181 5392 lilium.
