<?xml version="1.0" encoding="UTF-8"?>
<!DOCTYPE html PUBLIC "-//W3C//DTD XHTML 1.0 Transitional//EN"
    "http://www.w3.org/TR/xhtml1/DTD/xhtml1-transitional.dtd">
<html xmlns="http://www.w3.org/1999/xhtml" xml:lang="en" lang="en">
 <head>
  <title>
</title>
<meta http-equiv="Content-Type" content="text/html;charset=utf-8" />
  <meta name='ocr-system' content='tesseract 3.04.00' />
  <meta name='ocr-capabilities' content='ocr_page ocr_carea ocr_par ocr_line ocrx_word'/>
</head>
<body>
  <div class='ocr_page' id='page_1' title='image "./corpusreformato24melagoog/corpusreformato24melagoog_0113.png"; bbox 0 0 4616 5818; ppageno 0'>
   <div class='ocr_carea' id='block_1_1' title="bbox 220 151 291 228">
    <p class='ocr_par' dir='ltr' id='par_1_1' title="bbox 220 151 291 228">
     <span class='ocr_line' id='line_1_1' title="bbox 220 151 291 228; baseline 0.056 -5"><span class='ocrx_word' id='word_1_1' title='bbox 220 151 291 228; x_wconf 81' lang='lat'>199</span> 
     </span>
    </p>
   </div>
   <div class='ocr_carea' id='block_1_2' title="bbox 222 321 1211 1214">
    <p class='ocr_par' dir='ltr' id='par_1_2' title="bbox 222 321 1206 624">
     <span class='ocr_line' id='line_1_2' title="bbox 222 321 1204 418; baseline -0.004 -23"><span class='ocrx_word' id='word_1_2' title='bbox 222 325 355 418; x_wconf 92' lang='lat' dir='ltr'>populo</span> <span class='ocrx_word' id='word_1_3' title='bbox 375 321 506 407; x_wconf 74' lang='lat' dir='ltr'>lsrael,</span> <span class='ocrx_word' id='word_1_4' title='bbox 534 324 671 394; x_wconf 88' lang='lat' dir='ltr'>etiamsi</span> <span class='ocrx_word' id='word_1_5' title='bbox 690 325 898 394; x_wconf 79' lang='lat' dir='ltr'>ceremoniis</span> <span class='ocrx_word' id='word_1_6' title='bbox 915 348 987 392; x_wconf 91' lang='lat' dir='ltr'>non</span> <span class='ocrx_word' id='word_1_7' title='bbox 1004 326 1204 393; x_wconf 89' lang='lat' dir='ltr'>oneraban-</span> 
     </span>
     <span class='ocr_line' id='line_1_3' title="bbox 222 425 1206 499; baseline -0.004 -1"><span class='ocrx_word' id='word_1_8' title='bbox 222 444 291 499; x_wconf 89' lang='lat' dir='ltr'>tur.</span> <span class='ocrx_word' id='word_1_9' title='bbox 343 425 510 498; x_wconf 90' lang='lat' dir='ltr'>Sciebant</span> <span class='ocrx_word' id='word_1_10' title='bbox 523 441 639 497; x_wconf 85' lang='lat' dir='ltr'>autern</span> <span class='ocrx_word' id='word_1_11' title='bbox 655 451 696 496; x_wconf 82' lang='lat' dir='ltr'>ex</span> <span class='ocrx_word' id='word_1_12' title='bbox 715 425 863 496; x_wconf 81' lang='lat' dir='ltr'>Daniele</span> <span class='ocrx_word' id='word_1_13' title='bbox 876 426 981 497; x_wconf 86' lang='lat' dir='ltr'>etiarn</span> <span class='ocrx_word' id='word_1_14' title='bbox 1006 427 1146 496; x_wconf 76' lang='lat' dir='ltr'>circiter</span> <span class='ocrx_word' id='word_1_15' title='bbox 1166 450 1206 494; x_wconf 88' lang='lat' dir='ltr'>ea</span> 
     </span>
     <span class='ocr_line' id='line_1_4' title="bbox 223 527 872 624; baseline -0.005 -23"><span class='ocrx_word' id='word_1_16' title='bbox 223 544 381 624; x_wconf 89' lang='lat' dir='ltr'>tempora</span> <span class='ocrx_word' id='word_1_17' title='bbox 401 544 590 599; x_wconf 90' lang='lat' dir='ltr'>venturum</span> <span class='ocrx_word' id='word_1_18' title='bbox 606 552 679 597; x_wconf 89' lang='lat' dir='ltr'>esse</span> <span class='ocrx_word' id='word_1_19' title='bbox 695 527 872 598; x_wconf 86' lang='lat' dir='ltr'>Messium.</span> 
     </span>
    </p>

    <p class='ocr_par' dir='ltr' id='par_1_3' title="bbox 224 626 1211 1214">
     <span class='ocr_line' id='line_1_5' title="bbox 323 626 1211 725; baseline -0.005 -25"><span class='ocrx_word' id='word_1_20' title='bbox 323 628 455 725; x_wconf 85' lang='lat' dir='ltr'>Estque</span> <span class='ocrx_word' id='word_1_21' title='bbox 478 626 546 699; x_wconf 89' lang='lat' dir='ltr'>hoc</span> <span class='ocrx_word' id='word_1_22' title='bbox 570 631 767 720; x_wconf 85' lang='lat' dir='ltr'>exemplum</span> <span class='ocrx_word' id='word_1_23' title='bbox 793 629 1211 716; x_wconf 84' lang='lat' dir='ltr'>insigne&#39;tcstimonium,</span> 
     </span>
     <span class='ocr_line' id='line_1_6' title="bbox 225 728 1210 828; baseline -0.004 -26"><span class='ocrx_word' id='word_1_24' title='bbox 225 735 320 828; x_wconf 91' lang='lat' dir='ltr'>quod</span> <span class='ocrx_word' id='word_1_25' title='bbox 345 728 578 820; x_wconf 89' lang='lat' dir='ltr'>Evangelium</span> <span class='ocrx_word' id='word_1_26' title='bbox 601 734 645 800; x_wconf 87' lang='lat' dir='ltr'>ad</span> <span class='ocrx_word' id='word_1_27' title='bbox 669 749 789 820; x_wconf 90' lang='lat' dir='ltr'>gentes</span> <span class='ocrx_word' id='word_1_28' title='bbox 816 734 998 823; x_wconf 87' lang='lat' dir='ltr'>pertineat.</span> <span class='ocrx_word' id='word_1_29' title='bbox 1056 728 1104 800; x_wconf 88' lang='lat' dir='ltr'>Et</span> <span class='ocrx_word' id='word_1_30' title='bbox 1131 755 1210 799; x_wconf 91' lang='lat' dir='ltr'>cum</span> 
     </span>
     <span class='ocr_line' id='line_1_7' title="bbox 224 829 1211 924; baseline -0.005 -19"><span class='ocrx_word' id='word_1_31' title='bbox 224 835 470 906; x_wconf 85' lang='lat' dir='ltr'>devocatione</span> <span class='ocrx_word' id='word_1_32' title='bbox 486 833 644 924; x_wconf 88' lang='lat' dir='ltr'>gentium</span> <span class='ocrx_word' id='word_1_33' title='bbox 666 834 815 916; x_wconf 91' lang='lat' dir='ltr'>dicitur,</span> <span class='ocrx_word' id='word_1_34' title='bbox 848 835 955 903; x_wconf 91' lang='lat' dir='ltr'>simul</span> <span class='ocrx_word' id='word_1_35' title='bbox 975 829 1211 924; x_wconf 86' lang='lat' dir='ltr'>comprehcn-</span> 
     </span>
     <span class='ocr_line' id='line_1_8' title="bbox 224 933 1211 1029; baseline -0.006 -22"><span class='ocrx_word' id='word_1_36' title='bbox 224 938 324 1009; x_wconf 91' lang='lat' dir='ltr'>ditor</span> <span class='ocrx_word' id='word_1_37' title='bbox 338 933 424 1006; x_wconf 88' lang='lat' dir='ltr'>haec</span> <span class='ocrx_word' id='word_1_38' title='bbox 442 935 622 1016; x_wconf 88' lang='lat' dir='ltr'>doctrina,</span> <span class='ocrx_word' id='word_1_39' title='bbox 649 938 743 1029; x_wconf 92' lang='lat' dir='ltr'>quod</span> <span class='ocrx_word' id='word_1_40' title='bbox 760 935 887 1025; x_wconf 90' lang='lat' dir='ltr'>gratis,</span> <span class='ocrx_word' id='word_1_41' title='bbox 910 961 982 1005; x_wconf 90' lang='lat' dir='ltr'>nou</span> <span class='ocrx_word' id='word_1_42' title='bbox 1000 948 1145 1027; x_wconf 92' lang='lat' dir='ltr'>propter</span> <span class='ocrx_word' id='word_1_43' title='bbox 1161 934 1211 1002; x_wconf 87' lang='lat' dir='ltr'>le-</span> 
     </span>
     <span class='ocr_line' id='line_1_9' title="bbox 226 1035 1211 1128; baseline -0.002 -21"><span class='ocrx_word' id='word_1_44' title='bbox 226 1063 304 1128; x_wconf 86' lang='lat' dir='ltr'>gem</span> <span class='ocrx_word' id='word_1_45' title='bbox 321 1041 475 1109; x_wconf 86' lang='lat' dir='ltr'>donetur</span> <span class='ocrx_word' id='word_1_46' title='bbox 493 1036 654 1106; x_wconf 84' lang='lat' dir='ltr'>remissio</span> <span class='ocrx_word' id='word_1_47' title='bbox 679 1052 914 1128; x_wconf 89' lang='lat' dir='ltr'>peccatorum.</span> <span class='ocrx_word' id='word_1_48' title='bbox 967 1035 1064 1107; x_wconf 86' lang='lat' dir='ltr'>Haec</span> <span class='ocrx_word' id='word_1_49' title='bbox 1086 1059 1211 1106; x_wconf 91' lang='lat' dir='ltr'>conso-</span> 
     </span>
     <span class='ocr_line' id='line_1_10' title="bbox 226 1139 807 1214; baseline -0.007 -3"><span class='ocrx_word' id='word_1_50' title='bbox 226 1141 312 1212; x_wconf 89' lang='lat' dir='ltr'>latio</span> <span class='ocrx_word' id='word_1_51' title='bbox 327 1140 435 1212; x_wconf 90' lang='lat' dir='ltr'>simul</span> <span class='ocrx_word' id='word_1_52' title='bbox 450 1165 462 1186; x_wconf 70' lang='lat'>¹</span> <span class='ocrx_word' id='word_1_53' title='bbox 485 1139 569 1210; x_wconf 76' lang='lat' dir='ltr'>tniat</span> <span class='ocrx_word' id='word_1_54' title='bbox 584 1139 622 1207; x_wconf 92' lang='lat' dir='ltr'>iu</span> <span class='ocrx_word' id='word_1_55' title='bbox 641 1152 807 1214; x_wconf 86' lang='lat' dir='ltr'>mentem.</span> 
     </span>
    </p>
   </div>
   <div class='ocr_carea' id='block_1_3' title="bbox 583 1279 851 1356">
    <p class='ocr_par' dir='ltr' id='par_1_4' title="bbox 583 1279 851 1356">
     <span class='ocr_line' id='line_1_11' title="bbox 583 1279 851 1356; baseline -0.007 0"><span class='ocrx_word' id='word_1_56' title='bbox 583 1307 639 1356; x_wconf 80' lang='lat' dir='ltr'>De</span> <span class='ocrx_word' id='word_1_57' title='bbox 674 1279 851 1354; x_wconf 77' lang='lat' dir='ltr'>terito.</span> 
     </span>
    </p>
   </div>
   <div class='ocr_carea' id='block_1_4' title="bbox 538 1403 897 1482">
    <p class='ocr_par' dir='ltr' id='par_1_5' title="bbox 538 1403 897 1482">
     <span class='ocr_line' id='line_1_12' title="bbox 538 1403 897 1482; baseline 0.003 -2"><span class='ocrx_word' id='word_1_58' title='bbox 538 1406 600 1480; x_wconf 84' lang='lat' dir='ltr'>De</span> <span class='ocrx_word' id='word_1_59' title='bbox 614 1406 692 1480; x_wconf 86' lang='lat' dir='ltr'>loco</span> <span class='ocrx_word' id='word_1_60' title='bbox 706 1404 762 1480; x_wconf 91' lang='lat' dir='ltr'>M</span> <span class='ocrx_word' id='word_1_61' title='bbox 762 1403 897 1482; x_wconf 69' lang='lat' dir='ltr'>iassae.</span> 
     </span>
    </p>
   </div>
   <div class='ocr_carea' id='block_1_5' title="bbox 160 1544 1221 3382">
    <p class='ocr_par' dir='ltr' id='par_1_6' title="bbox 160 1544 1215 2258">
     <span class='ocr_line' id='line_1_13' title="bbox 329 1544 1212 1627; baseline -0.015 -1"><span class='ocrx_word' id='word_1_62' title='bbox 329 1553 427 1627; x_wconf 88' lang='lat' dir='ltr'>Utile</span> <span class='ocrx_word' id='word_1_63' title='bbox 443 1552 684 1624; x_wconf 88' lang='lat' dir='ltr'>testimouium</span> <span class='ocrx_word' id='word_1_64' title='bbox 703 1566 755 1622; x_wconf 85' lang='lat' dir='ltr'>est</span> <span class='ocrx_word' id='word_1_65' title='bbox 769 1553 812 1620; x_wconf 89' lang='lat' dir='ltr'>ad</span> <span class='ocrx_word' id='word_1_66' title='bbox 831 1551 1037 1622; x_wconf 86' lang='lat' dir='ltr'>refutandos</span> <span class='ocrx_word' id='word_1_67' title='bbox 1046 1544 1113 1617; x_wconf 92' lang='lat' dir='ltr'>hoc</span> <span class='ocrx_word' id='word_1_68' title='bbox 1124 1563 1212 1618; x_wconf 93' lang='lat' dir='ltr'>tem-</span> 
     </span>
     <span class='ocr_line' id='line_1_14' title="bbox 229 1644 1213 1752; baseline -0.013 -22"><span class='ocrx_word' id='word_1_69' title='bbox 229 1683 315 1752; x_wconf 87' lang='lat' dir='ltr'>pore</span> <span class='ocrx_word' id='word_1_70' title='bbox 341 1656 509 1742; x_wconf 87' lang='lat' dir='ltr'>ludaeos,</span> <span class='ocrx_word' id='word_1_71' title='bbox 537 1653 697 1746; x_wconf 91' lang='lat' dir='ltr'>oportuit</span> <span class='ocrx_word' id='word_1_72' title='bbox 718 1651 815 1722; x_wconf 87' lang='lat' dir='ltr'>nasci</span> <span class='ocrx_word' id='word_1_73' title='bbox 836 1647 1018 1723; x_wconf 89' lang='lat' dir='ltr'>Christum</span> <span class='ocrx_word' id='word_1_74' title='bbox 1043 1651 1079 1718; x_wconf 93' lang='lat' dir='ltr'>in</span> <span class='ocrx_word' id='word_1_75' title='bbox 1104 1644 1213 1718; x_wconf 86' lang='lat' dir='ltr'>Beth-</span> 
     </span>
     <span class='ocr_line' id='line_1_15' title="bbox 160 1753 1214 1848; baseline -0.012 -15"><span class='ocrx_word' id='word_1_76' title='bbox 160 1768 163 1776; x_wconf 81' lang='grc'>’</span> <span class='ocrx_word' id='word_1_77' title='bbox 229 1759 361 1832; x_wconf 88' lang='lat' dir='ltr'>lehem:</span> <span class='ocrx_word' id='word_1_78' title='bbox 396 1782 479 1848; x_wconf 88' lang='lat' dir='ltr'>ergo</span> <span class='ocrx_word' id='word_1_79' title='bbox 509 1779 648 1826; x_wconf 91' lang='lat' dir='ltr'>necesse</span> <span class='ocrx_word' id='word_1_80' title='bbox 670 1768 822 1824; x_wconf 81' lang='lat' dir='ltr'>osteum</span> <span class='ocrx_word' id='word_1_81' title='bbox 847 1753 983 1822; x_wconf 89' lang='lat' dir='ltr'>venisse</span> <span class='ocrx_word' id='word_1_82' title='bbox 1005 1754 1096 1836; x_wconf 88' lang='lat' dir='ltr'>iam,</span> <span class='ocrx_word' id='word_1_83' title='bbox 1131 1753 1214 1842; x_wconf 87' lang='lat' dir='ltr'>quia</span> 
     </span>
     <span class='ocr_line' id='line_1_16' title="bbox 231 1853 1214 1954; baseline -0.016 -18"><span class='ocrx_word' id='word_1_84' title='bbox 231 1862 389 1954; x_wconf 91' lang='lat' dir='ltr'>oportuit</span> <span class='ocrx_word' id='word_1_85' title='bbox 404 1885 484 1932; x_wconf 88' lang='lat' dir='ltr'>euro</span> <span class='ocrx_word' id='word_1_86' title='bbox 499 1872 613 1929; x_wconf 88' lang='lat' dir='ltr'>stante</span> <span class='ocrx_word' id='word_1_87' title='bbox 630 1857 753 1950; x_wconf 89' lang='lat' dir='ltr'>politia</span> <span class='ocrx_word' id='word_1_88' title='bbox 771 1857 832 1925; x_wconf 90' lang='lat' dir='ltr'>illa</span> <span class='ocrx_word' id='word_1_89' title='bbox 855 1855 970 1934; x_wconf 92' lang='lat' dir='ltr'>nasci,</span> <span class='ocrx_word' id='word_1_90' title='bbox 998 1879 1102 1948; x_wconf 78' lang='lat' dir='ltr'>qtram</span> <span class='ocrx_word' id='word_1_91' title='bbox 1119 1853 1214 1924; x_wconf 90' lang='lat' dir='ltr'>Dens</span> 
     </span>
     <span class='ocr_line' id='line_1_17' title="bbox 230 1949 1214 2042; baseline -0.009 -6"><span class='ocrx_word' id='word_1_92' title='bbox 230 1965 393 2036; x_wconf 81' lang='lat' dir='ltr'>funditus</span> <span class='ocrx_word' id='word_1_93' title='bbox 424 1962 571 2042; x_wconf 90' lang='lat' dir='ltr'>delevit,</span> <span class='ocrx_word' id='word_1_94' title='bbox 612 1973 653 2030; x_wconf 87' lang='lat' dir='ltr'>ut</span> <span class='ocrx_word' id='word_1_95' title='bbox 680 1971 825 2028; x_wconf 90' lang='lat' dir='ltr'>testetur</span> <span class='ocrx_word' id='word_1_96' title='bbox 853 1959 989 2026; x_wconf 90' lang='lat' dir='ltr'>venisse</span> <span class='ocrx_word' id='word_1_97' title='bbox 1019 1949 1214 2027; x_wconf 75' lang='lat' dir='ltr'>Christum.</span> 
     </span>
     <span class='ocr_line' id='line_1_18' title="bbox 232 2057 1215 2141; baseline -0.013 -4"><span class='ocrx_word' id='word_1_98' title='bbox 232 2063 373 2138; x_wconf 91' lang='lat' dir='ltr'>Omira</span> <span class='ocrx_word' id='word_1_99' title='bbox 388 2061 456 2134; x_wconf 92' lang='lat' dir='ltr'>Dei</span> <span class='ocrx_word' id='word_1_100' title='bbox 480 2062 646 2141; x_wconf 91' lang='lat' dir='ltr'>consilia,</span> <span class='ocrx_word' id='word_1_101' title='bbox 678 2061 852 2132; x_wconf 83' lang='lat' dir='ltr'>excidium</span> <span class='ocrx_word' id='word_1_102' title='bbox 880 2057 1061 2128; x_wconf 82' lang='lat' dir='ltr'>Iudaicum</span> <span class='ocrx_word' id='word_1_103' title='bbox 1086 2058 1215 2126; x_wconf 85' lang='lat' dir='ltr'>confir-</span> 
     </span>
     <span class='ocr_line' id='line_1_19' title="bbox 169 2159 1161 2258; baseline -0.011 -19"><span class='ocrx_word' id='word_1_104' title='bbox 169 2237 174 2248; x_wconf 77' lang='lat'>,</span> <span class='ocrx_word' id='word_1_105' title='bbox 231 2182 304 2239; x_wconf 86' lang='lat' dir='ltr'>mat</span> <span class='ocrx_word' id='word_1_106' title='bbox 322 2169 418 2258; x_wconf 86' lang='lat' dir='ltr'>pios,</span> <span class='ocrx_word' id='word_1_107' title='bbox 446 2180 482 2238; x_wconf 89' lang='lat' dir='ltr'>et</span> <span class='ocrx_word' id='word_1_108' title='bbox 499 2163 678 2234; x_wconf 85' lang='lat' dir='ltr'>convincit</span> <span class='ocrx_word' id='word_1_109' title='bbox 696 2161 907 2232; x_wconf 88' lang='lat' dir='ltr'>ludaeorum</span> <span class='ocrx_word' id='word_1_110' title='bbox 923 2159 1161 2252; x_wconf 74' lang='lat' dir='ltr'>pertinaciam.</span> 
     </span>
    </p>

    <p class='ocr_par' dir='ltr' id='par_1_7' title="bbox 166 2260 1221 3382">
     <span class='ocr_line' id='line_1_20' title="bbox 331 2260 1216 2340; baseline -0.014 0"><span class='ocrx_word' id='word_1_111' title='bbox 331 2267 398 2340; x_wconf 87' lang='lat' dir='ltr'>Est</span> <span class='ocrx_word' id='word_1_112' title='bbox 411 2281 528 2338; x_wconf 88' lang='lat' dir='ltr'>autem</span> <span class='ocrx_word' id='word_1_113' title='bbox 545 2281 579 2336; x_wconf 89' lang='lat' dir='ltr'>et</span> <span class='ocrx_word' id='word_1_114' title='bbox 593 2261 661 2334; x_wconf 88' lang='lat' dir='ltr'>hoc</span> <span class='ocrx_word' id='word_1_115' title='bbox 682 2265 941 2334; x_wconf 87' lang='lat' dir='ltr'>observandum</span> <span class='ocrx_word' id='word_1_116' title='bbox 966 2264 1005 2330; x_wconf 94' lang='lat' dir='ltr'>in</span> <span class='ocrx_word' id='word_1_117' title='bbox 1029 2263 1124 2332; x_wconf 92' lang='lat' dir='ltr'>dicto</span> <span class='ocrx_word' id='word_1_118' title='bbox 1141 2260 1216 2330; x_wconf 67' lang='lat' dir='ltr'>Mtss</span> 
     </span>
     <span class='ocr_line' id='line_1_21' title="bbox 232 2359 1217 2464; baseline -0.013 -19"><span class='ocrx_word' id='word_1_119' title='bbox 232 2369 358 2460; x_wconf 87' lang='lat' dir='ltr'>cheae,</span> <span class='ocrx_word' id='word_1_120' title='bbox 385 2372 482 2464; x_wconf 91' lang='lat' dir='ltr'>quod</span> <span class='ocrx_word' id='word_1_121' title='bbox 497 2371 542 2438; x_wconf 89' lang='lat' dir='ltr'>de</span> <span class='ocrx_word' id='word_1_122' title='bbox 558 2383 707 2460; x_wconf 89' lang='lat' dir='ltr'>utraque</span> <span class='ocrx_word' id='word_1_123' title='bbox 723 2377 849 2434; x_wconf 86' lang='lat' dir='ltr'>natura</span> <span class='ocrx_word' id='word_1_124' title='bbox 863 2365 901 2432; x_wconf 92' lang='lat' dir='ltr'>in</span> <span class='ocrx_word' id='word_1_125' title='bbox 916 2359 1059 2433; x_wconf 88' lang='lat' dir='ltr'>Christo</span> <span class='ocrx_word' id='word_1_126' title='bbox 1072 2364 1217 2432; x_wconf 87' lang='lat' dir='ltr'>concio·</span> 
     </span>
     <span class='ocr_line' id='line_1_22' title="bbox 235 2459 1218 2558; baseline -0.014 -13"><span class='ocrx_word' id='word_1_127' title='bbox 235 2489 354 2558; x_wconf 88' lang='lat' dir='ltr'>natur,</span> <span class='ocrx_word' id='word_1_128' title='bbox 379 2472 482 2542; x_wconf 89' lang='lat' dir='ltr'>dicit:</span> <span class='ocrx_word' id='word_1_129' title='bbox 510 2473 635 2540; x_wconf 89' lang='lat' dir='ltr'>ducem</span> <span class='ocrx_word' id='word_1_130' title='bbox 652 2482 843 2536; x_wconf 89' lang='lat' dir='ltr'>venturum</span> <span class='ocrx_word' id='word_1_131' title='bbox 859 2489 931 2534; x_wconf 90' lang='lat' dir='ltr'>esse</span> <span class='ocrx_word' id='word_1_132' title='bbox 948 2490 988 2534; x_wconf 85' lang='lat' dir='ltr'>ex</span> <span class='ocrx_word' id='word_1_133' title='bbox 997 2459 1218 2548; x_wconf 89' lang='lat' dir='ltr'>Bethlehem,</span> 
     </span>
     <span class='ocr_line' id='line_1_23' title="bbox 234 2566 1217 2657; baseline -0.012 -11"><span class='ocrx_word' id='word_1_134' title='bbox 234 2578 273 2648; x_wconf 90' lang='lat' dir='ltr'>id</span> <span class='ocrx_word' id='word_1_135' title='bbox 288 2579 332 2648; x_wconf 94' lang='lat' dir='ltr'>de</span> <span class='ocrx_word' id='word_1_136' title='bbox 351 2575 534 2645; x_wconf 77' lang='lat' dir='ltr'>nativitate</span> <span class='ocrx_word' id='word_1_137' title='bbox 550 2596 590 2640; x_wconf 88' lang='lat' dir='ltr'>ex</span> <span class='ocrx_word' id='word_1_138' title='bbox 605 2571 743 2657; x_wconf 92' lang='lat' dir='ltr'>virgine</span> <span class='ocrx_word' id='word_1_139' title='bbox 761 2570 901 2638; x_wconf 93' lang='lat' dir='ltr'>dicitur.</span> <span class='ocrx_word' id='word_1_140' title='bbox 943 2566 1083 2637; x_wconf 87' lang='lat' dir='ltr'>Deinde</span> <span class='ocrx_word' id='word_1_141' title='bbox 1100 2567 1217 2636; x_wconf 88' lang='lat' dir='ltr'>addit:</span> 
     </span>
     <span class='ocr_line' id='line_1_24' title="bbox 235 2667 1219 2770; baseline -0.014 -18"><span class='ocrx_word' id='word_1_142' title='bbox 235 2677 406 2770; x_wconf 85' lang='lat' dir='ltr'>Egressus</span> <span class='ocrx_word' id='word_1_143' title='bbox 419 2676 496 2745; x_wconf 90' lang='lat' dir='ltr'>eius</span> <span class='ocrx_word' id='word_1_144' title='bbox 520 2687 602 2744; x_wconf 86' lang='lat' dir='ltr'>ante</span> <span class='ocrx_word' id='word_1_145' title='bbox 624 2673 765 2742; x_wconf 89' lang='lat' dir='ltr'>initium</span> <span class='ocrx_word' id='word_1_146' title='bbox 789 2671 927 2742; x_wconf 89' lang='lat' dir='ltr'>mundi.</span> <span class='ocrx_word' id='word_1_147' title='bbox 977 2667 1047 2739; x_wconf 89' lang='lat' dir='ltr'>Hic</span> <span class='ocrx_word' id='word_1_148' title='bbox 1071 2684 1219 2741; x_wconf 89' lang='lat' dir='ltr'>testatur</span> 
     </span>
     <span class='ocr_line' id='line_1_25' title="bbox 237 2768 1218 2866; baseline -0.013 -15"><span class='ocrx_word' id='word_1_149' title='bbox 237 2807 316 2852; x_wconf 90' lang='lat' dir='ltr'>eum</span> <span class='ocrx_word' id='word_1_150' title='bbox 335 2802 408 2849; x_wconf 88' lang='lat' dir='ltr'>csse</span> <span class='ocrx_word' id='word_1_151' title='bbox 423 2793 544 2848; x_wconf 89' lang='lat' dir='ltr'>natum</span> <span class='ocrx_word' id='word_1_152' title='bbox 564 2800 603 2845; x_wconf 85' lang='lat' dir='ltr'>cx</span> <span class='ocrx_word' id='word_1_153' title='bbox 622 2791 716 2866; x_wconf 89' lang='lat' dir='ltr'>patre</span> <span class='ocrx_word' id='word_1_154' title='bbox 733 2786 816 2842; x_wconf 90' lang='lat' dir='ltr'>ante</span> <span class='ocrx_word' id='word_1_155' title='bbox 831 2772 974 2842; x_wconf 91' lang='lat' dir='ltr'>initium</span> <span class='ocrx_word' id='word_1_156' title='bbox 985 2773 1122 2845; x_wconf 91' lang='lat' dir='ltr'>mundi.</span> <span class='ocrx_word' id='word_1_157' title='bbox 1145 2768 1218 2840; x_wconf 90' lang='lat' dir='ltr'>lam</span> 
     </span>
     <span class='ocr_line' id='line_1_26' title="bbox 236 2874 1220 2968; baseline -0.016 -13"><span class='ocrx_word' id='word_1_158' title='bbox 236 2880 295 2955; x_wconf 92' lang='lat' dir='ltr'>bic</span> <span class='ocrx_word' id='word_1_159' title='bbox 310 2883 501 2962; x_wconf 87' lang='lat' dir='ltr'>dicendum</span> <span class='ocrx_word' id='word_1_160' title='bbox 519 2891 587 2961; x_wconf 88' lang='lat' dir='ltr'>est,</span> <span class='ocrx_word' id='word_1_161' title='bbox 614 2877 732 2968; x_wconf 88' lang='lat' dir='ltr'>qualis</span> <span class='ocrx_word' id='word_1_162' title='bbox 747 2876 792 2945; x_wconf 90' lang='lat' dir='ltr'>sit</span> <span class='ocrx_word' id='word_1_163' title='bbox 810 2875 899 2958; x_wconf 84' lang='lat' dir='ltr'>dux,</span> <span class='ocrx_word' id='word_1_164' title='bbox 922 2874 985 2967; x_wconf 86' lang='lat' dir='ltr'>qui</span> <span class='ocrx_word' id='word_1_165' title='bbox 1004 2874 1149 2946; x_wconf 78' lang='lat' dir='ltr'>liberat.</span> <span class='ocrx_word' id='word_1_166' title='bbox 1165 2874 1220 2940; x_wconf 92' lang='lat' dir='ltr'>vi-</span> 
     </span>
     <span class='ocr_line' id='line_1_27' title="bbox 237 2973 1221 3068; baseline -0.012 -12"><span class='ocrx_word' id='word_1_167' title='bbox 237 2985 386 3068; x_wconf 91' lang='lat' dir='ltr'>delicet,</span> <span class='ocrx_word' id='word_1_168' title='bbox 412 2983 541 3051; x_wconf 90' lang='lat' dir='ltr'>averis</span> <span class='ocrx_word' id='word_1_169' title='bbox 562 2979 683 3061; x_wconf 88' lang='lat' dir='ltr'>malis,</span> <span class='ocrx_word' id='word_1_170' title='bbox 709 3003 729 3048; x_wconf 90' lang='lat' dir='ltr'>a</span> <span class='ocrx_word' id='word_1_171' title='bbox 751 2989 910 3066; x_wconf 89' lang='lat' dir='ltr'>peccato,</span> <span class='ocrx_word' id='word_1_172' title='bbox 936 2977 981 3044; x_wconf 91' lang='lat' dir='ltr'>ab</span> <span class='ocrx_word' id='word_1_173' title='bbox 1004 2974 1056 3044; x_wconf 86' lang='lat' dir='ltr'>ira</span> <span class='ocrx_word' id='word_1_174' title='bbox 1074 2973 1160 3060; x_wconf 92' lang='lat' dir='ltr'>Dei,</span> <span class='ocrx_word' id='word_1_175' title='bbox 1187 2988 1221 3044; x_wconf 88' lang='lat' dir='ltr'>et</span> 
     </span>
     <span class='ocr_line' id='line_1_28' title="bbox 237 3078 1221 3158; baseline -0.015 0"><span class='ocrx_word' id='word_1_176' title='bbox 237 3111 256 3158; x_wconf 90' lang='lat' dir='ltr'>a</span> <span class='ocrx_word' id='word_1_177' title='bbox 274 3102 387 3157; x_wconf 91' lang='lat' dir='ltr'>morte</span> <span class='ocrx_word' id='word_1_178' title='bbox 403 3101 562 3156; x_wconf 84' lang='lat' dir='ltr'>aeterna:</span> <span class='ocrx_word' id='word_1_179' title='bbox 595 3095 629 3152; x_wconf 90' lang='lat' dir='ltr'>et</span> <span class='ocrx_word' id='word_1_180' title='bbox 650 3078 740 3150; x_wconf 90' lang='lat' dir='ltr'>hanc</span> <span class='ocrx_word' id='word_1_181' title='bbox 758 3079 1004 3148; x_wconf 85' lang='lat' dir='ltr'>liberationem</span> <span class='ocrx_word' id='word_1_182' title='bbox 1026 3079 1134 3148; x_wconf 86' lang='lat' dir='ltr'>verbo</span> <span class='ocrx_word' id='word_1_183' title='bbox 1157 3099 1221 3144; x_wconf 88' lang='lat' dir='ltr'>suo</span> 
     </span>
     <span class='ocr_line' id='line_1_29' title="bbox 166 3179 1219 3272; baseline -0.013 -12"><span class='ocrx_word' id='word_1_184' title='bbox 166 3223 167 3226; x_wconf 40' lang='lat'>¹</span> <span class='ocrx_word' id='word_1_185' title='bbox 236 3189 345 3259; x_wconf 42' lang='lat' dir='ltr'>xeflicit</span> <span class='ocrx_word' id='word_1_186' title='bbox 371 3189 410 3257; x_wconf 91' lang='lat' dir='ltr'>in</span> <span class='ocrx_word' id='word_1_187' title='bbox 441 3183 688 3264; x_wconf 86' lang='lat' dir='ltr'>credentibus,</span> <span class='ocrx_word' id='word_1_188' title='bbox 722 3205 795 3250; x_wconf 89' lang='lat' dir='ltr'>nou</span> <span class='ocrx_word' id='word_1_189' title='bbox 817 3194 961 3272; x_wconf 91' lang='lat' dir='ltr'>propter</span> <span class='ocrx_word' id='word_1_190' title='bbox 983 3193 1140 3250; x_wconf 87' lang='lat' dir='ltr'>nostram</span> <span class='ocrx_word' id='word_1_191' title='bbox 1165 3179 1219 3248; x_wconf 92' lang='lat' dir='ltr'>di-</span> 
     </span>
     <span class='ocr_line' id='line_1_30' title="bbox 238 3275 1056 3382; baseline -0.007 -22"><span class='ocrx_word' id='word_1_192' title='bbox 238 3292 419 3382; x_wconf 88' lang='lat' dir='ltr'>gnitatem.</span> <span class='ocrx_word' id='word_1_193' title='bbox 470 3286 566 3358; x_wconf 88' lang='lat' dir='ltr'>Haec</span> <span class='ocrx_word' id='word_1_194' title='bbox 581 3286 767 3376; x_wconf 88' lang='lat' dir='ltr'>cogitanda</span> <span class='ocrx_word' id='word_1_195' title='bbox 785 3297 869 3354; x_wconf 85' lang='lat' dir='ltr'>suut</span> <span class='ocrx_word' id='word_1_196' title='bbox 885 3275 1056 3355; x_wconf 85' lang='lat' dir='ltr'>hocloco.</span> 
     </span>
    </p>
   </div>
   <div class='ocr_carea' id='block_1_6' title="bbox 559 3456 895 3658">
    <p class='ocr_par' dir='ltr' id='par_1_8' title="bbox 559 3456 895 3658">
     <span class='ocr_line' id='line_1_31' title="bbox 585 3456 874 3518; baseline -0.01 -12"><span class='ocrx_word' id='word_1_197' title='bbox 585 3457 610 3506; x_wconf 82' lang='lat' dir='ltr'>D</span> <span class='ocrx_word' id='word_1_198' title='bbox 628 3469 643 3506; x_wconf 93' lang='lat' dir='ltr'>e</span> <span class='ocrx_word' id='word_1_199' title='bbox 678 3467 729 3518; x_wconf 83' lang='lat' dir='ltr'>qu</span> <span class='ocrx_word' id='word_1_200' title='bbox 750 3465 768 3504; x_wconf 83' lang='lat' dir='ltr'>a</span> <span class='ocrx_word' id='word_1_201' title='bbox 787 3467 801 3504; x_wconf 89' lang='lat' dir='ltr'>r</span> <span class='ocrx_word' id='word_1_202' title='bbox 820 3456 831 3504; x_wconf 85' lang='lat' dir='ltr'>t</span> <span class='ocrx_word' id='word_1_203' title='bbox 849 3464 874 3504; x_wconf 90' lang='lat' dir='ltr'>o.</span> 
     </span>
     <span class='ocr_line' id='line_1_32' title="bbox 559 3557 895 3658; baseline -0.009 -27"><span class='ocrx_word' id='word_1_204' title='bbox 559 3557 622 3631; x_wconf 84' lang='lat' dir='ltr'>De</span> <span class='ocrx_word' id='word_1_205' title='bbox 638 3558 895 3658; x_wconf 81' lang='lat' dir='ltr'>persecutione.</span> 
     </span>
    </p>
   </div>
   <div class='ocr_carea' id='block_1_7' title="bbox 240 3691 1224 4097">
    <p class='ocr_par' dir='ltr' id='par_1_9' title="bbox 240 3691 1224 4097">
     <span class='ocr_line' id='line_1_33' title="bbox 342 3691 1223 3774; baseline -0.016 0"><span class='ocrx_word' id='word_1_206' title='bbox 342 3703 434 3774; x_wconf 86' lang='lat' dir='ltr'>Nato</span> <span class='ocrx_word' id='word_1_207' title='bbox 444 3697 588 3772; x_wconf 90' lang='lat' dir='ltr'>Christo</span> <span class='ocrx_word' id='word_1_208' title='bbox 604 3696 721 3766; x_wconf 92' lang='lat' dir='ltr'>statim</span> <span class='ocrx_word' id='word_1_209' title='bbox 739 3706 904 3766; x_wconf 88' lang='lat' dir='ltr'>metuunt</span> <span class='ocrx_word' id='word_1_210' title='bbox 919 3691 1150 3762; x_wconf 88' lang='lat' dir='ltr'>mutationem</span> <span class='ocrx_word' id='word_1_211' title='bbox 1166 3717 1223 3764; x_wconf 88' lang='lat' dir='ltr'>re·</span> 
     </span>
     <span class='ocr_line' id='line_1_34' title="bbox 241 3794 1224 3902; baseline -0.031 -21"><span class='ocrx_word' id='word_1_212' title='bbox 241 3810 302 3902; x_wconf 87' lang='lat' dir='ltr'>goi</span> <span class='ocrx_word' id='word_1_213' title='bbox 315 3806 476 3878; x_wconf 89' lang='lat' dir='ltr'>Herodes</span> <span class='ocrx_word' id='word_1_214' title='bbox 492 3817 526 3872; x_wconf 90' lang='lat' dir='ltr'>et</span> <span class='ocrx_word' id='word_1_215' title='bbox 542 3794 744 3871; x_wconf 87' lang='lat' dir='ltr'>Pharisaei:</span> <span class='ocrx_word' id='word_1_216' title='bbox 771 3798 851 3865; x_wconf 88' lang='lat' dir='ltr'>idco</span> <span class='ocrx_word' id='word_1_217' title='bbox 869 3809 1044 3865; x_wconf 92' lang='lat' dir='ltr'>conantur</span> <span class='ocrx_word' id='word_1_218' title='bbox 1060 3818 1139 3863; x_wconf 92' lang='lat' dir='ltr'>eum</span> <span class='ocrx_word' id='word_1_219' title='bbox 1156 3796 1224 3865; x_wconf 83' lang='lat' dir='ltr'>tol.</span> 
     </span>
     <span class='ocr_line' id='line_1_35' title="bbox 241 3895 1224 3993; baseline -0.017 -10"><span class='ocrx_word' id='word_1_220' title='bbox 241 3915 325 3985; x_wconf 89' lang='lat' dir='ltr'>lere.</span> <span class='ocrx_word' id='word_1_221' title='bbox 379 3909 422 3981; x_wconf 90' lang='lat' dir='ltr'>Et</span> <span class='ocrx_word' id='word_1_222' title='bbox 446 3907 635 3993; x_wconf 87' lang='lat' dir='ltr'>diligenter</span> <span class='ocrx_word' id='word_1_223' title='bbox 658 3895 718 3969; x_wconf 93' lang='lat' dir='ltr'>hic</span> <span class='ocrx_word' id='word_1_224' title='bbox 748 3898 1004 3967; x_wconf 90' lang='lat' dir='ltr'>consideranda</span> <span class='ocrx_word' id='word_1_225' title='bbox 1037 3909 1087 3965; x_wconf 92' lang='lat' dir='ltr'>est</span> <span class='ocrx_word' id='word_1_226' title='bbox 1114 3897 1224 3967; x_wconf 78' lang='lat' dir='ltr'>simu:</span> 
     </span>
     <span class='ocr_line' id='line_1_36' title="bbox 240 3999 1224 4097; baseline -0.017 -11"><span class='ocrx_word' id='word_1_227' title='bbox 240 4016 339 4088; x_wconf 90' lang='lat' dir='ltr'>latio.</span> <span class='ocrx_word' id='word_1_228' title='bbox 399 4009 458 4083; x_wconf 92' lang='lat' dir='ltr'>Sic</span> <span class='ocrx_word' id='word_1_229' title='bbox 488 4027 628 4097; x_wconf 83' lang='lat' dir='ltr'>semper</span> <span class='ocrx_word' id='word_1_230' title='bbox 652 3999 809 4072; x_wconf 82' lang='lat' dir='ltr'>Ecclesia</span> <span class='ocrx_word' id='word_1_231' title='bbox 834 4011 1087 4092; x_wconf 84' lang='lat' dir='ltr'>oppugnantur</span> <span class='ocrx_word' id='word_1_232' title='bbox 1115 3999 1224 4070; x_wconf 91' lang='lat' dir='ltr'>simu·</span> 
     </span>
    </p>
   </div>
   <div class='ocr_carea' id='block_1_8' title="bbox 242 4106 989 4461">
    <p class='ocr_par' dir='ltr' id='par_1_10' title="bbox 242 4106 989 4461">
     <span class='ocr_line' id='line_1_37' title="bbox 242 4106 742 4214; baseline -0.044 -26"><span class='ocrx_word' id='word_1_233' title='bbox 242 4119 375 4190; x_wconf 90' lang='lat' dir='ltr'>latione</span> <span class='ocrx_word' id='word_1_234' title='bbox 391 4129 424 4184; x_wconf 89' lang='lat' dir='ltr'>ct</span> <span class='ocrx_word' id='word_1_235' title='bbox 441 4126 561 4204; x_wconf 84' lang='lat' dir='ltr'>aperta</span> <span class='ocrx_word' id='word_1_236' title='bbox 580 4106 626 4179; x_wconf 89' lang='lat' dir='ltr'>vi.</span> <span class='ocrx_word' id='word_1_237' title='bbox 673 4208 676 4214; x_wconf 16' lang='grc' dir='ltr'><strong><em>Δ</em></strong></span> <span class='ocrx_word' id='word_1_238' title='bbox 738 4155 742 4166; x_wconf 91' lang='grc'><strong>.</strong></span> 
     </span>
     <span class='ocr_line' id='line_1_38' title="bbox 593 4253 989 4319; baseline -0.025 -10"><span class='ocrx_word' id='word_1_239' title='bbox 593 4253 876 4319; x_wconf 77' lang='lat' dir='ltr'>neqoloco.</span> <span class='ocrx_word' id='word_1_240' title='bbox 985 4263 989 4274; x_wconf 92' lang='lat'>·</span> 
     </span>
     <span class='ocr_line' id='line_1_39' title="bbox 491 4351 968 4461; baseline -0.029 -24"><span class='ocrx_word' id='word_1_241' title='bbox 491 4357 616 4456; x_wconf 84' lang='lat' dir='ltr'>Magi</span> <span class='ocrx_word' id='word_1_242' title='bbox 631 4351 790 4461; x_wconf 65' lang='lat' dir='ltr'>efferunt</span> <span class='ocrx_word' id='word_1_243' title='bbox 806 4380 968 4433; x_wconf 82' lang='lat' dir='ltr'>munero,</span> 
     </span>
    </p>
   </div>
   <div class='ocr_carea' id='block_1_9' title="bbox 239 4493 1225 4895">
    <p class='ocr_par' dir='ltr' id='par_1_11' title="bbox 239 4493 1225 4895">
     <span class='ocr_line' id='line_1_40' title="bbox 338 4493 1225 4597; baseline -0.014 -19"><span class='ocrx_word' id='word_1_244' title='bbox 338 4506 438 4597; x_wconf 89' lang='lat' dir='ltr'>Magi</span> <span class='ocrx_word' id='word_1_245' title='bbox 454 4514 648 4595; x_wconf 90' lang='lat' dir='ltr'>agnoscunt</span> <span class='ocrx_word' id='word_1_246' title='bbox 663 4493 759 4566; x_wconf 93' lang='lat' dir='ltr'>hunc</span> <span class='ocrx_word' id='word_1_247' title='bbox 776 4493 947 4564; x_wconf 82' lang='lat' dir='ltr'>infantem</span> <span class='ocrx_word' id='word_1_248' title='bbox 964 4493 1225 4584; x_wconf 88' lang='lat' dir='ltr'>esseMessiam,</span> 
     </span>
     <span class='ocr_line' id='line_1_41' title="bbox 241 4597 1224 4712; baseline -0.018 -25"><span class='ocrx_word' id='word_1_249' title='bbox 241 4615 323 4712; x_wconf 91' lang='lat' dir='ltr'>quia</span> <span class='ocrx_word' id='word_1_250' title='bbox 338 4610 434 4683; x_wconf 91' lang='lat' dir='ltr'>haud</span> <span class='ocrx_word' id='word_1_251' title='bbox 453 4607 561 4676; x_wconf 92' lang='lat' dir='ltr'>dubie</span> <span class='ocrx_word' id='word_1_252' title='bbox 577 4603 723 4670; x_wconf 81' lang='lat' dir='ltr'>luerunt</span> <span class='ocrx_word' id='word_1_253' title='bbox 745 4597 849 4685; x_wconf 90' lang='lat' dir='ltr'>tales,</span> <span class='ocrx_word' id='word_1_254' title='bbox 885 4597 1006 4690; x_wconf 85' lang='lat' dir='ltr'>quales</span> <span class='ocrx_word' id='word_1_255' title='bbox 1030 4623 1135 4698; x_wconf 89' lang='lat' dir='ltr'>supra</span> <span class='ocrx_word' id='word_1_256' title='bbox 1161 4604 1224 4670; x_wconf 92' lang='lat' dir='ltr'>de-</span> 
     </span>
     <span class='ocr_line' id='line_1_42' title="bbox 240 4695 1225 4809; baseline -0.017 -18"><span class='ocrx_word' id='word_1_257' title='bbox 240 4717 382 4809; x_wconf 83' lang='lat' dir='ltr'>scripsi,</span> <span class='ocrx_word' id='word_1_258' title='bbox 425 4706 590 4797; x_wconf 90' lang='lat' dir='ltr'>discipuli</span> <span class='ocrx_word' id='word_1_259' title='bbox 615 4695 892 4791; x_wconf 89' lang='lat' dir='ltr'>Prophetarum,</span> <span class='ocrx_word' id='word_1_260' title='bbox 936 4701 999 4790; x_wconf 88' lang='lat' dir='ltr'>qui</span> <span class='ocrx_word' id='word_1_261' title='bbox 1033 4715 1225 4774; x_wconf 90' lang='lat' dir='ltr'>tenuerunt</span> 
     </span>
     <span class='ocr_line' id='line_1_43' title="bbox 239 4797 1222 4895; baseline -0.018 -3"><span class='ocrx_word' id='word_1_262' title='bbox 239 4821 438 4895; x_wconf 87' lang='lat' dir='ltr'>doctrinam</span> <span class='ocrx_word' id='word_1_263' title='bbox 456 4814 499 4881; x_wconf 91' lang='lat' dir='ltr'>de</span> <span class='ocrx_word' id='word_1_264' title='bbox 518 4812 639 4880; x_wconf 81' lang='lat' dir='ltr'>futuro</span> <span class='ocrx_word' id='word_1_265' title='bbox 656 4803 806 4884; x_wconf 91' lang='lat' dir='ltr'>Messia,</span> <span class='ocrx_word' id='word_1_266' title='bbox 841 4801 931 4870; x_wconf 90' lang='lat' dir='ltr'>sicut</span> <span class='ocrx_word' id='word_1_267' title='bbox 953 4797 1038 4872; x_wconf 88' lang='lat' dir='ltr'>haec</span> <span class='ocrx_word' id='word_1_268' title='bbox 1063 4804 1222 4874; x_wconf 91' lang='lat' dir='ltr'>doctrina</span> 
     </span>
    </p>
   </div>
   <div class='ocr_carea' id='block_1_10' title="bbox 803 143 1643 274">
    <p class='ocr_par' dir='ltr' id='par_1_12' title="bbox 803 143 1643 274">
     <span class='ocr_line' id='line_1_44' title="bbox 803 143 1643 274; baseline 0 -52"><span class='ocrx_word' id='word_1_269' title='bbox 803 143 938 274; x_wconf 73' lang='lat' dir='ltr'>&#39;PHlb</span> <span class='ocrx_word' id='word_1_270' title='bbox 964 147 1082 226; x_wconf 85' lang='lat' dir='ltr'>MEL.</span> <span class='ocrx_word' id='word_1_271' title='bbox 1107 143 1317 224; x_wconf 80' lang='lat' dir='ltr'><strong>SCRIPTA</strong></span> <span class='ocrx_word' id='word_1_272' title='bbox 1343 143 1643 222; x_wconf 81' lang='lat' dir='ltr'>EXEGETICA.</span> 
     </span>
    </p>
   </div>
   <div class='ocr_carea' id='block_1_11' title="bbox 2169 159 2238 231">
    <p class='ocr_par' dir='ltr' id='par_1_13' title="bbox 2169 159 2238 231">
     <span class='ocr_line' id='line_1_45' title="bbox 2169 159 2238 231; baseline 0.014 -3"><span class='ocrx_word' id='word_1_273' title='bbox 2169 159 2238 231; x_wconf 76' lang='lat'>200</span> 
     </span>
    </p>
   </div>
   <div class='ocr_carea' id='block_1_12' title="bbox 1259 319 2300 1834">
    <p class='ocr_par' dir='ltr' id='par_1_14' title="bbox 1259 319 2300 1834">
     <span class='ocr_line' id='line_1_46' title="bbox 1358 319 2300 419; baseline 0.005 -29"><span class='ocrx_word' id='word_1_274' title='bbox 1358 320 1471 392; x_wconf 91' lang='lat' dir='ltr'>Porro</span> <span class='ocrx_word' id='word_1_275' title='bbox 1492 319 1561 392; x_wconf 94' lang='lat' dir='ltr'>hoc</span> <span class='ocrx_word' id='word_1_276' title='bbox 1583 321 1696 394; x_wconf 88' lang='lat' dir='ltr'>totum</span> <span class='ocrx_word' id='word_1_277' title='bbox 1724 323 1922 414; x_wconf 84' lang='lat' dir='ltr'>exemplum</span> <span class='ocrx_word' id='word_1_278' title='bbox 1946 338 1997 395; x_wconf 85' lang='lat' dir='ltr'>est</span> <span class='ocrx_word' id='word_1_279' title='bbox 2023 325 2167 396; x_wconf 87' lang='lat' dir='ltr'>illustris</span> <span class='ocrx_word' id='word_1_280' title='bbox 2187 328 2236 419; x_wconf 89' lang='lat' dir='ltr'>pi·</span> <span class='ocrx_word' id='word_1_281' title='bbox 2299 365 2300 378; x_wconf 31' lang='grc' dir='ltr'><strong>κ</strong></span> 
     </span>
     <span class='ocr_line' id='line_1_47' title="bbox 1259 422 2238 521; baseline 0.008 -30"><span class='ocrx_word' id='word_1_282' title='bbox 1259 437 1356 495; x_wconf 86' lang='lat' dir='ltr'>ctura</span> <span class='ocrx_word' id='word_1_283' title='bbox 1378 422 1575 521; x_wconf 76' lang='lat' dir='ltr'>Ecclesiae,</span> <span class='ocrx_word' id='word_1_284' title='bbox 1609 426 1724 516; x_wconf 88' lang='lat' dir='ltr'>qualis</span> <span class='ocrx_word' id='word_1_285' title='bbox 1754 425 1819 508; x_wconf 88' lang='lat' dir='ltr'>sit,</span> <span class='ocrx_word' id='word_1_286' title='bbox 1852 427 1891 494; x_wconf 90' lang='lat' dir='ltr'>in</span> <span class='ocrx_word' id='word_1_287' title='bbox 1922 428 2053 518; x_wconf 90' lang='lat' dir='ltr'>quibus</span> <span class='ocrx_word' id='word_1_288' title='bbox 2081 429 2238 519; x_wconf 84' lang='lat' dir='ltr'>periculis</span> 
     </span>
     <span class='ocr_line' id='line_1_48' title="bbox 1261 527 2237 620; baseline 0.005 -29"><span class='ocrx_word' id='word_1_289' title='bbox 1261 539 1436 607; x_wconf 74' lang='lat' dir='ltr'>versetur,</span> <span class='ocrx_word' id='word_1_290' title='bbox 1472 529 1651 620; x_wconf 87' lang='lat' dir='ltr'>quomodo</span> <span class='ocrx_word' id='word_1_291' title='bbox 1682 527 1911 612; x_wconf 78' lang='lat' dir='ltr'>defendatur,</span> <span class='ocrx_word' id='word_1_292' title='bbox 1936 543 1971 598; x_wconf 95' lang='lat' dir='ltr'>et</span> <span class='ocrx_word' id='word_1_293' title='bbox 2001 529 2135 614; x_wconf 89' lang='lat' dir='ltr'>alatur,</span> <span class='ocrx_word' id='word_1_294' title='bbox 2170 553 2237 598; x_wconf 91' lang='lat' dir='ltr'>non</span> 
     </span>
     <span class='ocr_line' id='line_1_49' title="bbox 1264 624 2240 718; baseline 0.002 -21"><span class='ocrx_word' id='word_1_295' title='bbox 1264 624 1435 697; x_wconf 87' lang='lat' dir='ltr'>humanis</span> <span class='ocrx_word' id='word_1_296' title='bbox 1446 629 1624 718; x_wconf 89' lang='lat' dir='ltr'>consiliis,</span> <span class='ocrx_word' id='word_1_297' title='bbox 1650 630 1709 698; x_wconf 89' lang='lat' dir='ltr'>sed</span> <span class='ocrx_word' id='word_1_298' title='bbox 1721 627 1796 698; x_wconf 90' lang='lat' dir='ltr'>Deo</span> <span class='ocrx_word' id='word_1_299' title='bbox 1812 630 2041 718; x_wconf 82' lang='lat' dir='ltr'>gubernante.</span> <span class='ocrx_word' id='word_1_300' title='bbox 2092 627 2240 700; x_wconf 80' lang='lat' dir='ltr'>Ecclesia</span> 
     </span>
     <span class='ocr_line' id='line_1_50' title="bbox 1263 726 2242 824; baseline 0.001 -27"><span class='ocrx_word' id='word_1_301' title='bbox 1263 744 1315 798; x_wconf 84' lang='lat' dir='ltr'>est</span> <span class='ocrx_word' id='word_1_302' title='bbox 1336 744 1455 799; x_wconf 90' lang='lat' dir='ltr'>coetus</span> <span class='ocrx_word' id='word_1_303' title='bbox 1478 753 1671 824; x_wconf 89' lang='lat' dir='ltr'>paucorum</span> <span class='ocrx_word' id='word_1_304' title='bbox 1694 730 1891 819; x_wconf 86' lang='lat' dir='ltr'>dispersus,</span> <span class='ocrx_word' id='word_1_305' title='bbox 1925 729 2080 819; x_wconf 88' lang='lat' dir='ltr'>Mariae,</span> <span class='ocrx_word' id='word_1_306' title='bbox 2111 726 2242 822; x_wconf 86' lang='lat' dir='ltr'>loseph,</span> 
     </span>
     <span class='ocr_line' id='line_1_51' title="bbox 1264 826 2241 918; baseline 0 -18"><span class='ocrx_word' id='word_1_307' title='bbox 1264 826 1474 918; x_wconf 85' lang='lat' dir='ltr'>Zachariae,</span> <span class='ocrx_word' id='word_1_308' title='bbox 1503 827 1707 916; x_wconf 83' lang='lat' dir='ltr'>Elisabeth,</span> <span class='ocrx_word' id='word_1_309' title='bbox 1733 830 1930 918; x_wconf 86' lang='lat' dir='ltr'>Simeonis,</span> <span class='ocrx_word' id='word_1_310' title='bbox 1955 836 2102 918; x_wconf 82' lang='lat' dir='ltr'>Annae,</span> <span class='ocrx_word' id='word_1_311' title='bbox 2126 831 2241 902; x_wconf 82' lang='lat' dir='ltr'>Pasto-</span> 
     </span>
     <span class='ocr_line' id='line_1_52' title="bbox 1263 931 2262 1023; baseline -0.001 -21"><span class='ocrx_word' id='word_1_312' title='bbox 1263 956 1363 1014; x_wconf 90' lang='lat' dir='ltr'>rum,</span> <span class='ocrx_word' id='word_1_313' title='bbox 1395 931 1604 1023; x_wconf 80' lang='lat' dir='ltr'>Magorum,</span> <span class='ocrx_word' id='word_1_314' title='bbox 1636 946 1671 1003; x_wconf 89' lang='lat' dir='ltr'>et</span> <span class='ocrx_word' id='word_1_315' title='bbox 1695 933 1886 1022; x_wconf 86' lang='lat' dir='ltr'>similium,</span> <span class='ocrx_word' id='word_1_316' title='bbox 1911 960 1990 1006; x_wconf 91' lang='lat' dir='ltr'>cum</span> <span class='ocrx_word' id='word_1_317' title='bbox 2013 935 2155 1006; x_wconf 90' lang='lat' dir='ltr'>interim</span> <span class='ocrx_word' id='word_1_318' title='bbox 2178 933 2262 1002; x_wconf 79' lang='lat' dir='ltr'>sibi</span> 
     </span>
     <span class='ocr_line' id='line_1_53' title="bbox 1263 1033 2241 1128; baseline -0.007 -20"><span class='ocrx_word' id='word_1_319' title='bbox 1263 1034 1407 1108; x_wconf 90' lang='lat' dir='ltr'>titulum</span> <span class='ocrx_word' id='word_1_320' title='bbox 1433 1047 1614 1105; x_wconf 85' lang='lat' dir='ltr'>sumerent</span> <span class='ocrx_word' id='word_1_321' title='bbox 1638 1033 1847 1128; x_wconf 82' lang='lat' dir='ltr'>Pontifices,</span> <span class='ocrx_word' id='word_1_322' title='bbox 1883 1051 1917 1107; x_wconf 89' lang='lat' dir='ltr'>et</span> <span class='ocrx_word' id='word_1_323' title='bbox 1945 1039 2005 1107; x_wconf 90' lang='lat' dir='ltr'>alii</span> <span class='ocrx_word' id='word_1_324' title='bbox 2037 1037 2139 1127; x_wconf 88' lang='lat' dir='ltr'>impii</span> <span class='ocrx_word' id='word_1_325' title='bbox 2169 1057 2241 1104; x_wconf 89' lang='lat' dir='ltr'>cum</span> 
     </span>
     <span class='ocr_line' id='line_1_54' title="bbox 1266 1134 2243 1226; baseline -0.005 -19"><span class='ocrx_word' id='word_1_326' title='bbox 1266 1137 1373 1207; x_wconf 92' lang='lat' dir='ltr'>verbo</span> <span class='ocrx_word' id='word_1_327' title='bbox 1390 1134 1458 1205; x_wconf 92' lang='lat' dir='ltr'>Dei</span> <span class='ocrx_word' id='word_1_328' title='bbox 1479 1138 1745 1226; x_wconf 86' lang='lat' dir='ltr'>belligerantes,</span> <span class='ocrx_word' id='word_1_329' title='bbox 1771 1162 1851 1208; x_wconf 91' lang='lat' dir='ltr'>cum</span> <span class='ocrx_word' id='word_1_330' title='bbox 1865 1136 2021 1210; x_wconf 85' lang='lat' dir='ltr'>Ecclesia</span> <span class='ocrx_word' id='word_1_331' title='bbox 2045 1151 2180 1208; x_wconf 88' lang='lat' dir='ltr'>tantum</span> <span class='ocrx_word' id='word_1_332' title='bbox 2196 1135 2243 1204; x_wconf 92' lang='lat' dir='ltr'>ibi</span> 
     </span>
     <span class='ocr_line' id='line_1_55' title="bbox 1266 1237 2243 1326; baseline -0.002 -18"><span class='ocrx_word' id='word_1_333' title='bbox 1266 1239 1329 1322; x_wconf 92' lang='lat' dir='ltr'>sit,</span> <span class='ocrx_word' id='word_1_334' title='bbox 1356 1239 1418 1308; x_wconf 92' lang='lat' dir='ltr'>ubi</span> <span class='ocrx_word' id='word_1_335' title='bbox 1438 1252 1489 1308; x_wconf 89' lang='lat' dir='ltr'>est</span> <span class='ocrx_word' id='word_1_336' title='bbox 1509 1242 1657 1308; x_wconf 88' lang='lat' dir='ltr'>verbum</span> <span class='ocrx_word' id='word_1_337' title='bbox 1674 1237 1752 1312; x_wconf 91' lang='lat' dir='ltr'>Dei.</span> <span class='ocrx_word' id='word_1_338' title='bbox 1804 1239 1933 1310; x_wconf 87' lang='lat' dir='ltr'>Hostes</span> <span class='ocrx_word' id='word_1_339' title='bbox 1948 1256 2029 1310; x_wconf 89' lang='lat' dir='ltr'>sunt</span> <span class='ocrx_word' id='word_1_340' title='bbox 2043 1237 2200 1326; x_wconf 80' lang='lat' dir='ltr'>Herodes</span> <span class='ocrx_word' id='word_1_341' title='bbox 2213 1249 2243 1306; x_wconf 88' lang='lat' dir='ltr'>et</span> 
     </span>
     <span class='ocr_line' id='line_1_56' title="bbox 1266 1337 2243 1426; baseline -0.006 -17"><span class='ocrx_word' id='word_1_342' title='bbox 1266 1339 1474 1426; x_wconf 85' lang='lat' dir='ltr'>Pontifices,</span> <span class='ocrx_word' id='word_1_343' title='bbox 1505 1355 1539 1412; x_wconf 88' lang='lat' dir='ltr'>et</span> <span class='ocrx_word' id='word_1_344' title='bbox 1568 1341 1773 1413; x_wconf 82' lang='lat' dir='ltr'>defenditur</span> <span class='ocrx_word' id='word_1_345' title='bbox 1795 1337 1882 1413; x_wconf 89' lang='lat' dir='ltr'>haec</span> <span class='ocrx_word' id='word_1_346' title='bbox 1905 1339 2061 1413; x_wconf 81' lang='lat' dir='ltr'>Ecclesia</span> <span class='ocrx_word' id='word_1_347' title='bbox 2084 1344 2243 1410; x_wconf 88' lang='lat' dir='ltr'>adversus</span> 
     </span>
     <span class='ocr_line' id='line_1_57' title="bbox 1269 1437 2244 1534; baseline -0.002 -24"><span class='ocrx_word' id='word_1_348' title='bbox 1269 1439 1466 1526; x_wconf 89' lang='lat' dir='ltr'>Herodem,</span> <span class='ocrx_word' id='word_1_349' title='bbox 1499 1457 1532 1511; x_wconf 87' lang='lat' dir='ltr'>et</span> <span class='ocrx_word' id='word_1_350' title='bbox 1555 1443 1662 1514; x_wconf 89' lang='lat' dir='ltr'>alitur</span> <span class='ocrx_word' id='word_1_351' title='bbox 1683 1443 1892 1514; x_wconf 87' lang='lat' dir='ltr'>muneribus</span> <span class='ocrx_word' id='word_1_352' title='bbox 1916 1443 2117 1534; x_wconf 84' lang='lat' dir='ltr'>Magorum.</span> <span class='ocrx_word' id='word_1_353' title='bbox 2181 1437 2244 1508; x_wconf 85' lang='lat' dir='ltr'>llic</span> 
     </span>
     <span class='ocr_line' id='line_1_58' title="bbox 1265 1541 2244 1634; baseline -0.006 -23"><span class='ocrx_word' id='word_1_354' title='bbox 1265 1541 1369 1612; x_wconf 89' lang='lat' dir='ltr'>Deus</span> <span class='ocrx_word' id='word_1_355' title='bbox 1389 1544 1544 1614; x_wconf 88' lang='lat' dir='ltr'>mirabili</span> <span class='ocrx_word' id='word_1_356' title='bbox 1569 1547 1677 1614; x_wconf 93' lang='lat' dir='ltr'>modo</span> <span class='ocrx_word' id='word_1_357' title='bbox 1698 1544 2053 1626; x_wconf 84' lang='lat' dir='ltr'>servatEcclesiam,</span> <span class='ocrx_word' id='word_1_358' title='bbox 2085 1544 2187 1634; x_wconf 73' lang='lat' dir='ltr'>etiam</span> <span class='ocrx_word' id='word_1_359' title='bbox 2210 1541 2244 1606; x_wconf 93' lang='lat' dir='ltr'>in</span> 
     </span>
     <span class='ocr_line' id='line_1_59' title="bbox 1267 1641 2244 1740; baseline -0.006 -26"><span class='ocrx_word' id='word_1_360' title='bbox 1267 1641 1332 1714; x_wconf 93' lang='lat' dir='ltr'>hac</span> <span class='ocrx_word' id='word_1_361' title='bbox 1356 1646 1445 1731; x_wconf 91' lang='lat' dir='ltr'>vita,</span> <span class='ocrx_word' id='word_1_362' title='bbox 1472 1647 1561 1716; x_wconf 92' lang='lat' dir='ltr'>sicut</span> <span class='ocrx_word' id='word_1_363' title='bbox 1584 1647 1701 1740; x_wconf 90' lang='lat' dir='ltr'>inquit</span> <span class='ocrx_word' id='word_1_364' title='bbox 1716 1645 1900 1734; x_wconf 88' lang='lat' dir='ltr'>Psalmus,</span> <span class='ocrx_word' id='word_1_365' title='bbox 1925 1647 2006 1720; x_wconf 89' lang='lat' dir='ltr'>Non</span> <span class='ocrx_word' id='word_1_366' title='bbox 2027 1646 2102 1716; x_wconf 91' lang='lat' dir='ltr'>vidi</span> <span class='ocrx_word' id='word_1_367' title='bbox 2121 1645 2244 1715; x_wconf 89' lang='lat' dir='ltr'>iustum</span> 
     </span>
     <span class='ocr_line' id='line_1_60' title="bbox 1266 1747 1750 1834; baseline 0.008 -19"><span class='ocrx_word' id='word_1_368' title='bbox 1266 1747 1475 1818; x_wconf 88' lang='lat' dir='ltr'>derelictum</span> <span class='ocrx_word' id='word_1_369' title='bbox 1494 1749 1661 1834; x_wconf 82' lang='lat' dir='ltr'>infame,</span> <span class='ocrx_word' id='word_1_370' title='bbox 1686 1761 1750 1820; x_wconf 89' lang='lat' dir='ltr'>etc.</span> 
     </span>
    </p>
   </div>
   <div class='ocr_carea' id='block_1_13' title="bbox 1625 1969 1892 2065">
    <p class='ocr_par' dir='ltr' id='par_1_15' title="bbox 1625 1969 1892 2065">
     <span class='ocr_line' id='line_1_61' title="bbox 1625 1969 1892 2065; baseline -0.004 -25"><span class='ocrx_word' id='word_1_371' title='bbox 1625 1969 1892 2065; x_wconf 76' lang='lat' dir='ltr'>Alleporio.</span> 
     </span>
    </p>
   </div>
   <div class='ocr_carea' id='block_1_14' title="bbox 1267 2113 2300 3330">
    <p class='ocr_par' dir='ltr' id='par_1_16' title="bbox 1267 2113 2300 3330">
     <span class='ocr_line' id='line_1_62' title="bbox 1368 2113 2247 2215; baseline -0.009 -25"><span class='ocrx_word' id='word_1_372' title='bbox 1368 2117 1467 2208; x_wconf 87' lang='lat' dir='ltr'>Magi</span> <span class='ocrx_word' id='word_1_373' title='bbox 1486 2119 1641 2190; x_wconf 89' lang='lat' dir='ltr'>offerunt</span> <span class='ocrx_word' id='word_1_374' title='bbox 1658 2117 1815 2200; x_wconf 72' lang='lat' dir='ltr'>Aurium,</span> <span class='ocrx_word' id='word_1_375' title='bbox 1843 2113 1963 2204; x_wconf 79' lang='lat' dir='ltr'>Thus,</span> <span class='ocrx_word' id='word_1_376' title='bbox 1990 2115 2189 2215; x_wconf 88' lang='lat' dir='ltr'>Myrrham,</span> <span class='ocrx_word' id='word_1_377' title='bbox 2213 2115 2247 2183; x_wconf 92' lang='lat' dir='ltr'>in</span> 
     </span>
     <span class='ocr_line' id='line_1_63' title="bbox 1267 2219 2249 2314; baseline -0.006 -23"><span class='ocrx_word' id='word_1_378' title='bbox 1267 2219 1324 2292; x_wconf 87' lang='lat' dir='ltr'>his</span> <span class='ocrx_word' id='word_1_379' title='bbox 1346 2236 1396 2292; x_wconf 89' lang='lat' dir='ltr'>est</span> <span class='ocrx_word' id='word_1_380' title='bbox 1419 2221 1540 2312; x_wconf 85' lang='lat' dir='ltr'>pulcra</span> <span class='ocrx_word' id='word_1_381' title='bbox 1564 2221 1791 2310; x_wconf 83' lang='lat' dir='ltr'>significatio,</span> <span class='ocrx_word' id='word_1_382' title='bbox 1819 2245 2021 2314; x_wconf 87' lang='lat' dir='ltr'>quanquam</span> <span class='ocrx_word' id='word_1_383' title='bbox 2045 2222 2144 2313; x_wconf 89' lang='lat' dir='ltr'>prius</span> <span class='ocrx_word' id='word_1_384' title='bbox 2168 2241 2249 2288; x_wconf 90' lang='lat' dir='ltr'>con·</span> 
     </span>
     <span class='ocr_line' id='line_1_64' title="bbox 1268 2317 2249 2417; baseline -0.005 -25"><span class='ocrx_word' id='word_1_385' title='bbox 1268 2325 1498 2392; x_wconf 89' lang='lat' dir='ltr'>siderandum</span> <span class='ocrx_word' id='word_1_386' title='bbox 1521 2337 1574 2392; x_wconf 90' lang='lat' dir='ltr'>est</span> <span class='ocrx_word' id='word_1_387' title='bbox 1591 2321 1804 2393; x_wconf 86' lang='lat' dir='ltr'>beneficium.</span> <span class='ocrx_word' id='word_1_388' title='bbox 1818 2322 2020 2412; x_wconf 89' lang='lat' dir='ltr'>corporale,</span> <span class='ocrx_word' id='word_1_389' title='bbox 2048 2326 2143 2417; x_wconf 92' lang='lat' dir='ltr'>quod</span> <span class='ocrx_word' id='word_1_390' title='bbox 2161 2317 2249 2390; x_wconf 90' lang='lat' dir='ltr'>Deus</span> 
     </span>
     <span class='ocr_line' id='line_1_65' title="bbox 1270 2421 2249 2512; baseline -0.006 -19"><span class='ocrx_word' id='word_1_391' title='bbox 1270 2449 1416 2494; x_wconf 89' lang='lat' dir='ltr'>munere</span> <span class='ocrx_word' id='word_1_392' title='bbox 1447 2425 1566 2493; x_wconf 90' lang='lat' dir='ltr'>oblato</span> <span class='ocrx_word' id='word_1_393' title='bbox 1594 2448 1614 2492; x_wconf 89' lang='lat' dir='ltr'>a</span> <span class='ocrx_word' id='word_1_394' title='bbox 1643 2421 1758 2512; x_wconf 87' lang='lat' dir='ltr'>Magis</span> <span class='ocrx_word' id='word_1_395' title='bbox 1789 2424 1942 2495; x_wconf 91' lang='lat' dir='ltr'>voluerit</span> <span class='ocrx_word' id='word_1_396' title='bbox 1973 2447 2099 2494; x_wconf 85' lang='lat' dir='ltr'>curare</span> <span class='ocrx_word' id='word_1_397' title='bbox 2124 2424 2249 2492; x_wconf 90' lang='lat' dir='ltr'>victum</span> 
     </span>
     <span class='ocr_line' id='line_1_66' title="bbox 1270 2521 2251 2615; baseline -0.007 -20"><span class='ocrx_word' id='word_1_398' title='bbox 1270 2528 1371 2597; x_wconf 89' lang='lat' dir='ltr'>matri</span> <span class='ocrx_word' id='word_1_399' title='bbox 1390 2540 1423 2596; x_wconf 89' lang='lat' dir='ltr'>et</span> <span class='ocrx_word' id='word_1_400' title='bbox 1441 2551 1562 2615; x_wconf 85' lang='lat' dir='ltr'>puero.</span> <span class='ocrx_word' id='word_1_401' title='bbox 1613 2523 1707 2612; x_wconf 83' lang='lat' dir='ltr'>Quia</span> <span class='ocrx_word' id='word_1_402' title='bbox 1725 2522 1820 2598; x_wconf 88' lang='lat' dir='ltr'>Deus</span> <span class='ocrx_word' id='word_1_403' title='bbox 1837 2526 1915 2595; x_wconf 88' lang='lat' dir='ltr'>vult</span> <span class='ocrx_word' id='word_1_404' title='bbox 1931 2526 2120 2596; x_wconf 86' lang='lat' dir='ltr'>sustentari</span> <span class='ocrx_word' id='word_1_405' title='bbox 2135 2521 2251 2594; x_wconf 83' lang='lat' dir='ltr'>Eccle-</span> 
     </span>
     <span class='ocr_line' id='line_1_67' title="bbox 1270 2626 2252 2719; baseline -0.009 -20"><span class='ocrx_word' id='word_1_406' title='bbox 1270 2630 1339 2699; x_wconf 89' lang='lat' dir='ltr'>sias</span> <span class='ocrx_word' id='word_1_407' title='bbox 1361 2627 1572 2697; x_wconf 88' lang='lat' dir='ltr'>liberalitate</span> <span class='ocrx_word' id='word_1_408' title='bbox 1594 2627 1794 2718; x_wconf 88' lang='lat' dir='ltr'>aliquorum</span> <span class='ocrx_word' id='word_1_409' title='bbox 1819 2626 1960 2717; x_wconf 91' lang='lat' dir='ltr'>piorum</span> <span class='ocrx_word' id='word_1_410' title='bbox 1978 2629 2178 2719; x_wconf 84' lang='lat' dir='ltr'>principum</span> <span class='ocrx_word' id='word_1_411' title='bbox 2196 2635 2252 2692; x_wconf 76' lang='lat' dir='ltr'>atat</span> 
     </span>
     <span class='ocr_line' id='line_1_68' title="bbox 1271 2723 2251 2820; baseline -0.009 -21"><span class='ocrx_word' id='word_1_412' title='bbox 1271 2731 1499 2820; x_wconf 88' lang='lat' dir='ltr'>locupletum.</span> <span class='ocrx_word' id='word_1_413' title='bbox 1549 2725 1597 2798; x_wconf 88' lang='lat' dir='ltr'>Et</span> <span class='ocrx_word' id='word_1_414' title='bbox 1616 2730 1710 2820; x_wconf 89' lang='lat' dir='ltr'>quod</span> <span class='ocrx_word' id='word_1_415' title='bbox 1732 2723 1816 2798; x_wconf 88' lang='lat' dir='ltr'>haec</span> <span class='ocrx_word' id='word_1_416' title='bbox 1832 2728 1999 2798; x_wconf 87' lang='lat' dir='ltr'>beneficia</span> <span class='ocrx_word' id='word_1_417' title='bbox 2020 2730 2139 2816; x_wconf 86' lang='lat' dir='ltr'>magui</span> <span class='ocrx_word' id='word_1_418' title='bbox 2155 2723 2251 2794; x_wconf 87' lang='lat' dir='ltr'>aesti-</span> 
     </span>
     <span class='ocr_line' id='line_1_69' title="bbox 1273 2826 2300 2918; baseline -0.007 -18"><span class='ocrx_word' id='word_1_419' title='bbox 1273 2846 1343 2902; x_wconf 86' lang='lat' dir='ltr'>met</span> <span class='ocrx_word' id='word_1_420' title='bbox 1365 2827 1547 2913; x_wconf 86' lang='lat' dir='ltr'>Christus,</span> <span class='ocrx_word' id='word_1_421' title='bbox 1579 2843 1725 2900; x_wconf 86' lang='lat' dir='ltr'>testatur</span> <span class='ocrx_word' id='word_1_422' title='bbox 1755 2829 1847 2918; x_wconf 85' lang='lat' dir='ltr'>ipse,</span> <span class='ocrx_word' id='word_1_423' title='bbox 1881 2853 1961 2898; x_wconf 89' lang='lat' dir='ltr'>cum</span> <span class='ocrx_word' id='word_1_424' title='bbox 1994 2831 2098 2900; x_wconf 88' lang='lat' dir='ltr'>dicit:</span> <span class='ocrx_word' id='word_1_425' title='bbox 2133 2826 2251 2918; x_wconf 91' lang='lat' dir='ltr'>Quod·</span> <span class='ocrx_word' id='word_1_426' title='bbox 2299 2871 2300 2882; x_wconf 27' lang='grc' dir='ltr'><strong>κ</strong></span> 
     </span>
     <span class='ocr_line' id='line_1_70' title="bbox 1272 2923 2252 3027; baseline -0.005 -24"><span class='ocrx_word' id='word_1_427' title='bbox 1272 2957 1412 3027; x_wconf 78' lang='lat' dir='ltr'>usuque</span> <span class='ocrx_word' id='word_1_428' title='bbox 1426 2933 1557 3000; x_wconf 85' lang='lat' dir='ltr'>fecistis</span> <span class='ocrx_word' id='word_1_429' title='bbox 1574 2931 1636 3000; x_wconf 90' lang='lat' dir='ltr'>uni</span> <span class='ocrx_word' id='word_1_430' title='bbox 1651 2955 1693 3000; x_wconf 86' lang='lat' dir='ltr'>ex</span> <span class='ocrx_word' id='word_1_431' title='bbox 1708 2931 1868 2998; x_wconf 90' lang='lat' dir='ltr'>minimis</span> <span class='ocrx_word' id='word_1_432' title='bbox 1881 2923 1986 3016; x_wconf 85' lang='lat' dir='ltr'>meis,</span> <span class='ocrx_word' id='word_1_433' title='bbox 2013 2928 2107 3002; x_wconf 90' lang='lat' dir='ltr'>mihi</span> <span class='ocrx_word' id='word_1_434' title='bbox 2120 2927 2252 3000; x_wconf 83' lang='lat' dir='ltr'>lecistis.</span> 
     </span>
     <span class='ocr_line' id='line_1_71' title="bbox 1274 3028 2252 3125; baseline -0.011 -20"><span class='ocrx_word' id='word_1_435' title='bbox 1274 3038 1378 3106; x_wconf 90' lang='lat' dir='ltr'>ltem:</span> <span class='ocrx_word' id='word_1_436' title='bbox 1406 3033 1481 3123; x_wconf 87' lang='lat' dir='ltr'>Qui</span> <span class='ocrx_word' id='word_1_437' title='bbox 1503 3033 1640 3103; x_wconf 90' lang='lat' dir='ltr'>dederit</span> <span class='ocrx_word' id='word_1_438' title='bbox 1663 3033 1769 3102; x_wconf 92' lang='lat' dir='ltr'>alicui</span> <span class='ocrx_word' id='word_1_439' title='bbox 1791 3047 1913 3123; x_wconf 90' lang='lat' dir='ltr'>potum</span> <span class='ocrx_word' id='word_1_440' title='bbox 1929 3057 2042 3125; x_wconf 88' lang='lat' dir='ltr'>aquae</span> <span class='ocrx_word' id='word_1_441' title='bbox 2057 3033 2204 3122; x_wconf 84' lang='lat' dir='ltr'>frigidae</span> <span class='ocrx_word' id='word_1_442' title='bbox 2218 3028 2252 3094; x_wconf 90' lang='lat' dir='ltr'>in</span> 
     </span>
     <span class='ocr_line' id='line_1_72' title="bbox 1274 3130 2252 3224; baseline -0.011 -18"><span class='ocrx_word' id='word_1_443' title='bbox 1274 3139 1419 3206; x_wconf 89' lang='lat' dir='ltr'>nomine</span> <span class='ocrx_word' id='word_1_444' title='bbox 1432 3135 1510 3204; x_wconf 90' lang='lat' dir='ltr'>meo</span> <span class='ocrx_word' id='word_1_445' title='bbox 1526 3150 1589 3206; x_wconf 91' lang='lat' dir='ltr'>etc.</span> <span class='ocrx_word' id='word_1_446' title='bbox 1643 3133 1702 3206; x_wconf 92' lang='lat' dir='ltr'>Sic</span> <span class='ocrx_word' id='word_1_447' title='bbox 1718 3146 1753 3204; x_wconf 91' lang='lat' dir='ltr'>et</span> <span class='ocrx_word' id='word_1_448' title='bbox 1767 3132 1900 3204; x_wconf 86' lang='lat' dir='ltr'>Paulus</span> <span class='ocrx_word' id='word_1_449' title='bbox 1914 3135 2118 3204; x_wconf 89' lang='lat' dir='ltr'>dulcissime</span> <span class='ocrx_word' id='word_1_450' title='bbox 2133 3130 2252 3224; x_wconf 86' lang='lat' dir='ltr'>gratias</span> 
     </span>
     <span class='ocr_line' id='line_1_73' title="bbox 1274 3225 2253 3330; baseline -0.009 -23"><span class='ocrx_word' id='word_1_451' title='bbox 1274 3239 1346 3328; x_wconf 88' lang='lat' dir='ltr'>agit</span> <span class='ocrx_word' id='word_1_452' title='bbox 1359 3234 1581 3324; x_wconf 74' lang='lat' dir='ltr'>Philemoni,</span> <span class='ocrx_word' id='word_1_453' title='bbox 1609 3238 1704 3330; x_wconf 92' lang='lat' dir='ltr'>quod</span> <span class='ocrx_word' id='word_1_454' title='bbox 1730 3235 1903 3326; x_wconf 83' lang='lat' dir='ltr'>exceperit</span> <span class='ocrx_word' id='word_1_455' title='bbox 1925 3250 1959 3307; x_wconf 90' lang='lat' dir='ltr'>et</span> <span class='ocrx_word' id='word_1_456' title='bbox 1982 3225 2114 3309; x_wconf 87' lang='lat' dir='ltr'>iuverit</span> <span class='ocrx_word' id='word_1_457' title='bbox 2130 3254 2253 3327; x_wconf 88' lang='lat' dir='ltr'>paupe·</span> 
     </span>
    </p>
   </div>
   <div class='ocr_carea' id='block_1_15' title="bbox 1177 3333 2253 3432">
    <p class='ocr_par' dir='ltr' id='par_1_17' title="bbox 1177 3333 2253 3432">
     <span class='ocr_line' id='line_1_74' title="bbox 1177 3333 2253 3432; baseline -0.011 -21"><span class='ocrx_word' id='word_1_458' title='bbox 1177 3423 1179 3430; x_wconf 27' lang='grc' dir='ltr'>Ι</span> <span class='ocrx_word' id='word_1_459' title='bbox 1276 3365 1330 3410; x_wconf 89' lang='lat' dir='ltr'>res</span> <span class='ocrx_word' id='word_1_460' title='bbox 1347 3353 1379 3410; x_wconf 92' lang='lat' dir='ltr'>et</span> <span class='ocrx_word' id='word_1_461' title='bbox 1397 3354 1534 3429; x_wconf 85' lang='lat' dir='ltr'>egentes</span> <span class='ocrx_word' id='word_1_462' title='bbox 1552 3339 1748 3409; x_wconf 87' lang='lat' dir='ltr'>ministros:</span> <span class='ocrx_word' id='word_1_463' title='bbox 1775 3335 2025 3424; x_wconf 80' lang='lat' dir='ltr'>Reiectssunt,</span> <span class='ocrx_word' id='word_1_464' title='bbox 2046 3336 2176 3432; x_wconf 88' lang='lat' dir='ltr'>inquit,</span> <span class='ocrx_word' id='word_1_465' title='bbox 2197 3333 2253 3404; x_wconf 88' lang='lat' dir='ltr'>abs</span> 
     </span>
    </p>
   </div>
   <div class='ocr_carea' id='block_1_16' title="bbox 1275 3443 1689 3514">
    <p class='ocr_par' dir='ltr' id='par_1_18' title="bbox 1275 3443 1689 3514">
     <span class='ocr_line' id='line_1_75' title="bbox 1275 3443 1689 3514; baseline -0.005 0"><span class='ocrx_word' id='word_1_466' title='bbox 1275 3457 1309 3514; x_wconf 91' lang='lat' dir='ltr'>te</span> <span class='ocrx_word' id='word_1_467' title='bbox 1325 3443 1456 3512; x_wconf 87' lang='lat' dir='ltr'>viscera</span> <span class='ocrx_word' id='word_1_468' title='bbox 1472 3455 1689 3514; x_wconf 83' lang='lat' dir='ltr'>sanctorum.</span> 
     </span>
    </p>
   </div>
   <div class='ocr_carea' id='block_1_17' title="bbox 1276 3567 2257 4080">
    <p class='ocr_par' dir='ltr' id='par_1_19' title="bbox 1276 3567 2257 4080">
     <span class='ocr_line' id='line_1_76' title="bbox 1380 3567 2255 3666; baseline -0.013 -20"><span class='ocrx_word' id='word_1_469' title='bbox 1380 3572 1519 3646; x_wconf 84' lang='lat' dir='ltr'>Aurum</span> <span class='ocrx_word' id='word_1_470' title='bbox 1549 3573 1759 3666; x_wconf 87' lang='lat' dir='ltr'>regulariter</span> <span class='ocrx_word' id='word_1_471' title='bbox 1786 3573 1959 3665; x_wconf 84' lang='lat' dir='ltr'>significat</span> <span class='ocrx_word' id='word_1_472' title='bbox 1982 3597 2109 3666; x_wconf 89' lang='lat' dir='ltr'>puram</span> <span class='ocrx_word' id='word_1_473' title='bbox 2131 3567 2255 3643; x_wconf 90' lang='lat' dir='ltr'>doctri·</span> 
     </span>
     <span class='ocr_line' id='line_1_77' title="bbox 1276 3675 2254 3750; baseline -0.014 0"><span class='ocrx_word' id='word_1_474' title='bbox 1276 3705 1356 3750; x_wconf 91' lang='lat' dir='ltr'>nam</span> <span class='ocrx_word' id='word_1_475' title='bbox 1379 3679 1472 3748; x_wconf 86' lang='lat' dir='ltr'>fidei.</span> <span class='ocrx_word' id='word_1_476' title='bbox 1525 3676 1625 3750; x_wconf 89' lang='lat' dir='ltr'>Sicut</span> <span class='ocrx_word' id='word_1_477' title='bbox 1638 3679 1677 3746; x_wconf 91' lang='lat' dir='ltr'>in</span> <span class='ocrx_word' id='word_1_478' title='bbox 1692 3678 1839 3750; x_wconf 86' lang='lat' dir='ltr'>Psalm.:</span> <span class='ocrx_word' id='word_1_479' title='bbox 1866 3675 1939 3746; x_wconf 80' lang='lat' dir='ltr'>Lex</span> <span class='ocrx_word' id='word_1_480' title='bbox 1953 3689 2014 3745; x_wconf 88' lang='lat' dir='ltr'>tua</span> <span class='ocrx_word' id='word_1_481' title='bbox 2029 3677 2123 3747; x_wconf 87' lang='lat' dir='ltr'>sicut</span> <span class='ocrx_word' id='word_1_482' title='bbox 2137 3691 2254 3744; x_wconf 88' lang='lat' dir='ltr'>aurum</span> 
     </span>
     <span class='ocr_line' id='line_1_78' title="bbox 1277 3774 2256 3875; baseline -0.014 -23"><span class='ocrx_word' id='word_1_483' title='bbox 1277 3781 1518 3875; x_wconf 88' lang='lat' dir='ltr'>purissimum.</span> <span class='ocrx_word' id='word_1_484' title='bbox 1594 3774 1696 3850; x_wconf 87' lang='lat' dir='ltr'>Thus</span> <span class='ocrx_word' id='word_1_485' title='bbox 1732 3779 1905 3868; x_wconf 83' lang='lat' dir='ltr'>significat</span> <span class='ocrx_word' id='word_1_486' title='bbox 1940 3778 2201 3848; x_wconf 88' lang='lat' dir='ltr'>invocationem</span> <span class='ocrx_word' id='word_1_487' title='bbox 2226 3781 2256 3838; x_wconf 87' lang='lat' dir='ltr'>et</span> 
     </span>
     <span class='ocr_line' id='line_1_79' title="bbox 1276 3875 2257 3976; baseline -0.015 -22"><span class='ocrx_word' id='word_1_488' title='bbox 1276 3883 1543 3954; x_wconf 76' lang='lat' dir='ltr'>confessionem.</span> <span class='ocrx_word' id='word_1_489' title='bbox 1611 3875 1762 3976; x_wconf 90' lang='lat' dir='ltr'>Myrrha</span> <span class='ocrx_word' id='word_1_490' title='bbox 1799 3903 1939 3950; x_wconf 90' lang='lat' dir='ltr'>crucem</span> <span class='ocrx_word' id='word_1_491' title='bbox 1975 3893 2013 3952; x_wconf 88' lang='lat' dir='ltr'>et</span> <span class='ocrx_word' id='word_1_492' title='bbox 2040 3879 2257 3955; x_wconf 81' lang='lat' dir='ltr'>afflictiones,</span> 
     </span>
     <span class='ocr_line' id='line_1_80' title="bbox 1276 3983 1867 4080; baseline 0 -25"><span class='ocrx_word' id='word_1_493' title='bbox 1276 4009 1366 4080; x_wconf 91' lang='lat' dir='ltr'>quae</span> <span class='ocrx_word' id='word_1_494' title='bbox 1384 3998 1581 4077; x_wconf 86' lang='lat' dir='ltr'>sequuntur</span> <span class='ocrx_word' id='word_1_495' title='bbox 1595 3983 1867 4055; x_wconf 83' lang='lat' dir='ltr'>consessionem.</span> 
     </span>
    </p>
   </div>
   <div class='ocr_carea' id='block_1_18' title="bbox 1274 4109 2259 4914">
    <p class='ocr_par' dir='ltr' id='par_1_20' title="bbox 1274 4109 2259 4914">
     <span class='ocr_line' id='line_1_81' title="bbox 1378 4109 2258 4207; baseline -0.013 -23"><span class='ocrx_word' id='word_1_496' title='bbox 1378 4113 1476 4184; x_wconf 90' lang='lat' dir='ltr'>Haec</span> <span class='ocrx_word' id='word_1_497' title='bbox 1506 4139 1652 4184; x_wconf 84' lang='lat' dir='ltr'>munera</span> <span class='ocrx_word' id='word_1_498' title='bbox 1681 4137 1747 4183; x_wconf 90' lang='lat' dir='ltr'>nos</span> <span class='ocrx_word' id='word_1_499' title='bbox 1778 4137 1920 4207; x_wconf 86' lang='lat' dir='ltr'>quoqne</span> <span class='ocrx_word' id='word_1_500' title='bbox 1943 4113 2113 4183; x_wconf 91' lang='lat' dir='ltr'>debemus</span> <span class='ocrx_word' id='word_1_501' title='bbox 2137 4109 2258 4181; x_wconf 87' lang='lat' dir='ltr'>offerre</span> 
     </span>
     <span class='ocr_line' id='line_1_82' title="bbox 1276 4213 2257 4291; baseline -0.016 0"><span class='ocrx_word' id='word_1_502' title='bbox 1276 4215 1430 4291; x_wconf 89' lang='lat' dir='ltr'>Christo.</span> <span class='ocrx_word' id='word_1_503' title='bbox 1483 4215 1624 4286; x_wconf 88' lang='lat' dir='ltr'>Primus</span> <span class='ocrx_word' id='word_1_504' title='bbox 1654 4215 1769 4286; x_wconf 90' lang='lat' dir='ltr'>cultus</span> <span class='ocrx_word' id='word_1_505' title='bbox 1804 4229 1855 4285; x_wconf 87' lang='lat' dir='ltr'>est</span> <span class='ocrx_word' id='word_1_506' title='bbox 1886 4216 2043 4285; x_wconf 91' lang='lat' dir='ltr'>studium</span> <span class='ocrx_word' id='word_1_507' title='bbox 2067 4213 2257 4288; x_wconf 86' lang='lat' dir='ltr'>doctrinae,</span> 
     </span>
     <span class='ocr_line' id='line_1_83' title="bbox 1277 4316 2258 4391; baseline -0.016 -1"><span class='ocrx_word' id='word_1_508' title='bbox 1277 4334 1311 4391; x_wconf 88' lang='lat' dir='ltr'>et</span> <span class='ocrx_word' id='word_1_509' title='bbox 1332 4321 1428 4391; x_wconf 86' lang='lat' dir='ltr'>fides.</span> <span class='ocrx_word' id='word_1_510' title='bbox 1481 4316 1667 4390; x_wconf 86' lang='lat' dir='ltr'>Secundus</span> <span class='ocrx_word' id='word_1_511' title='bbox 1689 4331 1742 4388; x_wconf 90' lang='lat' dir='ltr'>est</span> <span class='ocrx_word' id='word_1_512' title='bbox 1764 4318 1953 4388; x_wconf 89' lang='lat' dir='ltr'>invocatio.</span> <span class='ocrx_word' id='word_1_513' title='bbox 2005 4317 2095 4386; x_wconf 90' lang='lat' dir='ltr'>Nam</span> <span class='ocrx_word' id='word_1_514' title='bbox 2115 4317 2165 4386; x_wconf 90' lang='lat' dir='ltr'>sic</span> <span class='ocrx_word' id='word_1_515' title='bbox 2183 4329 2258 4380; x_wconf 88' lang='lat' dir='ltr'>vere</span> 
     </span>
     <span class='ocr_line' id='line_1_84' title="bbox 1277 4419 2259 4508; baseline -0.014 -16"><span class='ocrx_word' id='word_1_516' title='bbox 1277 4423 1424 4506; x_wconf 91' lang='lat' dir='ltr'>colitur,</span> <span class='ocrx_word' id='word_1_517' title='bbox 1452 4445 1525 4489; x_wconf 91' lang='lat' dir='ltr'>non</span> <span class='ocrx_word' id='word_1_518' title='bbox 1548 4441 1626 4490; x_wconf 91' lang='lat' dir='ltr'>cum</span> <span class='ocrx_word' id='word_1_519' title='bbox 1650 4419 1716 4508; x_wconf 92' lang='lat' dir='ltr'>ipsi</span> <span class='ocrx_word' id='word_1_520' title='bbox 1737 4421 1880 4502; x_wconf 83' lang='lat' dir='ltr'>damus,</span> <span class='ocrx_word' id='word_1_521' title='bbox 1906 4422 1966 4488; x_wconf 87' lang='lat' dir='ltr'>sed</span> <span class='ocrx_word' id='word_1_522' title='bbox 1985 4443 2064 4488; x_wconf 91' lang='lat' dir='ltr'>cum</span> <span class='ocrx_word' id='word_1_523' title='bbox 2082 4421 2128 4488; x_wconf 91' lang='lat' dir='ltr'>ab</span> <span class='ocrx_word' id='word_1_524' title='bbox 2146 4441 2186 4484; x_wconf 91' lang='lat' dir='ltr'>eo</span> <span class='ocrx_word' id='word_1_525' title='bbox 2202 4435 2259 4504; x_wconf 92' lang='lat' dir='ltr'>pe-</span> 
     </span>
     <span class='ocr_line' id='line_1_85' title="bbox 1277 4509 2259 4600; baseline -0.019 -3"><span class='ocrx_word' id='word_1_526' title='bbox 1277 4509 1394 4597; x_wconf 79' lang='lat' dir='ltr'>limus.</span> <span class='ocrx_word' id='word_1_527' title='bbox 1456 4521 1525 4593; x_wconf 88' lang='lat' dir='ltr'>Sed</span> <span class='ocrx_word' id='word_1_528' title='bbox 1551 4522 1708 4591; x_wconf 91' lang='lat' dir='ltr'>invocari</span> <span class='ocrx_word' id='word_1_529' title='bbox 1733 4523 1836 4590; x_wconf 91' lang='lat' dir='ltr'>debet</span> <span class='ocrx_word' id='word_1_530' title='bbox 1858 4521 1941 4600; x_wconf 90' lang='lat' dir='ltr'>fide,</span> <span class='ocrx_word' id='word_1_531' title='bbox 1972 4521 2007 4589; x_wconf 94' lang='lat' dir='ltr'>id</span> <span class='ocrx_word' id='word_1_532' title='bbox 2033 4533 2104 4600; x_wconf 87' lang='lat' dir='ltr'>est,</span> <span class='ocrx_word' id='word_1_533' title='bbox 2136 4512 2259 4586; x_wconf 86' lang='lat' dir='ltr'>fiducia</span> 
     </span>
     <span class='ocr_line' id='line_1_86' title="bbox 1277 4616 2258 4714; baseline -0.019 -16"><span class='ocrx_word' id='word_1_534' title='bbox 1277 4625 1480 4698; x_wconf 86' lang='lat' dir='ltr'>mediatoris</span> <span class='ocrx_word' id='word_1_535' title='bbox 1504 4620 1658 4707; x_wconf 89' lang='lat' dir='ltr'>Christi,</span> <span class='ocrx_word' id='word_1_536' title='bbox 1696 4647 1769 4690; x_wconf 93' lang='lat' dir='ltr'>noo</span> <span class='ocrx_word' id='word_1_537' title='bbox 1803 4637 1949 4714; x_wconf 85' lang='lat' dir='ltr'>propter</span> <span class='ocrx_word' id='word_1_538' title='bbox 1977 4636 2096 4702; x_wconf 88' lang='lat' dir='ltr'>nostra</span> <span class='ocrx_word' id='word_1_539' title='bbox 2128 4616 2258 4688; x_wconf 86' lang='lat' dir='ltr'>merita.</span> 
     </span>
     <span class='ocr_line' id='line_1_87' title="bbox 1274 4723 2259 4819; baseline -0.012 -20"><span class='ocrx_word' id='word_1_540' title='bbox 1274 4728 1402 4800; x_wconf 88' lang='lat' dir='ltr'>Postea</span> <span class='ocrx_word' id='word_1_541' title='bbox 1425 4740 1621 4819; x_wconf 89' lang='lat' dir='ltr'>sequnntur</span> <span class='ocrx_word' id='word_1_542' title='bbox 1641 4723 1867 4807; x_wconf 85' lang='lat' dir='ltr'>afflictiones,</span> <span class='ocrx_word' id='word_1_543' title='bbox 1893 4747 1968 4792; x_wconf 91' lang='lat' dir='ltr'>noo</span> <span class='ocrx_word' id='word_1_544' title='bbox 1982 4737 2120 4793; x_wconf 88' lang='lat' dir='ltr'>tanturn</span> <span class='ocrx_word' id='word_1_545' title='bbox 2139 4741 2259 4808; x_wconf 78' lang='lat' dir='ltr'>corpo·</span> 
     </span>
     <span class='ocr_line' id='line_1_88' title="bbox 1275 4817 2259 4914; baseline -0.018 -14"><span class='ocrx_word' id='word_1_546' title='bbox 1275 4832 1387 4914; x_wconf 90' lang='lat' dir='ltr'>rales,</span> <span class='ocrx_word' id='word_1_547' title='bbox 1413 4829 1601 4898; x_wconf 90' lang='lat' dir='ltr'>sedetiam</span> <span class='ocrx_word' id='word_1_548' title='bbox 1625 4826 1761 4895; x_wconf 87' lang='lat' dir='ltr'>diaboli</span> <span class='ocrx_word' id='word_1_549' title='bbox 1783 4826 1946 4896; x_wconf 82' lang='lat' dir='ltr'>insidiae.</span> <span class='ocrx_word' id='word_1_550' title='bbox 1997 4819 2052 4910; x_wconf 79' lang='lat' dir='ltr'>Et&#39;</span> <span class='ocrx_word' id='word_1_551' title='bbox 2067 4823 2163 4892; x_wconf 88' lang='lat' dir='ltr'>Deus</span> <span class='ocrx_word' id='word_1_552' title='bbox 2187 4817 2259 4887; x_wconf 91' lang='lat' dir='ltr'>vult</span> 
     </span>
    </p>
   </div>
   <div class='ocr_carea' id='block_1_19' title="bbox 237 4901 2260 5118">
    <p class='ocr_par' dir='ltr' id='par_1_21' title="bbox 237 4901 2260 5118">
     <span class='ocr_line' id='line_1_89' title="bbox 239 4901 2260 5022; baseline -0.003 -28"><span class='ocrx_word' id='word_1_553' title='bbox 239 4925 309 4994; x_wconf 84' lang='lat' dir='ltr'>late</span> <span class='ocrx_word' id='word_1_554' title='bbox 326 4935 399 4993; x_wconf 89' lang='lat' dir='ltr'>toto</span> <span class='ocrx_word' id='word_1_555' title='bbox 416 4917 503 4986; x_wconf 67' lang='lat' dir='ltr'>orbe</span> <span class='ocrx_word' id='word_1_556' title='bbox 519 4925 690 4981; x_wconf 87' lang='lat' dir='ltr'>terrarum</span> <span class='ocrx_word' id='word_1_557' title='bbox 707 4925 832 5022; x_wconf 49' lang='lat' dir='ltr'>⁵P³l⁸fffi</span> <span class='ocrx_word' id='word_1_558' title='bbox 848 4903 929 4974; x_wconf 65' lang='lat' dir='ltr'>suli·</span> <span class='ocrx_word' id='word_1_559' title='bbox 979 4901 1028 4974; x_wconf 61' lang='lat' dir='ltr'>Ei</span> <span class='ocrx_word' id='word_1_560' title='bbox 1051 4906 1120 4975; x_wconf 65' lang='lat' dir='ltr'>lim</span> <span class='ocrx_word' id='word_1_561' title='bbox 1135 4904 1223 5016; x_wconf 64' lang='lat' dir='ltr'>ffle·</span> <span class='ocrx_word' id='word_1_562' title='bbox 1273 4929 1466 5003; x_wconf 87' lang='lat' dir='ltr'>Ecclesiam</span> <span class='ocrx_word' id='word_1_563' title='bbox 1491 4929 1682 5000; x_wconf 89' lang='lat' dir='ltr'>subiectam</span> <span class='ocrx_word' id='word_1_564' title='bbox 1707 4927 2071 5013; x_wconf 82' lang='lat' dir='ltr'>essealllictionibus,</span> <span class='ocrx_word' id='word_1_565' title='bbox 2098 4916 2260 4996; x_wconf 84' lang='lat' dir='ltr'>utinhis</span> 
     </span>
     <span class='ocr_line' id='line_1_90' title="bbox 237 5001 1589 5118; baseline -0.018 -20"><span class='ocrx_word' id='word_1_566' title='bbox 237 5021 425 5118; x_wconf 89' lang='lat' dir='ltr'>rosolymis</span> <span class='ocrx_word' id='word_1_567' title='bbox 467 5015 654 5087; x_wconf 90' lang='lat' dir='ltr'>audierant</span> <span class='ocrx_word' id='word_1_568' title='bbox 686 5006 894 5078; x_wconf 73' lang='lat' dir='ltr'>vaticinium</span> <span class='ocrx_word' id='word_1_569' title='bbox 928 5001 1111 5088; x_wconf 90' lang='lat' dir='ltr'>Micheae,</span> <span class='ocrx_word' id='word_1_570' title='bbox 1151 5034 1222 5103; x_wconf 89' lang='lat' dir='ltr'>quo</span> <span class='ocrx_word' id='word_1_571' title='bbox 1274 5032 1589 5106; x_wconf 45' lang='lat' dir='ltr'>exerceaturfide,</span> 
     </span>
    </p>
   </div>
   <div class='ocr_carea' id='block_1_20' title="bbox 236 5109 1222 5210">
    <p class='ocr_par' dir='ltr' id='par_1_22' title="bbox 236 5109 1222 5210">
     <span class='ocr_line' id='line_1_91' title="bbox 236 5109 1222 5210; baseline -0.018 -11"><span class='ocrx_word' id='word_1_572' title='bbox 236 5129 342 5200; x_wconf 89' lang='lat' dir='ltr'>etiam</span> <span class='ocrx_word' id='word_1_573' title='bbox 359 5115 557 5210; x_wconf 78' lang='lat' dir='ltr'>confirmati</span> <span class='ocrx_word' id='word_1_574' title='bbox 572 5125 666 5185; x_wconf 89' lang='lat' dir='ltr'>sunt.</span> <span class='ocrx_word' id='word_1_575' title='bbox 718 5109 791 5181; x_wconf 87' lang='lat' dir='ltr'>Nec</span> <span class='ocrx_word' id='word_1_576' title='bbox 810 5109 960 5177; x_wconf 89' lang='lat' dir='ltr'>dubium</span> <span class='ocrx_word' id='word_1_577' title='bbox 975 5123 1044 5193; x_wconf 90' lang='lat' dir='ltr'>est,</span> <span class='ocrx_word' id='word_1_578' title='bbox 1072 5112 1159 5204; x_wconf 94' lang='lat' dir='ltr'>quin</span> <span class='ocrx_word' id='word_1_579' title='bbox 1178 5113 1222 5181; x_wconf 90' lang='lat' dir='ltr'>de</span> 
     </span>
    </p>
   </div>
   <div class='ocr_carea' id='block_1_21' title="bbox 105 5205 1298 5425">
    <p class='ocr_par' dir='ltr' id='par_1_23' title="bbox 105 5205 1298 5425">
     <span class='ocr_line' id='line_1_92' title="bbox 235 5205 1298 5313; baseline -0.025 -11"><span class='ocrx_word' id='word_1_580' title='bbox 235 5231 368 5302; x_wconf 88' lang='lat' dir='ltr'>talibus</span> <span class='ocrx_word' id='word_1_581' title='bbox 383 5215 689 5313; x_wconf 88' lang='lat' dir='ltr'>scripturismulta</span> <span class='ocrx_word' id='word_1_582' title='bbox 713 5235 793 5282; x_wconf 92' lang='lat' dir='ltr'>cum</span> <span class='ocrx_word' id='word_1_583' title='bbox 812 5205 957 5302; x_wconf 89' lang='lat' dir='ltr'>loseph,</span> <span class='ocrx_word' id='word_1_584' title='bbox 990 5205 1161 5284; x_wconf 90' lang='lat' dir='ltr'>Zacharia</span> <span class='ocrx_word' id='word_1_585' title='bbox 1189 5229 1220 5284; x_wconf 89' lang='lat' dir='ltr'>et</span> <span class='ocrx_word' id='word_1_586' title='bbox 1294 5231 1298 5238; x_wconf 84' lang='lat'><em>·</em></span> 
     </span>
     <span class='ocr_line' id='line_1_93' title="bbox 105 5313 868 5425; baseline -0.042 -11"><span class='ocrx_word' id='word_1_587' title='bbox 105 5357 108 5362; x_wconf 85' lang='lat'>&#39;</span> <span class='ocrx_word' id='word_1_588' title='bbox 235 5332 374 5425; x_wconf 86' lang='lat' dir='ltr'>reliquo</span> <span class='ocrx_word' id='word_1_589' title='bbox 390 5322 554 5398; x_wconf 86' lang='lat' dir='ltr'>sodalitio</span> <span class='ocrx_word' id='word_1_590' title='bbox 571 5319 622 5391; x_wconf 91' lang='lat' dir='ltr'>ibi</span> <span class='ocrx_word' id='word_1_591' title='bbox 638 5313 868 5388; x_wconf 87' lang='lat' dir='ltr'>contulerint.</span> 
     </span>
    </p>
   </div>
   <div class='ocr_carea' id='block_1_22' title="bbox 0 0 2333 5812">
    <p class='ocr_par' dir='ltr' id='par_1_24' title="bbox 0 0 2333 5812">
     <span class='ocr_line' id='line_1_94' title="bbox 0 0 2333 5812; baseline 0 0"><span class='ocrx_word' id='word_1_592' title='bbox 0 0 2333 5812; x_wconf 95' lang='lat' dir='ltr'> </span> 
     </span>
    </p>
   </div>
  </div>
 </body>
</html>
