4620 5814
21 283 79 366 525

21 456 104 528 habet
118 455 272 524 custodes
291 445 453 540 angelos,
479 458 513 518 et
529 469 633 516 canes
649 445 841 533 lingentes,
865 437 901 510 id
920 451 982 522 εει,

22 561 163 652 quosdam
192 558 237 625 de
263 553 414 646 populo,
447 550 509 644 qui
537 561 709 646 quantum
735 556 881 636 possunt
904 565 980 611 eam
1076 617 1082 626 ⁸

23 675 121 732 curant
144 658 382 728 mediocribus
403 653 537 728 officiis.
589 647 732 719 Dictum
757 660 807 717 est
828 644 983 714 breviter

24 765 54 831 de
71 761 301 831 consolatione
316 755 459 842 Lazari,
487 779 557 849 quo
580 751 739 844 exemplo
758 747 932 818 discamus
950 758 984 814 et

25 888 70 934 uos
83 863 261 934 consolari.

102 999 240 1070 Tertius
255 1001 354 1068 locus
370 1009 422 1070 est
436 995 552 1088 gravis
565 989 794 1064 comminatio
807 992 851 1061 de
861 984 985 1080 poenis

26 1102 200 1194 impiorum.
252 1099 361 1172 Dives
379 1099 516 1191 rapitur
532 1098 571 1166 in
586 1097 786 1176 infernum,
813 1107 846 1162 et
863 1113 985 1158 exeru-

27 1207 112 1274 ciatur
134 1203 351 1274 intolerabili
377 1216 411 1272 et
434 1201 575 1271 aeterno
602 1197 770 1267 cruciatu.
823 1193 883 1264 Sic
901 1189 987 1260 dicit

29 1305 162 1376 Christus
192 1308 236 1376 de
265 1330 331 1374 suo
361 1303 511 1372 iudicio:
546 1299 673 1386 Sitivi,
704 1312 737 1366 et
761 1320 836 1363 non
857 1291 986 1363 dedisti

28 1403 93 1474 nihi
111 1421 240 1498 potum.
295 1400 397 1474 Nihil
416 1403 582 1474 dubitent
598 1401 760 1495 tyranni,
787 1395 875 1490 quin
892 1391 987 1464 Deus

30 1534 124 1576 cocum
145 1510 388 1601 asperitatem,
422 1530 527 1599 quam
552 1519 674 1572 coutra
697 1497 891 1570 Ecclesiam
916 1496 987 1564 iam

30 1625 180 1694 exercent,
215 1609 407 1701 puniturus
440 1607 507 1690 sit,
541 1619 576 1675 et
601 1604 730 1692 singuli
752 1602 915 1682 videant,
949 1609 987 1665 ut

32 1727 128 1782 cenent
141 1715 297 1796 membra
309 1707 505 1792 Ecclesiae,
531 1731 576 1776 ne
592 1705 756 1774 similiter
771 1703 976 1794 puniantur.

109 1839 195 1912 Haec
220 1841 378 1910 breviter
401 1852 451 1909 est
473 1862 608 1908 summa
636 1833 842 1922 Evangelii,
875 1833 988 1918 imago

34 1937 191 2022 Ecclesiae,
225 1943 381 2042 petentis
408 1965 427 2010 a
449 1938 653 2030 potentibus
675 1937 845 2006 auxilium
870 1949 905 2002 et
927 1937 991 1999 cle·

36 2043 203 2117 leusiouem.
261 2043 330 2114 Sed
354 2039 511 2111 Ecclesia
533 2054 651 2111 manet
673 2039 842 2118 Lazarus,
877 2033 991 2102 nemi-

38 2166 95 2208 nen
117 2139 209 2216 babet
235 2145 481 2215 auxiliatorem
507 2143 576 2210 nisi
599 2140 726 2210 Deum.
792 2135 837 2207 Et
860 2131 918 2204 hic
940 2148 993 2204 est

37 2258 132 2331 potens
148 2246 353 2330 auxiliator,
380 2269 453 2314 uon
478 2243 701 2314 obliviscitur
724 2237 919 2320 Ecclesiae,
953 2252 993 2308 ut

39 2341 144 2416 Psalmo
160 2348 192 2420 9.
209 2363 244 2418 et
270 2348 326 2418 10.
348 2346 498 2417 dicitur:
522 2343 604 2415 Non
625 2341 844 2412 oblivisceris
860 2361 991 2432 paupe-

39 2468 104 2516 rum
156 2446 263 2520 Item:
301 2447 442 2537 Pupillo
475 2462 512 2519 tu
541 2470 577 2516 es
606 2445 760 2517 adiutor.
818 2441 993 2532 Reliquae

39 2565 97 2619 sunt
116 2550 367 2640 disputationes
388 2552 424 2620 iu
448 2545 517 2618 hoc
541 2559 638 2619 textu
654 2549 699 2614 de
714 2547 795 2616 sinu
815 2539 994 2624 Abrahae,

41 2662 63 2715 et
77 2651 108 2719 cle
121 2655 219 2724 verbo
236 2651 384 2736 Vocali,
411 2675 471 2721 seu
490 2653 533 2719 de
551 2649 735 2740 scriptura.

302 2892 363 2964 De
388 2893 476 2962 sinu
501 2887 692 2962 Abrahae.

113 3057 212 3130 Sinus
235 3053 407 3128 Abrabae
435 3057 606 3148 significat
631 3057 887 3127 beatitudinem
915 3078 996 3145 pro·

42 3155 149 3228 nissam
169 3163 280 3231 verbo
305 3161 387 3229 dato
408 3154 593 3238 Abrahae,
622 3162 664 3228 de
687 3157 935 3228 benedictione
959 3156 996 3223 in

43 3259 152 3368 semine.
210 3261 312 3332 Haec
343 3261 530 3352 promissio
555 3261 593 3328 in
615 3257 810 3349 Evangelio
833 3259 922 3327 facta
948 3270 1000 3327 est

43 3355 201 3449 illustrior,
237 3364 337 3458 quod
368 3363 460 3432 clare
488 3361 589 3431 dicit:
623 3359 721 3430 Haac
753 3375 804 3431 est
834 3360 999 3429 voluntas

44 3462 137 3548 patris,
167 3481 205 3538 ut
233 3463 353 3534 omnis
384 3465 449 3557 qui
478 3464 590 3534 credit
620 3462 658 3531 in
688 3461 840 3548 Filium,
870 3456 1001 3532 babeat

44 3559 123 3630 vitam
149 3582 355 3640 aeternam..
398 3563 499 3636 Sicut
527 3579 644 3635 autem
675 3587 741 3634 nos
771 3565 1001 3648 discedentes,

44 3657 176 3737 dehemus
190 3671 262 3738 fide
279 3662 386 3736 huius
403 3666 649 3759 promissionis
665 3679 809 3766 propter
818 3660 999 3736 Christum

44 3757 141 3876 hetae,
163 3792 228 3839 nos
251 3781 468 3853 sustentare,
494 3781 529 3837 et
551 3765 618 3840 hac
639 3769 708 3838 fide
724 3768 946 3858 ingredimur
961 3767 999 3836 in

45 3875 124 3932 vuan
144 3884 175 3941 et
194 3869 368 3942 laetitiam
388 3883 577 3941 aeternam.
630 3868 683 3939 Ita
700 3883 787 3940 tunc
800 3868 914 3938 sancti
927 3869 1001 3939 dis-

47 3964 172 4042 cedentes
197 3972 447 4043 sustentabant
471 3995 507 4040 se
531 3973 641 4041 verbo
655 3967 840 4055 Abrahae,
867 3983 902 4040 et
923 3992 1001 4040 sns-

48 4071 184 4142 tentantes
206 4099 243 4144 εε
266 4068 335 4142 hac
360 4073 448 4157 lide,
473 4073 766 4162 ingrediebantur
783 4074 823 4140 in
841 4072 951 4142 vitam
967 4086 1001 4145 ει

46 4159 179 4279 laetitiam
209 4174 475 4266 sempiternam.
529 4171 686 4246 Vocatur
711 4197 795 4264 ergo
818 4174 1001 4246 beatitudo

47 4283 117 4338 sinus
149 4271 335 4356 Abrahae,
382 4276 464 4369 quia
503 4287 554 4345 est
589 4277 792 4346 benedictio
829 4277 1001 4369 promissa

50 4363 180 4447 Abrahae
196 4390 345 4471 propter
360 4400 499 4460 semen,
520 4377 653 4448 scilicet
667 4373 864 4448 Christum.

122 4507 209 4582 Haec
223 4511 312 4582 scire
326 4512 369 4581 de
383 4511 465 4582 sinu
481 4505 647 4582 Abrabae
661 4512 743 4582 satis
757 4526 823 4598 est,
850 4526 883 4583 et
897 4512 1003 4585 omit-

50 4609 146 4680 tendae
166 4627 249 4686 suut
266 4609 475 4713 phantasiae
490 4615 534 4684 de
550 4613 663 4685 limbo
679 4627 830 4704 patrum.
881 4612 1003 4686 Patres
1025 4695 1026 4698 Ἴ

50 4709 140 4781 eadem
159 4715 225 4786 lide
240 4717 488 4800 salvabantur,
515 4741 583 4808 qua
601 4712 766 4808 Apostoli
781 4729 815 4786 et
830 4739 905 4786 nos.
926 4777 930 4788 .
956 4713 1004 4786 Et

50 4802 196 4920 beatitudo
213 4830 264 4888 est
281 4817 354 4887 vita
371 4831 406 4888 et
420 4817 555 4908 agnitio
571 4813 658 4904 Dei,
683 4819 876 4910 sapientia,
900 4817 1004 4888 iusti-

53 4927 104 4990 aa,
124 4931 152 4986 et
171 4917 302 4988 laetitia
323 4921 496 5013 quaedam
517 4934 706 5010 perpetua,
731 4945 822 5014 quae
847 4943 921 4989 non
938 4943 1003 5011 po-

54 5015 100 5124 lttt
123 5019 270 5089 enarrari
301 5045 387 5112 prae
410 5023 674 5111 magnitudine,
709 5026 768 5093 sed
792 5024 860 5092 lide
883 5035 1004 5112 gustus

55 5105 150 5206 chasia
177 5120 214 5190 iu
243 5124 348 5194 nobis
375 5123 511 5194 incoari
539 5125 654 5196 debet.
710 5123 766 5196 De
796 5149 867 5220 quo
899 5137 1003 5214 gustu

31 5209 237 5392 1ῗῖἰυιῐέειιιιιιεε
270 5223 452 5299 lustibcati
479 5226 547 5296 lide
577 5251 697 5320 pacem
727 5222 899 5298 habemus
923 5249 1002 5317 erga

420 219 424 228 ’
537 271 620 346 xer.
679 253 1076 378 uuuoraurouas
1103 255 1155 330 nv
1180 247 1483 330 uvauunnu
1537 279 1543 290 ·

1357 431 1427 501 De
1447 431 1700 519 scripturo.

1250 556 1384 630 Habent
1404 556 1541 626 Manen
1561 561 1594 622 et
1615 551 1809 640 Prophetas.

1137 685 1216 758 Hoc
1239 686 1481 758 testimonium
1497 696 1548 753 est
1563 682 1671 764 utile,
1696 694 1729 750 ct
1748 678 1932 748 confirmat
1947 673 2024 768 pios

1035 790 1300 888 multipliciter,
1326 790 1419 882 quod
1442 811 1515 860 nnn
1537 798 1620 855 sunt
1644 783 1865 878 quaerendae
1888 777 2024 849 revela·-

1036 897 1153 967 tiones
1165 909 1227 963 aut
1242 890 1523 962 illuminationes
1538 899 1676 977 practer
1690 883 1910 976 scripturam.
1954 878 2024 951 Sed

1038 999 1134 1093 quod
1155 1020 1235 1064 vere
1253 988 1339 1063 haec
1354 994 1400 1064 sit
1416 990 1580 1061 voluntas
1595 986 1685 1076 Dei,
1712 1011 1800 1079 quae
1816 984 1918 1054 estin
1938 982 2026 1052 scri-

1037 1100 1152 1198 pturis
1175 1097 1365 1190 proposita.
1420 1093 1479 1164 Sic
1496 1091 1573 1161 vult
1589 1089 1771 1172 exaudire,
1798 1087 1951 1170 salvare,
1977 1085 2027 1154 si-

1039 1218 1097 1273 cut
1121 1201 1186 1271 tibi
1211 1196 1297 1268 haer
1321 1199 1427 1266 verba
1443 1192 1630 1282 Evangelii
1653 1191 1781 1282 scripta
1803 1187 2027 1280 promittunt.

1039 1307 1123 1374 ldeo
1154 1301 1408 1390 Anabaptistae
1447 1299 1663 1366 damnantur
1700 1304 1907 1387 quaerentes
1942 1289 2028 1362 alias

1040 1403 1319 1482 illuminationes
1335 1402 1466 1471 omisso
1485 1399 1604 1470 verbo.

1237 1590 1305 1674 De
1334 1585 1510 1704 angelis
1543 1582 1829 1669 conciuncula.

1145 1740 1202 1811 Ad
1226 1739 1382 1812 Ebraeos
1408 1739 1523 1830 primo
1548 1735 1731 1806 scribitur:
1758 1731 1851 1804 Sunt
1877 1727 2029 1798 ministri

1043 1846 1187 1938 spiritus
1217 1845 1260 1912 ad
1293 1841 1530 1914 ministerium
1560 1838 1677 1922 missi,
1711 1847 1856 1928 propter
1886 1831 2031 1923 eosqui

1044 1962 1127 2017 sunt
1150 1943 1316 2014 haeredes
1337 1943 1461 2014 futuri.
1496 1939 1565 2009 Hic
1588 1942 1686 2009 locus
1710 1943 1782 2007 duo
1805 1938 1917 2006 docet.
1953 1931 2033 2002 Pri-

1045 2073 1141 2118 mum
1158 2071 1247 2137 quae
1263 2046 1306 2116 sit
1321 2043 1515 2114 substantia
1531 2041 1757 2129 angelorum,
1782 2037 1922 2108 Deinde
1937 2035 2034 2129 quod

1045 2153 1090 2221 sit
1113 2149 1279 2218 olbcium.
1330 2145 1537 2216 Substantia
1561 2156 1613 2211 est
1630 2138 1843 2232 spiritualis,
1868 2139 1951 2230 quia
1969 2160 2033 2206 vo-

1045 2265 1099 2322 cat
1122 2273 1182 2320 eos
1205 2248 1362 2340 spiritus.
1413 2245 1592 2318 Discernit
1607 2257 1724 2313 autem
1739 2241 1912 2332 scriptura
1928 2237 2034 2331 spiri-

1046 2370 1102 2454 tus
1122 2351 1384 2442 acorporibus‚
1411 2373 1491 2419 cum
1510 2345 1645 2440 inquit:
1671 2341 1827 2437 Spiritus
1842 2366 1983 2413 carnem
2000 2354 2034 2412 ει

1046 2481 1122 2527 ossa
1138 2479 1213 2523 non
1227 2449 1371 2524 habent.

1150 2557 1242 2628 Sunt
1265 2563 1381 2626 autem
1404 2553 1563 2645 duplices
1585 2535 1748 2642 spiritus,
1773 2547 1868 2620 Boni
1888 2567 1921 2618 et
1942 2545 2035 2616 mali.

1047 2661 1137 2732 Mali
1154 2683 1227 2726 non
1244 2673 1324 2728 sunt
1340 2657 1476 2728 conditi
1491 2655 1530 2723 in
1547 2654 1704 2732 malicia,
1730 2654 1789 2720 sed
1806 2651 1915 2721 aDeo
1929 2648 2037 2718 creati

1049 2777 1133 2834 sunt
1160 2761 1235 2830 siue
1267 2761 1366 2832 vitio.
1434 2757 1557 2827 Postea
1583 2779 1666 2825 vero
1690 2754 1912 2836 deiecerunt,
1946 2751 2038 2820 sicut

1051 2864 1166 2959 inquit
1184 2859 1359 2934 Christus:
1390 2859 1619 2930 Mendacium
1644 2883 1685 2926 ex
1702 2853 1853 2946 propriis
1867 2853 2039 2948 loquitur,

1051 2991 1132 3056 ergo
1156 2989 1228 3034 non
1254 2965 1387 3053 accepit
1410 2988 1429 3032 a
1454 2963 1540 3032 Deo.
1598 2959 1705 3044 Item,
1736 2956 1918 3049 Epistulae
1939 2951 2038 3025 Petri

1050 3086 1084 3141 et
1109 3068 1215 3138 ludae
1243 3080 1417 3136 testantur
1446 3065 1589 3154 angelos
1617 3061 1804 3143 deiecisse,
1835 3074 1869 3130 et
1891 3069 2038 3152 propter

1052 3183 1231 3263 peccatum
1259 3169 1443 3236 damnatos
1467 3191 1553 3236 esse.
1605 3161 1652 3234 Et
1671 3159 1832 3254 Epistola
1850 3159 1958 3230 Iudae
1982 3157 2038 3228 di-

1051 3289 1141 3345 serte
1161 3271 1298 3364 inquit,
1323 3267 1480 3359 Angelos
1502 3291 1576 3336 non
1603 3288 1826 3336 conservasse
1846 3286 1945 3333 suam
1963 3259 2038 3331 ori-

1052 3378 1190 3467 ginem,
1223 3374 1260 3442 id
1287 3386 1358 3454 est,
1383 3396 1458 3440 nou
1484 3370 1653 3439 mansisse
1675 3368 1781 3456 tales,
1807 3365 1930 3463 quales
1944 3385 2039 3435 con-

1051 3480 1117 3550 diti
1135 3488 1229 3547 sunt.

1305 3601 1367 3735 De
1394 3657 1523 3762 officio
1550 3661 1783 3760 augelorum.

1154 3791 1315 3887 Epistola
1338 3796 1382 3866 ad
1404 3792 1561 3868 Ebraeos
1578 3807 1682 3868 vocat
1699 3817 1758 3865 eos
1772 3790 1953 3862 ministros
1969 3790 2042 3882 spi-

1052 3899 1163 3984 ritus,
1189 3911 1222 3971 et
1239 3897 1358 3986 addit,
1383 3913 1527 3990 propter
1544 3921 1624 3985 εοε,
1649 3897 1713 3990 qui
1730 3909 1815 3968 sunt
1829 3893 1941 3967 futuri
1957 3890 2042 3964 hae-

1054 4006 1165 4074 redes.
1219 3997 1316 4068 Haec
1337 4001 1508 4071 sententia
1531 4012 1679 4071 testatur
1694 3999 1838 4088 angelos
1854 4009 2043 4087 occupatos

1054 4128 1127 4176 esse
1148 4105 1231 4174 eura
1254 4097 1432 4172 Ecclesiae
1454 4101 1709 4172 defendendae.
1761 4098 1821 4170 Sic
1843 4112 1960 4170 autem
1982 4124 2043 4170 co-

1055 4209 1225 4296 gitemus,
1260 4203 1349 4275 sicut
1375 4227 1496 4274 revera
1520 4204 1563 4273 ad
1585 4197 1683 4272 bunc
1705 4203 1852 4272 modum
1875 4223 1911 4270 se
1937 4197 2044 4275 babet

1054 4305 1224 4381 Ecclesia.
1264 4304 1456 4377 Ecclesiam
1472 4305 1569 4376 velut
1584 4304 1772 4391 civitatem,
1797 4305 1843 4375 ab
1856 4327 1928 4376 una
1943 4319 2043 4399 parte

1056 4406 1191 4480 diaboli
1206 4407 1375 4480 obsident
1391 4421 1424 4478 et
1438 4421 1646 4500 oppugnant
1660 4407 1848 4492 acerrime,
1873 4410 1919 4479 ab
1935 4410 2045 4480 altera

1056 4512 1271 4594 defendunt,
1304 4524 1339 4580 et
1363 4524 1589 4602 propugnant
1613 4510 1739 4600 augeli.
1796 4509 1888 4582 Nam
1911 4509 2046 4582 Paulus

1055 4628 1157 4684 vocat
1187 4612 1348 4682 diabolos
1376 4611 1520 4704 spiritus
1550 4613 1653 4686 airis.
1713 4611 1909 4685 Versantur
1936 4614 2044 4705 igitur

1056 4716 1200 4809 utrique
1217 4713 1303 4785 boni
1318 4727 1353 4785 et
1367 4715 1451 4784 mali
1467 4714 1611 4806 spiritus
1626 4738 1705 4784 cum
1723 4711 1941 4790 hominibus.

1159 4814 1207 4888 Ut
1223 4829 1339 4888 autem
1354 4816 1468 4886 atficta
1483 4818 1660 4888 bonorum
1678 4819 1886 4910 augelorum
1903 4817 2045 4908 agnosci

1057 4918 1211 5009 possint,
1266 4917 1424 5008 primum
1458 4919 1722 4992 consideremus
1758 4944 1864 5016 quam
1901 4943 2046 4991 saevum

1058 5015 1195 5090 hostem
1227 5014 1430 5094 habeamus.
1489 5021 1712 5094 Describitur
1737 5039 1854 5097 autem
1881 5026 2048 5100 diabolus

1058 5123 1153 5215 quod
1177 5123 1222 5193 sit
1244 5123 1398 5193 mendax
1424 5136 1458 5195 et
1477 5120 1667 5197 homicida.
1727 5126 1884 5198 Mendax
1908 5145 1981 5224 est,
2007 5128 2044 5200 id

1057 5237 1125 5308 est,
1156 5224 1305 5296 immani
1335 5227 1489 5320 quodam
1520 5225 1604 5297 odio
1631 5225 1699 5296 Dei
1727 5240 1876 5300 conatur
1900 5233 2050 5308 summis

1056 5326 1195 5398 viribus
1218 5328 1415 5398 deformare
1437 5325 1586 5416 gloriam
1603 5327 1681 5400 Dei.
1733 5325 1818 5402 ldeo
1838 5332 1961 5406 incitat
1982 5334 2049 5408 ho.

1057 5429 1171 5500 mines
1189 5430 1233 5501 ad
1249 5429 1375 5524 impias
1390 5429 1578 5524 opiniones
1595 5431 1638 5502 de
1652 5429 1747 5520 Deo,
1773 5447 1806 5508 ει
1822 5437 1865 5508 ad
1882 5435 2050 5532 blasphe-
