4622 5818
144 353 215 431 Sed
223 353 336 434 'addit
356 353 532 432 Diabolus
554 359 679 432 odium
700 357 787 448 liei,
813 372 846 432 et
861 357 1030 452 indigua-

55 457 194 548 tionem,
218 474 254 560 et
275 475 461 554 propterea
475 463 636 535 furenter
650 463 761 534 saevit
777 464 945 535 adversus
961 457 1029 534 ho·

54 561 172 648 mines,
198 573 232 633 ct
246 587 317 656 quo
333 578 472 657 tempus
489 587 623 658 poenae
637 564 782 638 maioris
798 565 946 660 propius
963 579 1027 652 est,

54 685 89 732 eo
104 663 207 753 magis
221 665 344 737 saevit.
367 724 371 734 .

141 761 225 836 Ideo
242 765 278 834 iu
294 767 365 836 fine
380 765 505 838 mundi
524 790 621 838 ncrnc
643 782 805 840 crescunt
829 769 941 854 mala,
967 769 1028 839 scd

52 877 157 936 tamen
186 880 266 958 post
298 866 472 938 iudicium
501 883 695 942 extremum
723 893 860 964 poenae
882 868 1029 942 Diaboli

52 968 189 1038 maiores
204 984 329 1056 eruut,
355 993 461 1066 quam
481 993 578 1044 nunc
592 984 687 1047 sunt.

94 1165 137 1239 Si
152 1167 437 1273 paterfamilias
457 1170 585 1262 sciret,
608 1195 684 1296 qcs‘a
701 1169 836 1270 vigilia
851 1172 927 1276 sur
945 1196 1028 1246 ven-

138 1280 244 1346 turus
264 1284 374 1369 esset,
401 1283 463 1350 stc.

140 1423 182 1494 ln
203 1427 274 1496 line
295 1421 404 1497 huius
428 1427 551 1519 capitis
570 1427 663 1498 redit
686 1429 731 1500 ad
754 1428 1030 1504 admonitiones.

52 1520 129 1596 Vult
149 1550 214 1598 nus
239 1529 521 1621 omnitempore
550 1542 691 1622 paratos
722 1553 816 1615 esse,
854 1545 887 1602 et
912 1556 1026 1624 quan·

52 1649 145 1718 mam
166 1651 274 1720 supra
296 1631 431 1700 dictum
453 1645 524 1716 est,
559 1631 713 1704 voluisse
737 1629 854 1704 Deum
881 1633 964 1704 sciri
989 1633 1026 1701 in

51 1749 181 1815 genere,
208 1755 283 1801 non
299 1732 424 1822 procul
447 1755 521 1802 esse
536 1732 642 1802 linem
659 1735 806 1820 mundi,
833 1748 912 1825 post
925 1757 1028 1827 prae-

51 1830 251 1904 dicationem
273 1831 479 1922 Evangelii,
518 1836 665 1928 quando
692 1835 764 1906 iam
796 1849 921 1929 quarta
948 1860 1027 1907 mo·

51 1928 202 2020 sacchia,
228 1935 360 2022 idest,
382 1933 565 2017 Romana,
591 1935 805 2018 destruitur,
830 1951 948 2006 temen
963 1961 1028 2006 an-

49 2053 123 2104 uum
145 2049 179 2106 et
198 2036 296 2106 diem
317 2059 394 2108 non
417 2037 532 2108 voluit
554 2060 620 2108 nos
644 2039 744 2114 scire.
805 2036 891 2110 Vult
910 2054 1027 2110 autern

51 2157 107 2204 nos
117 2151 260 2227 paratos
274 2161 349 2208 esse
369 2139 659 2232 omnitempore.
709 2136 793 2233 ldeo
811 2139 913 2212 dicit:
947 2138 1026 2230 Qua

52 2229 126 2308 hora
139 2263 212 2308 non
231 2240 384 2331 putatis,
411 2242 540 2314 veniet.

138 2353 184 2428 Et
199 2357 334 2430 Paulus
357 2359 493 2452 iuquit:
525 2357 616 2431 Cum
635 2361 773 2441 dicent,
797 2383 864 2451 pax
880 2374 913 2430 et
928 2383 1029 2430 secu-

51 2453 142 2544 ritas,
168 2475 256 2530 tunc
280 2483 358 2530 ecce
378 2463 493 2545 verit,
525 2461 590 2530 ubi
613 2463 784 2551 significat
807 2463 1027 2532 securitatem

51 2558 142 2631 nimis
158 2585 323 2653 magnam
348 2564 426 2632 lore
449 2562 644 2633 novissimo
668 2578 837 2656 tempore.
889 2565 945 2635 Dc
963 2559 1029 2634 hac

51 2662 297 2734 concionantur
316 2678 352 2736 et
364 2659 431 2734 hae
443 2663 697 2735 similitudines
712 2659 771 2736 laic
785 2666 963 2739 recitatae.

136 2781 359 2852 Nominatim
389 2795 506 2854 autem
529 2795 716 2876 ponuntur
738 2778 798 2854 hic
824 2785 897 2855 duo
925 2783 1030 2856 servi,

51 2878 151 2952 lidelis
166 2897 200 2954 et
213 2885 331 2953 malus
346 2907 479 2955 servus.
654 2893 659 2902 '

140 2984 276 3055 Fidelis
298 3009 420 3056 servus
442 2985 633 3075 significet,
657 2987 754 3079 quod
770 2983 809 3054 in
825 2984 896 3055 fine
910 2999 1028 3058 tamen

51 3081 138 3156 De'us
161 3100 366 3158 servaturus
389 3087 434 3158 sit
457 3087 625 3180 reliquias
645 3083 843 3168 Ecclesiae,
877 3099 910 3158 et
931 3090 1029 3183 quod

51 3185 146 3280 aliqui
161 3188 235 3259 sint
251 3187 364 3259 luturi
378 3188 497 3259 lideles
513 3190 674 3259 doctores
692 3203 726 3260 et
742 3189 910 3261 ministri.

137 3286 349 3362 SicutNoba
363 3290 433 3360 fnit
447 3290 561 3360 lidelis
576 3303 656 3361 ante
670 3289 862 3377 diluvium,
888 3303 924 3363 et
932 3286 1029 3364 Loth

49 3387 106 3462 luit
118 3391 228 3462 lldelis
246 3391 285 3461 in
300 3389 476 3466 Sodomis.

136 3505 183 3584 Et
196 3507 322 3582 Esaias
337 3509 440 3582 dicit:
470 3505 548 3601 Ego
571 3511 717 3600 gestabo
742 3532 804 3579 ros
827 3506 867 3580 in
890 3525 1028 3584 senecta

288 182 372 263 ΧΠ.
424 181 820 264 annotationes
843 185 912 262 ΕΤ
937 183 1220 266 CONClollES
1246 187 1300 264 tu
1325 185 1509 264 cvncta.
1536 184 1818 271 ΜΑΤΤΗΑΕΙ.

1989 192 2069 268 990

1081 359 1396 462 veniethminus.
1420 355 1517 452 Ergo
1530 353 1604 435 noia
1619 363 1977 458 frustraiuvocamus,
1996 391 2071 440 non

1084 481 1169 538 sunt
1184 466 1306 538 irritae
1320 463 1581 558 promissiones.

1182 565 1263 638 Huc
1286 567 1438 660 pertinet
1459 581 1494 638 et
1517 563 1585 638 hoc
1612 567 1765 640 dictum:
1803 561 1896 640 Ecce
1920 593 1983 661 ego
2008 595 2073 642 vu-

1079 671 1218 741 biscum
1233 693 1310 740 sum
1327 693 1440 763 usque
1455 670 1501 739 ad
1516 672 1859 746 consummationem
1875 673 1996 748 seculi.

1183 769 1242 844 Sis
1258 771 1367 862 igitur
1380 771 1614 854 certissimus,
1640 775 1738 866 quod
1753 775 1854 844 Deus
1875 789 1989 845 servet
2015 799 2072 846 re-

1079 874 1210 968 liquias
1226 873 1265 942 in
1283 870 1349 943 hoc
1373 878 1527 958 mundo,
1558 887 1592 943 et
1616 896 1754 965 semper
1775 890 1872 947 ratae
1895 877 1967 947 sint
1988 899 2072 968 pro-

1079 977 1264 1046 missiones
1298 975 1398 1045 datae
1430 970 1619 1048 Ecclesiae.
1688 973 1838 1062 luvoca,
1877 980 1999 1074 crede,
2038 993 2073 1050 et

1080 1091 1174 1149 certo
1201 1078 1287 1148 scies
1312 1090 1347 1149 te
1376 1075 1546 1150 exaudiri.
1610 1073 1709 1148 llaec
1729 1079 1910 1150 verissima
1931 1091 2016 1150 sunt
2038 1095 2075 1151 et

1079 1179 1282 1251 certissima.
1341 1173 1389 1248 Et
1410 1178 1578 1250 laudatur
1596 1172 1657 1250 hic
1688 1204 1811 1252 servus
1838 1181 1974 1269 tidelis,
2010 1183 2072 1275 qui

1079 1277 1447 1356 Mmfflmmffim

1131 1409 1209 1487 Sed
1229 1409 1332 1485 nlius
1355 1423 1407 1484 esd
1426 1435 1551 1486 servus
1575 1409 1756 1510 infidelis,
1787 1415 1856 1516 qni
1876 1425 1928 1488 est
1952 1415 2071 1489 ebrio-

1182 1539 1268 1602 sus,
1294 1513 1406 1599 bibit,
1432 1512 1604 1606 comedit,
1631 1516 1846 1590 adverberat
1872 1541 2074 1592 conservos.

1183 1647 1291 1718 Tales
1305 1662 1389 1718 sunt
1410 1643 1508 1721 haud
1525 1649 1633 1722 dubie
1646 1647 1761 1740 Papa,
1788 1647 1977 1744 Episcopi,
2003 1649 2084 1724 Ca·'

1080 1750 1221 1836 nonici,
1246 1762 1281 1821 et
1296 1750 1347 1819 eis
1365 1743 1607 1822 adhaerentes.
1658 1749 1710 1822 lli
1733 1755 1917 1844 negligunt
1941 1755 2073 1826 doctri·

1081 1877 1184 1937 nam,
1208 1847 1437 1938 helluantur’,
1463 1867 1641 1945 quaerunt
1662 1877 1748 1946 opes
1770 1870 1804 1927 et
1827 1857 2021 1948 potentiam
2038 1865 2074 1930 cl

1080 1957 1290 2046 voluptates.
1339 1949 1388 2023 Et
1405 1955 1593 2026 verberant
1608 1979 1816 2039 conservos,
1843 1957 1966 2043 idest,
1992 1982 2073 2051 per-

1080 2069 1253 2150 sequutur
1273 2051 1489 2141 Ecclesiam,
1520 2056 1739 2128 interficiunt
1761 2057 1986 2143 Sacerdotes,
2009 2059 2074 2154 qui

1079 2157 1231 2228 fideliter
1246 2158 1392 2241 docent,
1418 2171 1452 2228 et
1467 2157 1558 2226 alios
1572 2152 1736 2230 homines
1751 2159 1848 2252 pios,
1874 2161 1936 2253 qui
1952 2155 2073 2232 Evan-
2091 2199 2093 2202 ·

1080 2260 1211 2352 galium
1235 2260 1499 2348 amplectuntur
1521 2272 1555 2329 et
1581 2259 1813 2331 confidentur.
1874 2259 1976 2333 Sicut
2001 2261 2073 2334 iam

1079 2360 1185 2432 multi
1201 2360 1331 2453 passim
1348 2373 1409 2431 aut
1431 2361 1617 2454 pelluntur
1638 2363 1679 2432 iu
1699 2362 1822 2452 exilis,
1853 2377 1915 2436 eut
1936 2364 2073 2434 interli-

1083 2464 1238 2535 ciuntur.
1562 2469 1565 2474 ’
1929 2543 1933 2554 ,

1106 2603 1117 2620 ·
1183 2562 1395 2636 Verberavit
1418 2563 1513 2657 Papa
1534 2577 1571 2637 et
1592 2578 1695 2638 antea
1716 2588 1903 2638 conservos
1926 2567 1965 2638 in
1988 2592 2074 2638 con·
2126 2609 2129 2618 .

1082 2667 1258 2748 scientiis,
1300 2690 1365 2758 pcc
1394 2691 1476 2738 suas
1504 2667 1715 2743 traditiones
1735 2669 1781 2738 de
1804 2671 1999 2755 coelibatu,
2039 2684 2073 2741 et

1082 2770 1169 2840 alias
1186 2769 1309 2840 stultas
1329 2769 1549 2840 traditiones.
1602 2765 1707 2840 Nunc
1729 2770 1890 2842 verberat
1913 2795 2075 2865 corpora,

1082 2869 1249 2944 interficit
1262 2871 1469 2940 confitentes
1483 2893 1605 2954 veram,
1620 2871 1830 2945 doctrinam.

1185 2971 1256 3044 Sed
1273 2995 1353 3042 curn
1367 2973 1485 3043 veniet
1501 2973 1595 3042 blius
1608 2969 1698 3058 Dei,
1718 2973 1904 3046 dissecabit
1919 2997 2012 3056 eum,
2040 2989 2075 3045 et

1084 3086 1193 3166 ponet
1215 3087 1353 3165 partem
1375 3075 1452 3144 cius
1476 3097 1556 3143 cum
1579 3067 1798 3168 hypocritis,
1829 3077 1970 3147 abiiciet
1992 3100 2074 3148 cum

1083 3177 1123 3245 iu
1137 3187 1298 3246 aeternas
1320 3199 1468 3266 poenas,
1492 3176 1555 3246 ubi
1572 3176 1640 3246 erit
1656 3175 1833 3267 ploratus,
1859 3179 1983 3263 idest,
2010 3178 2075 3248 nbi
2119 3183 2123 3192 “

1083 3271 1380 3348 crunt'borrendi
1399 3279 1564 3362 dolores,
1591 3300 1743 3370 quorum
1767 3279 1974 3369 magnitudo
2000 3305 2074 3349 non
2195 3301 2200 3314 ·

1082 3391 1197 3472 potest
1211 3378 1328 3448 verbis
1346 3377 1516 3462 describi,
1542 3378 1657 3448 sedin
1684 3378 1862 3451 damnatis
1881 3382 2075 3467 morituris,

1082 3493 1123 3552 ιιι
1140 3482 1177 3550 iu
1194 3474 1384 3549 homicidis
1400 3493 1434 3550 ct
1450 3480 1600 3564 talibus,
1625 3479 1742 3570 imago
1761 3481 1884 3553 talium
1908 3483 2074 3555 dolorum

54 3609 156 3684 etiam.
205 3611 291 3683 Non
315 3613 408 3684 siuet
421 3611 523 3683 Dens
546 3635 690 3704 prorsus
712 3603 888 3702 exstingui
904 3609 1030 3685 Eccle-
1082 3581 1310 3673 ⁰⁰⁰⁵Pl⁶ll¹¹¹⁸2
1328 3575 1395 3702 ‘hl‘
1409 3581 1660 3700 dssfflbllPlur
1676 3605 1740 3675 l)er
1755 3578 1842 3706 ¹¹³⁸}
1857 3585 1969 3675 Signis
1994 3586 2074 3677 9¹⁰·

51 3709 137 3786 ciam,
187 3710 237 3785 Es
260 3738 366 3807 ,upra
387 3714 522 3785 dicium
548 3727 618 3784 ω,
645 3710 795 3805 pmpm
816 3715 946 3785 electo,
961 3717 1028 3786 ab,
1080 3699 1198 3757 ratum
1221 3696 1256 3753 et
1275 3685 1465 3753 stridorem
1488 3684 1672 3768 deutrum,
1698 3685 1758 3754 sed
1783 3709 1934 3757 seramus
1959 3701 2076 3758 tantos

51 3809 295 3889 breviabuntur
317 3817 375 3888 ἰαὶ
391 3817 477 3886 dm·
528 3813 620 3886 Sum
644 3814 752 3904 igitur
772 3814 884 3910 ,liqui
913 3817 1028 3908 paud,
1082 3787 1223 3858 dolores
1245 3808 1319 3854 non
1345 3807 1447 3877 posse
1470 3784 1589 3855 verbis
1609 3783 1694 3856 satis
1715 3787 1879 3860 describi.
1931 3787 1978 3861 Et
1994 3812 2075 3858 vere

50 3915 103 4002 qui
127 3931 244 3988 tamen
268 3919 422 4008 cogitant
447 3920 492 3990 de
513 3931 665 3988 venturo
693 3915 845 3999 iudicio,
878 3931 914 3989 et
944 3921 1027 3990 sunt
1081 3909 1350 3979 e’‘l'³ll⁸²³¹¹¹¹¹¹⁸
1373 3887 1585 4008 f⁰lill³¹l⁰¹3⁸
1608 3886 1733 3958 indidi
1755 3888 1891 4008 ‘Villi’
1915 3901 1951 3959 ⁰²
1966 3897 2075 3983 ‘lust'

50 4013 155 4088 fidetgs
170 4021 210 4089 51,
231 4021 403 4092 docendo,
851 4009 853 4016 ’
1079 4011 1199 4060 ramus
1214 3989 1509 4081 consolationem,
1534 4000 1626 4058 sicut
1641 3986 1767 4059 Petrus
1781 3990 1881 4078 dacrt,
1906 3986 2073 4062 Actum

137 4119 241 4192 Hanc
271 4121 550 4195 consolationem
574 4142 682 4213 ,upra
706 4141 848 4214 quoque
870 4121 1027 4209 mm,
1080 4085 1185 4180 Agite
1205 4090 1488 4182 poenitentiam)
1517 4101 1551 4160 et
1572 4090 1844 4178 convertimini,
1874 4103 1914 4163 ιιι
1929 4093 2075 4163 delean-

52 4239 129 4309 quae
151 4238 243 4295 certe
266 4225 334 4316 piis
357 4223 538 4295 mentibus
568 4234 666 4311 grata
691 4232 725 4291 et
747 4223 941 4294 necessaria
965 4239 1027 4311 est,
1078 4204 1289 4310 “ulem
1304 4205 1437 4311 Y‘flfflj
1462 4214 1543 4260 ⁶⁰⁰¹
1559 4191 1882 4310 V⁸⁰i⁸¹¹¹.²‘mp⁰‘³
1899 4194 2076 4314 {effigeffi

51 4333 89 4388 ne
110 4325 277 4414 cogitent:
308 4321 399 4397 Ecce
414 4321 512 4396 Deus
535 4323 662 4393 abiecit
683 4335 796 4393 totum
820 4343 931 4413 genus
955 4321 1026 4396 hu·
1078 4289 1383 4411 ³s³⁰¹⁰‚D⁰¹¹l¹¹¹¹⁹
1411 4294 1448 4362 ¹d
1473 4306 1544 4378 ‘V’
1568 4304 1609 4362 ¹²²
1630 4307 1797 4414 limem
1817 4295 1975 4414 qu¹¹¹⁰
1999 4323 2074 4366 ‘¹⁰¹¹

50 4441 194 4499 manum.
245 4426 330 4500 Ideo
354 4428 483 4498 frustra
506 4425 669 4508 invocas,
693 4425 823 4494 frustra
839 4429 953 4496 credis
968 4452 1025 4498 re·
1081 4409 1230 4514 V‘ml'?
1252 4419 1405 4514 Palme’
1445 4388 1696 4513 ⁸⁰d„h³b⁰.³l¹⁸
1727 4412 2001 4487 ‘mmmm’
2039 4414 2073 4471 εἴ
2155 4495 2158 4501 a

51 4522 258 4615 missionem,
289 4530 418 4601 frustra
439 4540 615 4620 exspectas
636 4523 807 4596 auxilium
831 4526 899 4597 Dei
921 4541 955 4599 et
969 4530 1026 4599 vi·
1079 4499 1263 4568 ¹³²²⁸¹¹¹¹¹¹¹
1280 4496 1546 4590 ⁰⁰⁰⁵P⁸⁶²¹²ffl¹¹
1560 4492 1650 4579 Μ’
1676 4498 1807 4629 ΑΨ·

50 4633 112 4694 ιιιιι
134 4646 320 4704 aeternam.
369 4629 503 4702 Contra
525 4622 589 4697 bas
611 4627 824 4699 tentationes
847 4651 1025 4703 armemus

52 4745 106 4796 nos
119 4725 172 4800 bis
186 4733 390 4828 certissimis
405 4729 708 4804 consolationibus
725 4742 759 4799 et
775 4729 1024 4819 promissioni-

51 4823 125 4912 bus,
146 4857 233 4925 quae
249 4837 453 4920 adfirmant,
479 4829 671 4908 Ecclesiam
687 4829 753 4902 lici
769 4851 908 4922 semper
923 4857 1024 4904 man-

55 4939 364 5008 suramesseetiam
385 4932 506 5006 inhac
528 4933 610 5007 vita.
663 4932 770 5022 Quod
794 4934 1024 5007 confirmatur
1942 5011 1945 5018 Ι

53 5032 226 5123 peripsam
250 5063 393 5110 coenam
411 5035 582 5119 Domini,
605 5028 675 5105 boc
697 5035 800 5105 tacite
824 5036 938 5106 donec
962 5062 1023 5109 ve·
1178 5037 1386 5110 Similitudo
1403 5043 1451 5134 de
1467 5035 1679 5128 Virginibus
1695 5037 1879 5128 imagoest
1893 5035 2075 5136 Ecclesiae

53 5129 146 5204 niam.
1075 5165 1289 5235 quocunque
1318 5154 1495 5238 tempore,
1528 5143 1588 5210 sed
1613 5141 1962 5230 maximepostrcnio
1983 5155 2072 5214 tem-

140 5231 228 5310 Ecce
242 5241 379 5335 quoties
392 5239 432 5310 fit
454 5261 562 5308 coena
577 5235 746 5323 Domini,
778 5231 871 5309 banc
893 5262 1022 5312 conso·
1075 5265 1182 5333 pore,
1215 5258 1250 5315 et
1278 5243 1436 5316 continet
1460 5243 1678 5329 doctrinam,
1703 5239 2008 5333 obiurgationcm,
2033 5260 2067 5317 et

54 5326 206 5411 lationem
227 5345 390 5436 cogitate:
429 5338 865 5436 &eustasianorum
907 5343 1022 5414 donec
1074 5344 1365 5417 consolationem.

1420 4735 1560 4845 Caput
1582 4733 1730 4824 XXV.

1077 4896 1211 4973 Simile
1219 4908 1274 4972 est
1285 4923 1436 4998 regnum
1446 4898 1626 4976 coelorum
1635 4895 1753 4972 decem
1766 4897 2001 4998 Virginibus,
2013 4909 2074 4974 etc·
