4714 5826
259 197 304 272 rs
644 287 646 292 ,
724 139 726 144 Χ
844 191 1115 277 nuruum
1140 193 1677 278 montaneorum.
2241 211 2298 282 rs

262 363 365 438 omni
393 360 515 447 malo,
547 361 588 434 s'rs
617 358 737 436 medio
767 361 1084 460 congregationis,
1118 365 1246 447 idest,
1296 367 1432 438 vinitus
1459 367 1663 451 institutus,
1693 393 1801 470 quern
1830 373 1908 445 vult
1928 370 2026 446 Dens
2055 381 2213 474 conspici
2243 385 2298 454 ab

263 471 423 559 contagia
447 465 572 562 populi
593 481 723 538 nocent
742 469 929 548 omnibus,
958 469 1040 561 quir
1055 463 1166 538 homo
1181 491 1247 536 na·
1296 462 1462 540 humanis
1485 471 1676 542 mentibus.
1728 472 1798 545 sed
1817 476 1930 546 multa
1947 491 2032 548 sunt
2045 485 2232 554 mutabilia
2252 486 2298 554 in

262 565 348 644 tura*
365 574 410 641 ad
429 569 662 641 imitationem
681 570 840 652 ducatur,
866 585 902 641 et
917 569 1116 644 imitatione
1132 569 1247 642 discit.
1296 571 1421 656 rebus,
1455 584 1490 642 et
1518 571 1669 644 maxime
1694 575 1882 646 mutabiles
1906 592 1990 648 sunt
2013 575 2200 654 bominum
2224 611 2299 655 vo-

263 672 354 746 Cum
376 674 485 763 igitur
501 672 697 744 multorum
712 684 746 742 et
761 693 969 762 magnorum
984 672 1093 744 falsas
1105 670 1260 761 opinio·¹
1297 673 1469 758 luntates,
1496 687 1532 743 et
1543 696 1647 764 saepe
1660 689 1744 746 sunt
1757 677 1917 764 fallaces,
1945 681 2026 753 ideo
2040 681 2297 758 adhibendum

264 800 327 846 nes
353 775 473 859 audit,
499 787 535 844 et
556 773 669 843 ceruit
683 773 773 844 ritus
791 789 825 844 et
842 796 976 858 mores,
997 773 1161 866 sequitur
1176 781 1247 855 eos,
1298 786 1350 844 est
1362 769 1447 874 ,hoc
1477 773 1555 845 loco
1589 777 1800 862 discrimen,
1835 793 1869 850 et
1902 782 2201 857 considerandum
2224 803 2298 874 est,

153 881 159 886 ’
266 892 300 948 et
329 876 468 946 facilius
496 887 549 946 est
577 875 662 946 vitia
692 873 846 962 imitari,
877 889 1002 966 postea
1031 874 1249 962 consuetudo
1298 875 1363 946 ubi
1386 888 1420 945 et
1443 889 1617 969 quatenus
1647 880 1910 952 assentiendum
1937 883 1983 955 sit
2013 881 2180 959 humanis
2202 914 2297 982 pro-

267 977 451 1049 confirmat
466 976 673 1047 morborum
688 977 802 1046 initia.
854 974 938 1045 Ideo
954 977 1066 1046 multa
1080 975 1173 1047 dicta
1188 997 1250 1044 ex-
1300 975 1433 1060 rnissis,
1459 977 1523 1048 ubi
1533 1001 1615 1048 non
1631 980 1679 1050 sit
1693 977 1969 1064 assentiendum.

266 1094 360 1166 tant,
384 1102 475 1172 quae
492 1078 731 1170 praecipiunt,
755 1101 801 1147 ne
820 1079 940 1147 relicta
958 1079 1076 1166 regula
1091 1076 1251 1166 exempla
1400 1073 1465 1149 Est
1493 1091 1610 1148 autem
1639 1083 1752 1152 virtus
1779 1107 1870 1177 quae
1897 1087 2106 1161 nominatur
2131 1090 2299 1182 Candor,

267 1183 322 1252 vel
345 1179 610 1252 multitudinem
632 1195 833 1272 sequamur.
883 1175 997 1252 Exod.
1012 1182 1073 1252 ΞΒ.
1092 1198 1251 1269 expresse
1300 1201 1392 1272 quae
1409 1179 1582 1250 diiudicet
1598 1181 1799 1255 voluntates
1805 1234 1819 1274 ,
1844 1186 1946 1256 cuius
1961 1203 2116 1263 extrema
2130 1213 2214 1266 sunt
2230 1223 2297 1269 ca·-

267 1285 483 1354 dictumest:
510 1277 766 1372 Nonsequaris
783 1281 1047 1352 multitudinem
1065 1279 1252 1349 adfacien-
1301 1279 1437 1350 lumnia
1459 1295 1493 1351 et
1510 1282 1615 1352 stulta
1634 1284 1835 1360 credulitas.
1886 1287 1977 1358 Nam
1995 1295 2132 1365 candor
2147 1311 2198 1366 est
2212 1299 2298 1369 vir-

268 1388 353 1455 dum
373 1383 525 1466 malum,
550 1395 584 1451 et
601 1404 675 1450 non
691 1382 920 1473 respondebis
935 1382 974 1450 in
992 1381 1126 1464 iudicio
1142 1379 1253 1450 decli·
1301 1397 1360 1453 tus
1382 1381 1498 1452 vicina
1521 1382 1678 1470 veritati,
1703 1401 1849 1484 propter
1869 1391 2091 1480 probabilem
2112 1397 2294 1470 rationem

268 1507 362 1556 nans
390 1485 435 1554 acl
466 1482 729 1554 multitudinem
760 1483 1009 1556 declinantem.
1078 1480 1253 1576 Videmus
1302 1484 1504 1575 approbans
1524 1483 1657 1554 alienas
1673 1487 1891 1576 voluntates,
1917 1505 1952 1562 et
1967 1517 2042 1562 non
2057 1495 2206 1588 gignens
2223 1523 2295 1572 va-

269 1600 405 1670 autem,
436 1585 623 1678 praecipue
647 1585 685 1665 in
710 1583 959 1674 religionibus,
993 1595 1165 1679 quantum
1190 1604 1252 1651 va·
1302 1606 1365 1653 nas
1379 1584 1598 1674 suspiciones
1609 1587 1859 1663 malevolentia
1875 1615 1938 1662 seu
1948 1594 2149 1694 κακοηθίᾳ,
2176 1625 2293 1695 quae-

270 1690 341 1758 leat
368 1686 608 1757 multitudinis
630 1686 763 1775 opinio.
821 1685 1003 1756 Adversus
1026 1685 1110 1756 talia
1131 1697 1253 1754 conta-
1302 1688 1384 1755 darn
1407 1686 1512 1756 etiam
1534 1688 1700 1778 ambigna
1721 1690 1761 1758 in
1781 1693 1966 1763 meliorem
1982 1711 2117 1787 partem
2130 1702 2292 1790 flectens,

270 1790 345 1878 gia,
377 1789 624 1858 confirmemus
649 1809 714 1856 nos
737 1781 793 1854 bis
814 1787 932 1857 dictis:
968 1787 1130 1856 Lucerna
1153 1785 1253 1874 pedi·
1303 1811 1343 1856 ac
1364 1787 1456 1855 bene
1477 1787 1621 1880 quidem
1645 1813 1811 1881 sperans,
1835 1793 2035 1886 seditamen
2055 1814 2096 1871 nt
2117 1804 2162 1873 de
2181 1807 2294 1877 rebus

251 1893 337 1960 bus
361 1890 448 1958 meis
471 1888 618 1956 verbum
641 1901 755 1960 tuum.
813 1889 920 1957 Item:
954 1888 1087 1958 Audite
1108 1909 1166 1954 me
1187 1900 1251 1956 etc.
1302 1887 1553 1973 mutabilibus,
1594 1887 1752 1981 cogitans
1785 1917 1887 1986 posse
1923 1901 2054 1969 mutari
2085 1904 2294 1978 voluntates

255 1989 359 2063 »Vult
383 2014 448 2060 nos
461 1985 559 2058 Deus
581 2011 644 2056 suo
669 1987 777 2058 verbo
801 1989 893 2077 regi,
926 2013 1000 2058 non
1022 1986 1255 2077 opinionibus
1303 1984 1494 2076 humanas,
1518 2004 1554 2060 et
1576 2014 1675 2082 posse
1699 1989 1881 2064 hominem
1905 2021 2022 2068 errare
2043 2004 2088 2072 de
2104 2006 2291 2080 voluntate

272 2106 305 2162 et
322 2091 489 2182 exemplis
506 2090 770 2161 discedentibus
786 2112 806 2160 a
824 2087 1023 2162 verbo'Dci
1038 2103 1101 2160 etc.
1192 2151 1196 2158 .
1304 2090 1459 2175 alterius,
1485 2114 1565 2161 cum
1583 2116 1660 2162 non
1673 2096 1813 2185 penitus
1828 2097 2120 2190 introspiciantur
2132 2103 2292 2181 latebrae

1303 2187 1453 2261 humani
1469 2193 1640 2283 pectoris,
1664 2193 1730 2278 Ut,
1756 2192 1872 2266 David
1890 2201 1980 2270 bene
1995 2206 2101 2276 sentit
2117 2209 2161 2276 de
2180 2207 2292 2282 lona-

633 2322 770 2433 οδω
815 2325 891 2411 Ἦ.
986 2388 994 2396 .
1247 2379 1253 2384 Ι
1304 2287 1377 2372 tha,
1404 2293 1488 2385 quia
1501 2288 1609 2364 habet
1623 2297 1841 2384 probabilem
1856 2301 2041 2390 rationem,
2065 2330 2175 2398 quare
2190 2312 2292 2384 illius

1304 2393 1521 2464 voluntatem
1545 2411 1660 2485 speret
1681 2398 1819 2468 firmam
1840 2423 1930 2486 esse,
1957 2407 2039 2498 quia
2060 2409 2124 2481 scit
2143 2433 2222 2480 eum
2239 2416 2291 2485 ti-

374 2489 416 2560 ln
454 2502 550 2558 sesto
581 2489 693 2579 capite
724 2487 839 2578 prima
871 2489 1044 2559 sententia
1075 2487 1255 2557 dissuadet
1303 2515 1398 2562 mere
1413 2489 1549 2584 Deum,
1577 2510 1611 2565 et
1636 2513 1801 2569 ornatum
1825 2525 1898 2571 esse
1919 2506 2125 2582 testimonio
2149 2513 2290 2590 divino.

270 2592 495 2686 sponsiones,
519 2612 667 2660 narrans
688 2613 761 2658 esse
778 2588 992 2680 periculosas
999 2643 1010 2680 ‚
1039 2589 1121 2682 quia
1138 2587 1253 2678 pluri·
1303 2590 1384 2662 Non
1404 2595 1496 2663 hene
1515 2596 1624 2665 sensit
1640 2598 1684 2667 de
1699 2595 1934 2694 Achitophel,
1962 2608 2044 2699 quia
2059 2611 2289 2687 animadver-

272 2695 323 2764 mi
338 2693 469 2763 fallunt
482 2714 687 2783 sponsores,
711 2691 793 2760 ideo
808 2690 1022 2760 celebratum
1040 2705 1092 2761 est
1107 2690 1252 2774 dictum,
1302 2693 1438 2765 titeum
1455 2717 1530 2765 non
1547 2697 1672 2768 timere
1685 2694 1813 2774 Deum,
1866 2701 1926 2774 Sic
1943 2708 2052 2796 igitur
2068 2710 2290 2804 intelligatur

272 2797 368 2891 quod
383 2795 422 2864 in
437 2795 568 2885 templo
584 2787 761 2885 Delphico
776 2792 946 2882 scriptum
959 2792 1041 2862 fuit:
1069 2789 1251 2882 Spondeto
1302 2797 1436 2876 dietum
1466 2799 1500 2870 1.
1522 2795 1688 2874 Corinth.
1715 2801 1794 2874 13.;
1832 2801 1984 2879 Dilectio
2012 2814 2123 2882 credit
2153 2819 2288 2904 omnia,

270 2901 439 2967 damnum
454 2891 592 2989 praesto
609 2907 671 2978 est,
695 2894 731 2963 id
747 2907 809 2978 est,
832 2894 861 2992 si
876 2893 1109 2984 spoponderis
1121 2893 1252 2963 damno
1302 2898 1339 2966 id
1361 2911 1431 2988 est,
1458 2914 1510 2968 est
1532 2901 1703 2982 candida,
1729 2927 1803 2973 non
1826 2921 1876 2977 est
1896 2910 2077 3002 suspicax,
2102 2938 2177 2985 uon
2193 2921 2286 2991 male

270 2997 443 3070 afficieris.
493 2993 541 3066 Et
555 2993 730 3066 Homerus
751 2995 869 3088 inquit
885 2989 1066 3088 Odysseae
1081 2992 1141 3066 fb:
1168 2995 1252 3064 Ass·
1301 3000 1408 3071 sentit
1423 3001 1468 3069 de
1485 3002 1557 3071 alio
1572 3002 1648 3071 sine
1662 3005 1841 3096 probabili
1855 3021 1889 3079 et
1904 3013 2002 3100 gravi
2018 3015 2166 3090 ratione.

271 3094 332 3170 λαί
352 3121 410 3171 τοι
431 3092 562 3194 decinis
586 3121 646 3196 ys,
680 3091 744 3168 aad
764 3091 897 3194 i‘yyvns
922 3087 1179 3192 ἐγγυάασθαι,
1212 3095 1250 3164 id
1436 3157 1438 3160 .
1619 3171 1628 3190 ι
2081 3186 2089 3202 ⁸
2260 3177 2261 3182 ἵ

270 3216 341 3284 est,
363 3200 477 3268 malae
499 3213 582 3270 sunt
602 3198 809 3289 sponsiones
828 3200 1036 3288 spondendo
1053 3222 1119 3288 pro
1137 3196 1249 3266 malis.
1381 3165 1444 3240 De
1477 3170 1718 3244 l³b⁰f¹b¹¹⁵
1753 3199 1827 3247 ⁸⁸¹1
1860 3179 1911 3247 de
1944 3184 2201 3258 sedulrtate.

271 3301 314 3372 ln
339 3323 466 3392 genere
489 3314 606 3371 autern
628 3295 697 3368 hoc
719 3299 853 3369 dictum
877 3312 1017 3382 monet,
1043 3313 1156 3370 ratam
1177 3321 1250 3368 esse
1403 3303 1446 3374 ln
1470 3301 1666 3397 hoc-sexto
1691 3313 1805 3401 capite
1830 3317 2025 3388 secundum
2058 3341 2282 3416 praeceptum

175 3399 181 3412 ⁸
270 3404 375 3472 fidem
400 3415 604 3495 patmum,
629 3413 664 3471 ‘l
685 3422 783 3470 r³t⁰³
804 3422 877 3469 ⁸³⁵⁰
899 3401 1102 3470 sinceraret
1118 3397 1251 3471 fideles·
1300 3419 1351 3477 est
1363 3407 1407 3476 de
1417 3406 1559 3492 labore,
1582 3412 1679 3502 quod
1693 3414 1852 3506 exemplo
1868 3417 1972 3486 otiam
1988 3419 2158 3508 illustrat,
2185 3427 2284 3502 iubet

272 3503 406 3574 Contra
431 3525 515 3572 Vero
539 3503 669 3572 mull⁰⁸
691 3501 892 3582 instabile&
924 3501 1079 3584 summ,
1109 3501 1251 3585 infidos,
1300 3529 1365 3578 nos
1388 3508 1519 3578 intueri
1542 3509 1725 3596 formicas,
1753 3527 1787 3584 et
1810 3539 1932 3588 earum
1953 3522 2174 3595 sedulitatem
2197 3529 2282 3598 imi·

271 3605 443 3697 perfidos,
468 3618 508 3675 ut
531 3603 663 3672 multae
685 3602 847 3695 querelae
864 3602 1044 3698 leguntur:
1070 3600 1252 3696 Nusquam
1299 3609 1379 3680 tari.
1428 3608 1590 3679 Primum
1615 3613 1723 3702 igitur
1744 3610 1802 3685 bic
1823 3617 2017 3707 discamus,
2045 3639 2078 3695 et
2100 3627 2281 3702 ordinasse

272 3718 345 3776 tuta
369 3705 464 3776 fides.
518 3703 618 3793 Quos
640 3703 754 3772 credis
773 3701 865 3772 fidos
885 3703 1018 3788 effuse,
1053 3717 1150 3774 tutus
1172 3703 1254 3776 eris.
1299 3708 1415 3781 Deum
1432 3715 1561 3800 gradm
1576 3714 1773 3785 officiorum
1789 3741 1850 3788 seu
1866 3725 2106 3808 vocationum,
2132 3743 2169 3800 et
2181 3755 2282 3802 man·

270 3807 317 3878 Et
338 3803 428 3876 illud
444 3800 667 3896 Epicharmi:
692 3807 799 3898 Νῆφε
814 3799 878 3875 καὶ
889 3800 1057 3898 μέμνησο
1072 3801 1253 3894 ἀπιστεῖν,
1300 3813 1421 3882 datum
1439 3813 1507 3884 Dei
1531 3837 1623 3900 csse,
1650 3829 1688 3885 ut
1709 3841 1792 3887 suae
1808 3819 1957 3914 quisque
1974 3827 2168 3900 vocationis
2182 3833 2282 3904 labo-

270 3901 486 4003 ταῦτα’γᾶρ
509 3904 640 4001 ἄρθρα
659 3901 942 4000 φρενῶνέστὶν.
995 3903 1253 3975 lteminPsal-
1302 3937 1356 3982 res
1377 3914 1499 3994 faciat,
1520 3939 1597 3988 ,nec
1619 3917 1754 4004 ingerat
1774 3943 1810 3990 se
1833 3923 1968 3992 alienae
1991 3930 2187 4018 vocationi,
2219 3938 2280 4006 sed

271 4033 348 4080 mo:
383 4007 503 4078 Nolite
526 4008 703 4077 confidere
727 4006 1086 4096 inprincipibus,‚et
1108 4007 1146 4074 in
1167 4007 1250 4075 liliis
1301 4015 1340 4082 in
1364 4037 1426 4084 sua
1450 4030 1600 4104 praestet
1616 4019 1835 4108 diligentiam
1853 4035 1887 4093 et
1902 4024 2019 4098 fidem.
2072 4028 2281 4125 Sicpraeci·

271 4105 477 4194 hominurn,
499 4109 538 4177 in
562 4108 692 4199 quibus
706 4129 788 4182 ,non
803 4119 855 4177 est
870 4107 973 4176 salus.
1025 4103 1073 4178 Et
1087 4109 1180 4197 apud
1198 4106 1252 4177 Ie·-
1300 4117 1405 4207 piunt
1425 4111 1511 4187 haee
1532 4119 1625 4189 dicta
1646 4121 1678 4190 1.
1693 4117 1838 4197 Thessa.
1854 4121 1906 4194 4.;
1934 4123 2130 4202 Hortamur
2142 4159 2205 4206 vos
2221 4161 2280 4208 ex-

271 4211 438 4280 rsmiam:
464 4208 677 4280 Maledictus
693 4208 756 4302 qui
769 4207 915 4278 conlidit
930 4209 969 4277 in
986 4204 1139 4278 homine.
1301 4216 1446 4303 cellere,
1478 4232 1513 4290 et
1543 4221 1593 4289 sic
1622 4221 1826 4294 ambitiosos
1856 4249 1947 4310 esse,
1981 4255 2105 4322 nempe
2135 4249 2174 4308 ut
2205 4241 2280 4310 sitis

374 4325 443 4396 fflc
469 4326 499 4394 εἰ
530 4325 832 4419 quisimarrogat:
868 4321 965 4412 Quid
988 4326 1114 4414 igitur,
1140 4319 1253 4392 nihil·
1301 4319 1431 4412 quieti,
1465 4333 1499 4390 et
1526 4322 1668 4412 propria
1697 4322 1851 4408 faciatis,
1883 4341 1916 4397 et
1940 4330 2107 4404 laboretis
2126 4343 2278 4431 propriis

271 4453 316 4499 Μ
337 4427 641 4497 ςηᾱρῃᾱῃιῃεεῑῖ
690 4423 921 4517 Respondeo:
949 4425 1110 4495 Primum
1128 4428 1173 4495 de
1187 4428 1253 4495 do·
1301 4421 1475 4490 manibus.
1533 4419 1748 4495 Ecolesi.9.:
1784 4425 1962 4522 Quicquid
1995 4434 2131 4506 invenit
2155 4464 2278 4512 manus

272 4531 385 4601 carina
414 4529 575 4612 daDeo,
608 4528 822 4596 credendum
845 4540 896 4595 est
922 4529 1031 4595 verbo
1051 4527 1141 4610 Dei,
1172 4551 1251 4596 cunr
1301 4536 1359 4593 tua
1383 4524 1428 4589 ad
1450 4523 1670 4607 faciendum,
1705 4521 2034 4604 hoctotisviribus
2056 4538 2174 4613 facito.
2232 4541 2279 4617 Et

272 4633 415 4726 quidem
438 4628 541 4699 Deus·
563 4627 740 4698 addiderit
766 4627 917 4696 illustria
938 4628 1160 4717 testimonia,
1191 4651 1262 4724 ref
1300 4625 1396 4714 quod
1420 4621 1487 4693 Dei
1517 4627 1665 4695 consilio
1694 4631 1823 4717 graden
1847 4633 2043 4704 officiorum
2068 4642 2222 4713 ordinati
2245 4660 2279 4717 et

271 4732 532 4804 srrscitationem
557 4741 780 4800 mortuorum
801 4741 837 4796 et
861 4729 940 4797 alia.
997 4729 1069 4800 Sed
1092 4724 1251 4799 homiui·
1300 4725 1455 4794 distincti
1478 4727 1568 4810 tint,
1595 4729 1820 4800 manifestum
1842 4748 1893 4802 θδῑ
1916 4759 1957 4804 0¹
1980 4739 2203 4814 dicllSRW'·
2222 4749 2278 4822 12·

271 4837 335 4904 bus
346 4832 626 4904 asseverantibus
640 4825 921 4922 aliquiddeDeo‚
938 4831 1080 4923 propria
1095 4831 1252 4916 audacia,
1300 4838 1332 4894 el
1353 4827 1410 4897 13·
1436 4840 1476 4897 el
1498 4829 1530 4896 1·
1545 4825 1712 4898 (3⁰5⁰th
1728 4833 1785 4904 ¹2·
1829 4833 2085 4910 Dlsfisscllffllffl
2105 4859 2187 4914 ⁸¹¹ss!
2209 4850 2276 4916 ml·

270 4947 365 5004 extra
388 4933 585 5004 doctrinam
608 4931 720 5001 aDeo
740 4931 922 5014 traditam,
948 4955 1021 5002 uon
1038 4945 1088 5003 est
1103 4933 1249 5002 creden·
1299 4927 1536 4997 nisteriornm.
1587 4925 1635 5000 Et
1659 4930 1866 5010 1.Corinth.
1881 4937 1932 5007 7.:
1961 4937 2214 5038 Unusquisque
2231 4952 2277 5018 si-

148 5113 151 5124 ,
270 5039 374 5118 duan,
402 5037 498 5105 iuxta
514 5034 662 5103 dictum:
688 5027 788 5101 Nihil
804 5033 941 5102 addatis
956 5056 1070 5124 neque
1086 5017 1250 5103 detrahe-
1299 5042 1359 5100 cul
1395 5038 1538 5101 vocilius
1575 5045 1625 5100 est
1653 5056 1672 5101 a
1702 5030 1858 5105 Domino
1888 5039 1937 5110 tic
1967 5045 2134 5118 ambulet.
2208 5049 2275 5122 Ubi

269 5138 326 5211 tis.
378 5132 515 5206 Deinde
538 5136 576 5203 in
599 5134 734 5204 artibus
751 5145 843 5203 certa
862 5147 913 5203 est
927 5136 1088 5204 doctrina
1105 5147 1250 5227 propter
1299 5143 1478 5225 utrunque
1498 5133 1658 5217 docetur,
1677 5149 1718 5206 ’θῑ
1741 5138 1926 5210 difllsscwi
1947 5163 2020 5213 ⁰⁸⁸⁰
2043 5150 2171 5234 gratim
2193 5177 2275 5221 ⁰⁰¹¹-

269 5227 588 5308 demonstrationes
610 5227 644 5304 e't
666 5231 751 5302 alias
766 5255 884 5303 causas
902 5236 1140 5320 certitudinis,
1167 5235 1250 5328 quia
1298 5231 1378 5301 silio
1401 5229 1490 5322 Dei,
1522 5247 1556 5303 et
1583 5258 1872 5331 unumquemque
1899 5246 2027 5314 debere
2050 5271 2150 5320 nosse
2171 5269 2275 5325 metas

268 5332 438 5436 κριτήρια
460 5352 493 5409 et
515 5336 832 5407 demonstrationes
856 5337 960 5408 etiam
982 5349 1065 5408 sunt
1085 5339 1173 5408 ordo
1194 5336 1251 5407 di·
1298 5335 1352 5404 sui
1369 5334 1494 5414 oflicii,
1521 5347 1555 5405 et
1572 5337 1625 5406 sui
1645 5341 1773 5426 gradus
1789 5341 1926 5413 labores
1942 5345 2064 5419 facere.
2108 5396 2114 5412 ·
