4714 5826
257 137 308 210 68

261 301 342 379 'suas
363 299 642 392 imaginationes.
691 293 762 366 llic
785 295 896 385 igitur
918 305 1060 380 monet,
1092 290 1254 365 Verbum

263 406 333 479 Dei
353 427 428 475 esse
447 401 657 494 sapientiam
678 421 863 483 arcanam,
888 409 925 468 et
944 396 1148 468 discendam
1170 419 1255 465 vero

263 508 402 592 studio,
427 506 466 576 id
489 515 558 586 ert,
583 501 659 572 vult
672 500 772 570 Deus
790 523 857 568 nos
873 499 1067 592 discipulos
1081 519 1155 568 esse
1172 520 1255 566 suae

168 630 170 638 ·
263 613 379 695 vocis,
404 630 478 678 non
495 605 573 676 vult
589 627 655 673 nos
670 603 844 672 anteferre
861 613 999 672 nostras
1014 599 1256 691 cogitationes,
1334 651 1344 670 .

265 727 300 784 et
314 709 448 800 fingere
463 731 555 782 nova
573 708 736 794 dogmata
753 728 815 774 seu
831 704 933 778 ritus.
992 703 1053 775 Sic
1068 702 1183 793 gloria
1198 726 1255 772 re·
1310 755 1318 772 .

264 838 349 906 gum
372 826 444 895 est,
466 809 628 880 omnium
650 806 925 898 praestantium,
951 805 1133 898 inquirere
1156 827 1256 876 arca·

264 938 347 986 nam
363 913 591 1007 sapientiam,
617 907 960 993 scilicetaudien'do,
985 931 1059 977 non
1075 906 1254 977 turbando

264 1015 559 1089 cavillationibas.
629 1007 730 1081 Sicu't
758 1023 792 1080 et
812 1008 945 1080 Paulus
969 1009 1154 1102 praecipit:
1189 1007 1257 1078 Sa-

120 1084 149 1134 *
265 1119 397 1213 pientia
414 1116 480 1184 ner
498 1110 688 1182 habitam
705 1112 826 1192 vona,
853 1111 889 1180 ιι
908 1127 978 1198 m,
1004 1112 1182 1203 sapienter
1197 1109 1256 1178 in.
1311 1162 1319 1178 .

165 1267 169 1276 ι
265 1222 456 1315 quitantur
484 1218 620 1300 tontes,
652 1227 686 1283 et
714 1215 943 1286 conferantur
965 1213 1187 1294 testimonia,
1221 1219 1256 1281 et

263 1319 550 1398 meminerimus,
585 1339 651 1386 nos
681 1317 810 1386 debere
841 1316 1035 1408 discipulos
1059 1338 1133 1384 esse
1159 1314 1256 1386 vocis

264 1424 425 1507 divinae,
458 1422 550 1490 sicut
573 1417 744 1490 Salomon
769 1417 903 1512 inquit:
930 1419 1093 1490 Audiens
1115 1417 1256 1508 sapiens

265 1527 462 1626 sapientior
476 1523 555 1614 erit.

366 1641 534 1714 Humana
557 1638 730 1732 sapientia
755 1639 792 1707 in
819 1635 956 1708 Davide
977 1639 1125 1711 iubebat
1145 1639 1255 1709 inter-

160 1777 170 1791 =
264 1749 323 1819 fici
347 1745 510 1829 Saulem,
537 1746 596 1812 sed
614 1741 770 1834 Spiritus
793 1754 935 1812 sanctus
955 1741 994 1810 in
1008 1739 1163 1828 Davide,
1189 1765 1257 1812 no-

265 1852 334 1922 luit
348 1849 418 1920 tale
434 1846 633 1939 exemplum
651 1845 836 1916 ostendere
854 1843 892 1911 in·
909 1843 1042 1937 populo
1057 1841 1136 1920 Dei.

292 2071 465 2174 -Acetum
487 2095 595 2170 super
617 2066 794 2148 Nimim,
828 2057 963 2138 canens
987 2089 1132 2140 comem
1154 2063 1259 2139 cordi

366 2199 494 2277 pravo.
601 2227 608 2248 .

366 2326 460 2397 Salis
481 2340 516 2395 et
538 2320 636 2394 Nitri
660 2336 822 2393 naturae
831 2322 965 2391 similes
986 2310 1090 2401 sunt,
1122 2322 1257 2392 rodunt

266 2446 301 2503 et
315 2441 427 2502 urunt
439 2449 606 2516 corpora,
633 2439 667 2524 et
680 2423 922 2514 singularis
886 2445 941 2491 vis
956 2421 1138 2493 estNitri‘
1128 2446 1165 2490 ιιι
1182 2423 1257 2512 pel-

266 2533 391 2614 leudo,
418 2542 452 2599 et
467 2527 628 2597 irritatur
642 2539 740 2595 aceto
756 2538 792 2595 et
806 2525 917 2607 calce,
940 2523 1031 2594 sicut
1046 2523 1165 2618 inquit
1180 2522 1257 2593 Pli-

265 2636 364 2704 ιιὶιιι.
375 2615 588 2701 Ulceribus
612 2651 701 2722 quae
722 2642 869 2720 serpunt
890 2623 1035 2698 Nitrum
1058 2650 1138 2696 cum
1162 2626 1257 2696 calce

266 2750 301 2808 et
316 2747 414 2806 aceto
431 2731 536 2800 illini.

369 2833 587 2930 Significat
576 2833 685 2923 igitur
709 2827 795 2901 haee
818 2830 1034 2915 similitudo,
1060 2830 1257 2923 pertinaces

189 2995 199 3012 ,
267 2959 349 3013 cum
367 2941 637 3019 admonentur,
676 2947 814 3005 tantum
842 2932 920 3002 fieri
952 2932 1183 3020 rabiosiores‚
1217 2948 1257 3005 ut

268 3037 438 3112 Nitrum
427 3060 612 3110 incensum
631 3035 749 3104 infuso
764 3048 864 3105 aceto
881 3035 994 3105 multo
1010 3029 1256 3106 vehementius

268 3142 461 3233 dissipatur
502 3151 538 3210 et
575 3136 722 3242 pellitur
758 3149 903 3228 propter
941 3131 1254 3232 ἀντιπερίστασιν.

267 3245 329 3320 Sic
358 3242 444 3313 Saul
480 3223 688 3309 admonitus'
719 3238 758 3309 fit
789 3239 903 3308 multo
935 3239 1083 3313 saevior.
1149 3235 1256 3309 Tales

267 3345 374 3418 multi
394 3356 477 3413 sunt
496 3342 618 3434 impii,
644 3342 682 3410 in
700 3341 831 3435 quibus
847 3353 1008 3412 crescunt
1022 3342 1160 3411 furores
1175 3364 1256 3410 cum

269 3451 520 3519 admonentur.

369 3547 452 3617 Non
486 3543 651 3637 prohibet
684 3558 800 3615 autem
827 3539 916 3613 haec
938 3544 1111 3616 sententia
1137 3543 1258 3614 doceri

268 3674 387 3724 veram
403 3649 615 3721 doctrinam.
650 3645 719 3717 Sed
734 3646 894 3737 loquitur
906 3649 950 3714 de
964 3647 1055 3715 facto
1071 3668 1132 3716 seu
1149 3670 1256 3715 even·

268 3771 329 3840 tu,
362 3766 396 3821 et
418 3751 590 3832 ostendit,
625 3746 814 3818 dissimiles
838 3770 912 3816 esse
936 3747 1135 3836 auditores,
1168 3748 1257 3816 alios

269 3879 343 3927 esse
372 3852 525 3935 dociles,
564 3849 653 3920 alios
683 3849 880 3939 pertinaces
911 3849 1009 3918 nolle
1037 3849 1179 3940 doceri,
1217 3862 1257 3919 ut

267 3945 454 4031 R0m211.
479 3953 610 4023 dicitur
630 3953 674 4020 de
693 3943 929 4041 blasphemis:
964 3949 1150 4021 Excoecati
1174 3965 1257 4022 sunt

269 4059 363 4130 oculi
380 4081 520 4148 eorum,
548 4079 592 4123 ne
606 4054 778 4149 videant.

227 4243 229 4248 ,
370 4159 449 4242 Etsi
471 4185 587 4241 autem
611 4181 652 4256 ut
674 4167 749 4237 diri
771 4161 857 4236 haec
877 4165 1050 4235 sententia
1076 4189 1150 4236 non
1174 4190 1256 4256 pro-

269 4272 370 4345 hibet
400 4272 519 4341 doceri
552 4293 669 4340 veram
694 4267 913 4353 doctrinam,
945 4283 1062 4339 tamen
1085 4269 1259 4359 significat

271 4375 523 4449 discernendos
553 4395 626 4441 esse
655 4369 845 4443 auditores.
904 4368 1046 4440 Dociles
1066 4371 1124 4462 pie
1145 4384 1181 4441 et
1203 4393 1257 4440 se-

271 4479 357 4550 dulo
380 4473 564 4546 erudiendi
582 4485 684 4555 sunt,
708 4484 749 4540 ut
764 4470 897 4541 Pacilus
913 4473 1046 4565 inquit:
1073 4468 1256 4542 lnbrmum

252 4584 309 4665 ,in
326 4581 394 4650 lide
410 4577 588 4649 assumito.
646 4571 701 4645 De
714 4573 795 4642 aliis
810 4570 1025 4665 blasphemis
1042 4573 1175 4645 dictum
1191 4590 1257 4645 ιιι.

271 4682 355 4754 Non
384 4681 475 4750 detis
505 4691 664 4750 sanctum
693 4674 851 4746 canibus.
910 4671 959 4745 Et
986 4673 1257 4749 Proverb.1b.:

273 4783 433 4856 Auribus
465 4779 561 4850 stulti
595 4802 640 4847 ne
670 4777 848 4870 loquaris,
880 4777 964 4870 quia
985 4778 1183 4848 contemnit
1202 4800 1258 4847 sa·

273 4886 442 4978 pientiam
465 4881 598 4975 eloquii
622 4879 687 4951 tui.
740 4877 786 4950 Et
801 4892 919 4948 tamen
936 4879 1140 4973 priusquam
1155 4879 1258 4949 audi-

273 5003 366 5058 tores
395 4987 596 5056 discernere
625 4985 754 5073 possis,
791 4981 958 5052 omnibus
984 4982 1145 5052 doctrina
1175 5005 1258 5071 pro-

274 5090 438 5179 ponenda
468 5101 529 5160 est.
588 5082 715 5154 Postea
737 5089 934 5177 'sequamur
957 5084 1112 5173 regulam
1137 5081 1257 5152 Pauli:

263 5177 499 5260 'Haereticum
528 5184 711 5257 hominem
742 5201 822 5277 post
848 5207 956 5270 uuam
985 5198 1090 5279 atque
1112 5184 1257 5256 alteram

272 5290 570 5367 admonitionem.
595 5289 717 5362 vitato.

851 125 979 206 Plilb.
1005 109 1124 202 nat.
1147 121 1358 202 SCRIPTA
1383 122 1689 205 Exnoartcn

2251 139 2308 212 64

1358 287 1467 364 Fons
1497 291 1735 368 conturbatus
1761 305 1794 368 et
1817 296 2008 396 scaturigo
2032 297 2262 376 lutulenta
2244 332 2308 378 ru-

1410 405 1491 468 stus
1507 393 1642 469 cudens
1660 423 1785 470 coram
1803 397 1930 500 impio.

1410 547 1644 624 Manifestum
1670 565 1741 638 est,
1775 554 1878 624 valde
1900 556 2038 627 turbari
2061 560 2223 631 omniurn
2244 587 2306 633 sa-

1309 665 1469 743 prentum
1491 668 1627 724 mentes
1646 608 1871 727 defolmitate
1886 655 2064 730 Ecclesiae
2079 685 2159 732 cum
2177 665 2306 735 vident

1307 755 1475 846 imperia,
1500 778 1601 846 opes,
1626 758 1838 848 sapientiam
1865 783 1971 852 penes
1985 787 2114 855 impios
2127 787 2215 834 esse
2244 767 2306 834 in-

1307 869 1401 927 terea
1419 881 1504 928 vero
1518 854 1714 929 Ecclesiam
1730 860 1907 950 exiguam,
1933 883 2198 952 aerumnosam,
2223 867 2306 938 sine

1308 972 1403 1031 certo
1444 959 1594 1078 imperio
1632 983 1788 1050 sparsam
1824 963 1864 1032 in
1895 963 2139 1037 dissimilimas
2168 984 2306 1058 gentes.

1310 1058 1418 1142 ltem,
1445 1086 1464 1130 a
1487 1061 1702 1154 turpissimis
1725 1067 1889 1159 tyrannis
1912 1067 2119 1138 innocentes
2134 1065 2306 1142 homines

1309 1163 1481 1244 interfici,
1506 1162 1749 1234 lsraiilitarum
1773 1167 1926 1239 infantes
1951 1193 1971 1238 a
1998 1164 2204 1259 Pharaone,
2227 1173 2306 1244 Ba-

1308 1266 1450 1357 ptrstam
1467 1268 1513 1335 ab
1530 1261 1696 1352 Herode,
1720 1265 2068 1344 PaulumaNerone.
2119 1271 2218 1345 Haec
2230 1301 2305 1344 mr

1309 1368 1435 1436 rabilia
1459 1369 1656 1459 spectacula
1680 1384 1825 1442 movent
1846 1373 2038 1462 sapientes,
2069 1389 2111 1445 ut
2133 1367 2305 1466 cogitent,

1308 1465 1375 1540 hos
1390 1469 1538 1540 miseros
1554 1463 1718 1540 homines
1732 1495 1807 1542 non
1824 1495 1897 1542 esse
1914 1475 1996 1545 Deo
2011 1500 2126 1552 carae.

1411 1588 1480 1662 Sed
1504 1591 1606 1660 docet
1628 1615 1695 1660 vox
1713 1591 1855 1676 divina,
1879 1593 1931 1662 ibi
1951 1616 2024 1664 esse
2038 1620 2157 1666 veram
2174 1597 2304 1671 Eccle-

1309 1691 1416 1779 siam,
1440 1693 1504 1764 ubi
1527 1716 1563 1764 se
1577 1688 1674 1762 Dens
1688 1695 1783 1764 edita
1799 1695 2034 1785 promissione
2049 1713 2082 1770 et
2097 1701 2305 1773 illustribus

1309 1797 1540 1886 testimoniis,
1564 1797 1831 1871 resuscitatione
1847 1813 2071 1871 mortuorum
2090 1815 2124 1872 et
2140 1804 2221 1873 aliis
2236 1829 2305 1895 pa·-

1261 1915 1265 1932 '
1309 1901 1446 1989 telecit,
1473 1915 1507 1972 et
1522 1897 1614 1970 hanc
1631 1925 1703 1972 esse
1716 1900 1793 1972 Deo
1809 1925 1930 1986 curae
1954 1915 1988 1972 et
2005 1904 2185 1990 exaudiri,
2211 1932 2304 1999 pro-

1310 2004 1402 2092 tegi,
1449 2019 1483 2074 et
1520 1996 1707 2073 haeredem
1741 2029 1814 2074 esse
1846 2018 2010 2074 aeternae
2039 2007 2170 2095 gloriae
2204 2013 2306 2098 apud

1309 2101 1443 2176 Deum:
1484 2107 1690 2199 etquidem
1724 2107 1884 2196 exiguam
1915 2129 2006 2192 esse,
2041 2122 2076 2178 et
2104 2108 2305 2181 subiectam

1309 2231 1383 2278 esse
1398 2206 1494 2276 cruci
1510 2220 1656 2299 propter
1672 2222 1783 2278 certas
1801 2229 1935 2279 causas.

1411 2323 1478 2414 His
1501 2327 1633 2396 divinis
1655 2327 1868 2397 testimoniis
1884 2349 1950 2396 nos
1971 2327 2221 2400 confirmemus
2236 2333 2306 2399 ad-

1309 2449 1432 2499 versus
1453 2423 1541 2499 haec
1561 2430 1774 2522 spectacula,
1803 2453 1892 2522 quae
1905 2429 2041 2500 'usitate
2063 2431 2305 2502 nominantur

1309 2528 1525 2601 Scandalum
1550 2531 1684 2613 crucis,
1710 2543 1744 2600 et
1765 2530 1876 2601 simus
1898 2555 2071 2600 memores
2094 2527 2223 2601 borum
2244 2535 2306 2602 di-

1309 2646 1457 2704 ctorum.
1506 2626 1639 2702 March.
1658 2631 1732 2702 11.:
1759 2629 1990 2703 Abscondisti
2013 2627 2099 2702 haec
2118 2657 2137 2702 a
2158 2635 2306 2725 sapien-

1309 2735 1421 2818 tibus,
1455 2746 1491 2803 et
1509 2733 1674 2804 revelasti
1697 2756 1737 2804 ea
1761 2735 1928 2826 parvulis.
1987 2733 2076 2804 ltem
2103 2732 2232 2810 l.'Cor.
2257 2739 2306 2809 1.:

1309 2833 1391 2906 Non
1405 2834 1510 2906 multi
1527 2836 1702 2929 sapientes
1716 2837 1909 2906 secundum
1925 2859 2079 2920 carnem,
2105 2860 2179 2906 non
2194 2839 2308 2909 multi

1309 2950 1470 3030 potentes
1493 2950 1559 3010 etc.
1610 2935 1692 3008 Huc
1724 2941 1879 3029 pertinet
1908 2952 1979 3008 tota
2010 2938 2171 3008 doctrina
2196 2935 2308 3010 Pauli

1309 3065 1384 3133 cap
1394 3037 1430 3109 9
1447 3041 1490 3108 ad
1503 3036 1610 3112 Rom
1628 3053 1661 3110 et
1677 3039 1781 3111 multi
1791 3039 1936 3111 Psalmi
1988 3036 2054 3110 Ut:
2081 3037 2165 3109 Noli
2179 3063 2309 3112 aemu

1309 3141 1415 3212 lari
1402 3166 1442 3209 ιιι
1467 3140 1758 3230 malignantibus.
1819 3139 1908 3212 ltem
1933 3138 2078 3211 Psalmo
2094 3139 2174 3215 72
2208 3141 2309 3215 Moti

1310 3258 1410 3314 erant
1424 3267 1514 3337 pene
1529 3243 1636 3335 pedes
1652 3242 1733 3314 mei.

1410 3359 1464 3433 Ita
1480 3359 1521 3433 fit
1536 3363 1715 3482 privatim:
1767 3358 1858 3430 Cum
1876 3361 1993 3430 David
2012 3363 2183 3453 pellitur
2172 3387 2211 3432 ιιι
2226 3367 2306 3435 exi-

1309 3463 1419 3550 lium,
1444 3463 1711 3534 delectantur'
1681 3487 1754 3534 erus
1769 3463 1966 3532 calamitate
1982 3465 2102 3554 impii,
2129 3477 2165 3534 et
2180 3469 2305 3536 mani·

1309 3565 1407 3635 festis
1428 3566 1612 3635 sarcasmis
1631 3567 1664 3635 ei
1679 3566 1849 3636 illudunt.
1903 3563 2000 3633 llaec
2018 3565 2148 3634 indicia
2165 3568 2304 3638 descri-

1310 3669 1448 3740 buntur
1469 3662 1536 3735 hac
1555 3666 1726 3754 imagine:
1763 3665 1858 3736 Fons
1880 3667 2079 3737 lutulentus
2101 3667 2216 3738 iustus
2240 3695 2304 3740 co-

1310 3793 1390 3838 ram
1410 3769 1533 3861 impio.
1588 3766 1658 3840 Sed
1681 3781 1825 3838 teneant
1841 3767 1893 3858 pii
1909 3791 2008 3836 veras
2026 3769 2305 3856 consolationes,

1310 3885 1344 3940 ιι
1365 3872 1496 3952 sciant,
1528 3871 1645 3963 qualis
1668 3871 1713 3939 sit
1732 3869 1908 3953 Ecclesia,
1937 3882 1970 3939 et
1991 3871 2146 3958 cogitent
2166 3897 2305 3958 causas,

1309 3997 1419 4064 qnare
1433 3973 1529 4060 cruci
1545 3972 1720 4050 subiecta,
1748 3984 1782 4040 et
1795 3972 1891 4041 unde
1905 3966 1983 4040 sint
1993 3975 2161 4062 petendae
2177 3973 2305 4044 firmae

1309 4074 1580 4145 consolationes

1417 4197 1449 4265 l.
1490 4189 1674 4274 Primum,
1708 4193 1791 4286 qnia
1823 4191 1900 4261 vtrlt
1927 4194 2068 4280 agnosci
2100 4203 2303 4289 peccalum,

1311 4296 1406 4388 quod
1424 4289 1540 4364 adhuc
1557 4246 1706 4362 haerel
1694 4319 1732 4361 ιιι
1749 4289 1814 4362 hac
1829 4308 1955 4363 natura
1971 4289 2173 4366 hominum.

1411 4418 1447 4488 2.
1482 4412 1577 4501 Quia
1592 4436 1693 4503 saepe
1711 4425 1744 4482 et
1760 4413 1964 4482 manifestos
1979 4414 2098 4504 lapsus
2111 4409 2304 4486 habetEc-
2346 4495 2348 4504 ¹

1310 4517 1433 4602 clesia,
1458 4529 1491 4586 ιι
1508 4515 1584 4586 vult
1602 4539 1666 4585 nos
1681 4511 1777 4584 Deus
1794 4537 1952 4583 revocari
1942 4514 2013 4584 ad
2033 4517 2304 4605 poenitentiam.

1412 4636 1447 4706 3.
1489 4631 1584 4723 Quia
1614 4633 1731 4703 vult
1720 4633 1899 4716 invocari,
1933 4647 1966 4704 et
1988 4635 2174 4703 ostendere
2199 4659 2302 4707 suam

1311 4737 1543 4829 praesentiam
1567 4737 1607 4804 in
1630 4735 1827 4814 aerumnis,
1855 4758 1944 4826 quac
1969 4759 2042 4804 non
2064 4753 2213 4828 possunt
2232 4735 2302 4812 hu.

1310 4865 1416 4911 mano
1433 4837 1581 4910 consilio
1596 4837 1727 4907 sanari.

1411 4957 1449 5030 4.
1486 4954 1580 5047 Quia
1613 4955 1692 5024 vult
1721 4979 1823 5026 neces
1852 4952 2066 5025 Sanctorum
2097 4953 2301 5028 testimonia

1230 5083 1238 5100 ·
1311 5085 1385 5134 esse
1400 5063 1444 5132 de
1458 5057 1639 5143 doctrina,
1664 5069 1699 5126 ιι
1715 5060 1760 5128 de
1778 5071 1928 5127 venturo
1944 5055 2089 5128 iudicio.
