4622 5818
49 201 113 278 ou
279 199 363 276 xu.
413 195 809 280 auuorartouus
834 200 900 280 ar
925 197 1211 280 cosctouus
1237 201 1288 277 us
1309 197 1493 284 avenn.
1519 165 1799 298 ueremur.
1969 218 2048 306 ete

48 371 196 447 minatim
223 377 375 469 petenda
400 389 502 459 suut,
537 389 574 449 et
597 374 808 448 nominatim
833 369 918 449 haec
940 377 1016 470 ipsa
1169 373 1266 446 Deus
1290 376 1368 448 vult
1387 400 1442 448 res
1463 384 1674 456 necessarias
1697 387 1785 478 peti,
1810 403 1844 465 et
1862 393 2048 472 localibus

48 492 131 548 certo
145 475 222 548 dari
238 491 272 550 et
285 477 465 572 impetrari
481 479 600 549 omnia
615 479 736 550 credas
743 529 755 564 ,
782 477 871 548 sicut
884 493 917 551 et
930 479 1018 550 alibi
1068 477 1271 549 necessariis
1296 477 1394 549 iurat
1423 502 1489 550 nos
1512 503 1614 573 saepe
1637 507 1742 576 supra
1766 506 1940 568 naturam.
1999 499 2048 569 Ut

47 579 180 648 dicitur:
207 576 352 670 Quanto
370 580 479 668 magis
496 579 600 652 Pater
615 594 728 654 vester
744 579 902 652 coelestis
918 579 1019 654 dabit
1068 603 1148 652 cum
1163 579 1345 652 fittttseaet
1363 579 1510 654 veniunt
1523 583 1568 652 ad
1582 607 1679 654 mare
1694 588 1862 677 rubrum,
1887 617 1951 665 nec
1965 619 2049 688 poe.

48 679 207 772 Spiritom
224 694 383 752 sanctum
402 681 626 772 petentibus?
1068 697 1151 754 sunt
1174 679 1342 786 effugere,
1365 681 1434 750 nisi
1459 705 1554 752 mare
1576 684 1625 754 eis
1641 689 1759 775 cedat,
1785 703 1820 762 et
1835 693 1927 763 viam
1945 722 2049 788 prae·

135 779 275 854 Deinde
302 784 346 852 de
368 783 474 854 bonis
495 782 739 876 corporalibus
753 783 803 854 sic
825 783 1017 874 intelligas:
1068 785 1169 866 beat,
1204 777 1262 853 hie
1282 782 1376 854 Deus
1403 783 1535 874 insigni
1564 786 1734 859 miraculo
1766 791 1815 864 eis
1843 797 2049 888 opitulatur.

48 886 99 954 dat
121 883 226 953 etiam
249 883 368 956 omnia
391 886 582 958 necessaria
606 885 769 978 corpori,
800 887 955 956 sednon
978 885 1017 953 in
1070 881 1116 955 Et
1131 885 1181 953 ibi
1196 885 1281 958 dicit
1290 881 1385 955 Deus
1398 885 1530 969 monti,
1556 886 1675 970 idest,
1701 885 1899 983 Pharaoni,
1924 911 1960 972 et
1972 901 2049 972 eius
2098 945 2104 952 -

47 984 167 1078 specie,
194 1009 261 1056 nec
289 987 411 1058 eodem
443 987 561 1060 modo.
620 983 670 1058 Et
696 999 815 1058 tamen
841 989 901 1057 dat
927 987 1018 1058 bone
1070 987 1265 1078 potentiae:
1300 983 1489 1056 Abiiciaris
1518 987 1557 1056 in
1579 1013 1713 1058 mare..
1750 993 1930 1084 Significat
1952 1003 2049 1072 enim

47 1085 190 1178 corporis
197 1135 210 1172 ,
245 1088 332 1159 alias
356 1087 478 1172 aliter,
509 1089 592 1183 quia
618 1089 696 1160 vult
715 1110 782 1158 nos
803 1089 909 1160 ctiam
933 1089 1018 1159 sub·
1071 1111 1172 1156 mons
1202 1089 1393 1178 potentiam
1422 1089 1542 1178 magni
1569 1091 1661 1180 regis
1681 1105 1743 1166 aut
1765 1097 1944 1189 principis.
2001 1101 2071 1175 Et·

47 1185 144 1259 iectos
166 1209 242 1260 esse
263 1188 369 1262 cruci.
421 1185 503 1260 Non
523 1193 584 1262 dat
606 1189 673 1261 tibi
696 1212 844 1280 regnum
868 1187 1019 1271 Galliae,
1070 1184 1136 1258 hac
1171 1186 1406 1259 similitudine
1436 1182 1504 1260 hoc
1533 1190 1649 1282 ipsum
1677 1197 1832 1270 ostendit
1860 1201 2050 1287 Dominus,

48 1291 118 1382 quia
138 1309 202 1358 nec
224 1288 374 1381 singulis
390 1288 472 1362 talia
490 1293 683 1363 necessaria
697 1305 800 1373 sunt,
826 1293 886 1361 sed
901 1304 1019 1361 tamen
1058 1290 1166 1384 'quod
1181 1287 1336 1360 Ecclesia
1359 1289 1432 1360 suis
1452 1291 1615 1383 precibus
1636 1308 1671 1365 et
1691 1293 1761 1366 fide
1785 1299 1829 1371 sit
1843 1317 2051 1394 superatura
2176 1347 2185 1358 ·

47 1391 99 1463 dat
112 1389 177 1462 tibi
192 1391 340 1484 victum,
363 1393 548 1466 sanitatem
563 1394 731 1487 corporis,
756 1393 939 1463 meliorem
949 1405 1021 1462 sta·
1072 1403 1107 1462 et
1130 1414 1329 1482 repressura
1349 1413 1447 1484 reges
1471 1405 1505 1464 et
1527 1393 1716 1490 principes.
1767 1396 1850 1473 ldeo
1868 1404 1978 1480 simus
1993 1431 2053 1478 ar·
2082 1492 2086 1500 .

49 1505 112 1562 turn
127 1491 283 1564 liliorum
299 1495 501 1566 etliliarum
516 1510 581 1566 etc.
1072 1493 1249 1564 dentiores
1272 1492 1311 1562 in
1333 1496 1495 1584 petendo.
1546 1493 1647 1567 Sicut
1669 1495 1809 1571 Elisaeo
1833 1527 1907 1574 uon
1928 1519 2054 1600 potue-

137 1591 208 1665 Sed
226 1589 287 1666 hic
302 1597 515 1688 opponitur:
542 1594 618 1668 lmo
634 1620 736 1690 saepe
751 1595 836 1668 sinit
850 1615 916 1664 nos
930 1615 1020 1686 pau·
1072 1607 1158 1666 runt
1181 1617 1307 1665 nocere
1328 1589 1455 1666 hostes.
1505 1593 1629 1670 Esaias
1650 1613 1685 1670 ct
1698 1595 1869 1676 Ezechias
1891 1608 2054 1682 vicerunt

48 1705 206 1782 pertatem
222 1717 386 1788 magnam
404 1693 555 1782 habere,
581 1699 667 1770 sinit
679 1719 745 1770 nos
758 1709 958 1790 aegrotare,
981 1707 1022 1764 ut
1073 1691 1334 1776 Sennacherib,
1359 1697 1512 1788 petendo
1536 1699 1707 1772 auxilium
1730 1725 1750 1773 a
1771 1701 1860 1782 Deo.
1909 1705 2056 1782 Danieli

49 1791 121 1876 lob,
143 1796 217 1866 imo
237 1796 325 1871 sinit
342 1799 449 1870 etiam
469 1813 608 1874 sanctos
630 1799 843 1873 mirabiliter
860 1795 1024 1882 interfici,
1073 1822 1138 1867 nee
1161 1798 1334 1891 principes
1358 1821 1421 1867 nec
1444 1798 1563 1869 leones
1587 1823 1712 1874 nocere
1732 1819 1933 1897 potuerunt.
1995 1811 2057 1884 Sin
2081 1829 2084 1840 ·

50 1894 281 1970 ntlnnathan.
1075 1897 1169 1969 Deus
1198 1897 1292 1969 iuter
1321 1899 1457 1968 medios
1486 1894 1603 1971 hostes
1631 1920 1746 1976 servat
1773 1911 1871 1978 omni
1898 1925 2057 2005 tempore

5 1995 6 2012 ¹
137 1997 195 2068 Ad
217 1993 306 2071 haec
328 2001 541 2092 respondeo:
566 1997 1024 2074 ldcodictumestdecor·
1075 1999 1216 2072 multos.
1267 1997 1342 2068 lmo
1365 1995 1524 2072 Ecclesia
1548 2001 1621 2072 lere
1643 2026 1781 2097 semper
1804 2013 1965 2105 undique
1987 2015 2058 2085 cie.

51 2098 241 2188 poralibus,
264 2104 362 2196 quod
384 2127 459 2173 non
477 2104 536 2176 det
549 2105 673 2174 eodem
688 2105 808 2178 modo.
858 2099 1024 2194 Datqui-
1075 2101 1238 2184 cumdata
1259 2112 1311 2170 cst
1333 2095 1515 2188 hostibus,
1538 2115 1575 2172 et
1589 2101 1682 2174 inter
1695 2105 1842 2180 insidias
1858 2111 2004 2185 Diaboli
2022 2129 2058 2188 et

52 2201 120 2268 dem
142 2203 265 2272 omnia
284 2205 497 2284 necessaria,
522 2205 591 2289 sic,
615 2217 657 2276 ut
679 2205 735 2275 vel
753 2205 817 2275 illa
836 2204 911 2295 ipsa
929 2202 1023 2272 bona
1074 2202 1248 2274 tumultus
1266 2202 1391 2272 mundi
1410 2203 1622 2274 mirabiliter
1637 2221 1812 2295 servatur,
1836 2211 1932 2284 iuxta
1947 2216 2058 2288 illud:

52 2299 118 2385 det,
147 2325 241 2396 quae
269 2306 441 2396 petimus,
475 2317 515 2376 ut
535 2303 709 2376 Davidem
737 2304 876 2376 reducit
904 2304 943 2373 io
967 2325 1024 2372 re·
1074 2301 1230 2374 Ecclesia
1255 2315 1305 2374 est
1324 2305 1417 2377 sicut
1438 2327 1517 2374 rosa
1540 2304 1776 2400 interspinas.
1835 2309 1940 2386 Item:
1966 2313 2059 2388 Dedi

53 2421 165 2487 gnum,
191 2405 252 2474 vel
273 2419 366 2478 certe
381 2406 516 2498 mitiget
531 2408 687 2492 malum,
706 2421 741 2480 et
758 2409 818 2480 det
833 2406 902 2476 alia
917 2404 1025 2484 bona,
1075 2406 1239 2476 dilectam
1269 2404 1424 2476 enimam
1454 2431 1567 2477 meam
1590 2408 1629 2477 in
1653 2409 1809 2484 mettium
1832 2415 2060 2490 inimicorum

5 2577 7 2600 ,
53 2515 85 2570 ut
105 2499 512 2581 tonatban‘cometatue
535 2507 575 2580 in
597 2510 721 2598 corde,
755 2523 790 2582 et
811 2519 927 2582 servat
949 2504 1025 2576 eius
1076 2507 1162 2581 eius.
1214 2503 1383 2579 Nominat
1398 2505 1591 2578 Ecclesiam
1614 2511 1767 2582 animam
1792 2537 1909 2610 snam,
1937 2521 1974 2591 id
1998 2535 2062 2605 est,
2161 2537 2166 2555 “

5 2607 6 2612 ’
53 2607 290 2691 posteritatem.
1077 2606 1313 2693 carissimam,
1345 2603 1456 2695 hanc,
1485 2609 1549 2681 etsi
1570 2623 1622 2680 est
1644 2611 1842 2706 carissima,
1870 2630 1987 2689 tamen
2010 2624 2062 2695 ait

5 2733 6 2790 3
141 2707 252 2798 Quod
279 2723 395 2782 antem
425 2733 500 2782 non
528 2712 589 2782 dat
617 2712 741 2782 eodem
773 2712 879 2782 modo
905 2707 1025 2780 omnia
1077 2709 1328 2780 circumdatam
1352 2731 1426 2780 esse
1447 2703 1629 2796 hostibus,
1655 2726 1689 2783 at
1710 2713 1802 2784 inter
1824 2712 1890 2788 hos
1914 2709 2062 2795 mirabi-

55 2813 259 2898 corporalia,
285 2813 365 2882 ideo
389 2813 447 2898 bt,
467 2813 548 2909 quia
574 2813 651 2884 vult
674 2834 739 2882 nos
761 2812 936 2886 subiectos
953 2833 1026 2880 esse
1077 2812 1160 2884 liter
1175 2811 1389 2910 protegitur,
1414 2809 1497 2906 quia
1513 2824 1564 2881 est
1581 2811 1759 2888 carissima
1774 2813 1863 2894 Deo.

5 2983 6 2987 ,
57 2910 156 2995 cruci,
189 2926 234 2984 ut
261 2915 346 3008 lob,
380 2914 574 3010 aliquando
603 2915 709 2986 ctiam
737 2916 842 3006 punit
871 2937 954 3000 nos,
987 2925 1027 2983 ut
1192 2919 1194 2924 '

55 3001 225 3087 Davidem.
1129 3007 1184 3081 Et
1208 3033 1286 3082 cum
1313 3007 1464 3082 venissel
1491 3009 1531 3083 in
1548 3011 1741 3109 templum,
1767 3029 1990 3091 accesserunt
2010 3019 2067 3094 ad

144 3113 213 3186 Sed
240 3108 332 3185 hanc
354 3114 513 3204 regulam
537 3125 656 3184 teneas
678 3113 892 3186 breuissime:
919 3111 1028 3186 lnvo-
1181 3135 1261 3182 eum
1286 3109 1471 3210 principes
1493 3111 1732 3187 Socer-dotum
1762 3129 1794 3190 ct
1818 3121 1977 3193 seniores
1997 3147 2065 3221 po-

56 3213 214 3288 tationem
246 3218 371 3288 lactem
401 3216 441 3284 in
467 3216 555 3300 lide,
588 3239 771 3309 nunquam
798 3216 934 3286 irritam
955 3237 1028 3285 esse
1180 3210 1266 3310 puli
1280 3209 1454 3286 dicentes:
1479 3211 1567 3313 Qua
1579 3215 1999 3323 potestatelsoecsacis?

6 3381 7 3386 ’
58 3313 149 3435 ⁰⁶³⁰}
172 3319 212 3388 in
238 3317 497 3410 ‘⁰¹⁹⁰'alibm’
522 3315 605 3410 quia
628 3330 846 3436 ‘empirfm
864 3319 1029 3436 impetiit
1182 3361 1430 3436 Differentiam
1446 3379 1669 3465 peccatorum
1683 3370 1774 3440 scire
1788 3372 1891 3450 valde
1907 3397 2066 3448 necessa.

58 3421 258 3490 uomtnatim
280 3413 349 3490 hoe
368 3420 524 3503 bonum,
555 3419 651 3510 quod
674 3432 816 3509 petivit,
849 3430 911 3489 aut
932 3431 1029 3488 mrte—
1102 3469 1112 3488 .
1308 3465 1342 3538 Τ
1477 3471 1498 3538 d
2141 3447 2144 3454 ·

59 3516 243 3602 gationem,
275 3535 316 3592 ut
342 3542 444 3612 saepe
470 3517 615 3589 dicitur:
644 3515 759 3591 Petite
783 3533 819 3592 et
842 3518 1030 3612 accipietis.
1082 3491 1176 3539 ”um
1193 3481 1256 3541 ‘a‘
1344 3489 1475 3560 ΜΨ
1502 3491 1544 3540 ⁸²⁸
1559 3483 1653 3542 ω·

59 3609 152 3688 ltem:
178 3621 362 3716 Quicquid
379 3621 552 3714 petieritis
565 3620 707 3691 Patrem
724 3621 764 3692 in
779 3622 926 3692 nomine
940 3644 1032 3702 mco,
1084 3687 1119 3758 b,
1183 3585 1290 3656 ΠΜ*
1319 3597 1370 3656 ‘¹²
1397 3599 1534 3678 [mella
1565 3601 1599 3659 ²¹
1619 3588 1875 3716 {nfifmflfllffls‘
1891 3619 1982 3714 {tuae
2001 3621 2068 3716 {¹⁰-

59 3715 145 3791 daffit
158 3723 275 3798 vobis,
1108 3709 1220 3757 :scum
1241 3700 1456 3773 nascuntur,
1487 3703 1528 3761 ut
1547 3690 1804 3780 dubitationes,
1839 3709 1986 3768 vitiosae
2008 3723 2067 3768 m-

148 3823 263 3895 Addq,
285 3835 403 3894 ,mem
424 3817 587 3894 Chrqsqu,
610 3823 649 3892 qn
669 3818 737 3894 hoc
760 3824 873 3894 diem:
898 3819 937 3892 sq
959 3842 1032 3891 non
1084 3788 1294 3860 clinationes
1319 3791 1363 3858 ad
1385 3789 1495 3872 iram,
1530 3792 1575 3860 ad
1597 3815 1734 3864 amores
1753 3799 1979 3886 vagabundos
2002 3812 2069 3875 etc.

61 3917 269 4000 dubitabitis.
335 3923 441 3998 ltem:
482 3922 686 3998 Credentes.
754 3923 797 3996 ln
828 3919 885 3994 his
917 3922 1034 3993 verbis
1084 3888 1174 3962 lt‘m
1192 3903 1412 3982 ¹ffl⁰f³⁰²¹³⁰
1427 3892 1569 3963 munst·
1925 4014 1935 4032 ·
1999 4016 2008 4033 ³

61 4027 265 4119 praecipitur
284 4027 383 4100 bdes.
434 4024 516 4097 Non
540 4026 590 4096 sic
615 4025 764 4117 cogites:
787 4023 865 4116 Ego
886 4023 1033 4119 quidem
1186 4005 1372 4080 secundm
1412 4010 1541 4127 &2⁶⁰⁸
1573 4021 1625 4078 0⁵²
1658 4023 1779 4128 ⁰⁰¹}2ffl
1816 4029 2070 4087 ⁶0n⁸ffl¹¹l¹⁸m

62 4135 185 4214 petam,
206 4130 268 4199 sed
290 4126 410 4198 nescio
427 4151 473 4196 an
489 4128 602 4219 prosit
616 4151 693 4198 mea
709 4127 852 4220 petitio,
875 4125 1034 4197 fortassis
1086 4107 1221 4228 follffff
1234 4111 1399 4180 mnditia
1408 4106 1487 4227 De),
1512 4121 1551 4180 ¹¹²
1565 4109 1800 4233 adullfflufflg
1827 4114 1978 4202 furlum,
2002 4113 2072 4189 ho·

62 4214 148 4296 Deus
173 4253 269 4301 meas
289 4251 408 4322 preces
432 4253 506 4298 non
527 4229 667 4320 recipit.
735 4227 811 4299 lmo
831 4227 883 4298 sic
902 4240 1035 4298 statuas
1087 4211 1270 4281 ¹¹³¹⁶¹d¹¹²ffl
1286 4223 1352 4282 01⁶·
1411 4205 1565 4331 {¹1¹0d110·
1576 4215 1706 4300 indm
1728 4226 1792 4284 0¹⁸¹
1813 4230 1897 4334 ⁸¹¹⁰}
1918 4235 2068 4310 Pectat&

63 4327 266 4417 certissime,
289 4354 371 4402 vere
393 4329 511 4402 audiri
534 4345 678 4421 propter
701 4329 832 4400 Filium
855 4342 933 4400 tuas
955 4352 1036 4418 pre-
1088 4327 1123 4386 el
1144 4308 1241 4383 D0U⁸
1270 4311 1445 4430 leflffi‘l’
1464 4326 1645 4434 ¹²³⁸⁰¹}¹¹¹'2
1676 4328 1710 4387 ‘l
1735 4339 1775 4386 0³
1798 4331 1918 4436 Ρῑῑξῑῑῑ,
1953 4333 2072 4392 limen

65 4445 132 4512 ces,
154 4446 188 4502 et
212 4457 288 4502 non
304 4434 380 4504 lore
403 4430 540 4513 irritas,
567 4446 603 4502 et
625 4431 777 4502 retineas
798 4455 893 4523 spem
919 4441 954 4500 et
977 4453 1036 4499 es-
1089 4425 1235 4532 1³0⁸⁸J¹¹¹1
1255 4425 1407 4494 mmm:
1431 4425 1467 4484 el
1490 4429 1720 4489 ‘emmunim
1741 4420 1926 4508 ³8²¹¹¹¹b¹¹⁸
1947 4425 2073 4514 Ρθθῦἷ·

67 4532 306 4614 spectationem
331 4533 470 4619 euxilii,
495 4547 535 4604 ut
561 4533 632 4604 sint
653 4533 739 4604 fides
762 4548 797 4604 et
818 4555 897 4623 spes
919 4531 1038 4614 simul,
1088 4527 1248 4587 ienuam·

68 4649 146 4716 quae
165 4657 261 4704 nune
286 4649 369 4707 sunt
392 4659 475 4705 vera
496 4633 583 4703 bdes
608 4647 643 4705 et
663 4657 746 4703 vera
769 4658 868 4724 spes,
894 4633 1038 4726 quando
1192 4628 1263 4700 Sed
1276 4628 1400 4700 tertius
1413 4632 1542 4719 gradus
1551 4644 1601 4702 est
1610 4627 1844 4722 blasphemia:
1872 4633 2074 4728 Cumagni-

68 4733 165 4802 sentis
188 4750 222 4808 tc
245 4733 311 4806 hae
331 4737 405 4830 ipsa
424 4737 493 4806 lide
515 4749 548 4807 et
566 4759 627 4825 spe
648 4728 779 4805 habere
795 4758 857 4806 cor
874 4733 1039 4829 quietius,
1091 4746 1164 4805 tam
1179 4731 1361 4802 veritatem
1377 4744 1558 4822 oppugnat
1572 4733 1700 4827 aliquis
1715 4737 1827 4806 sciens
1844 4752 1877 4809 et
1893 4739 2074 4810 convictus

69 4841 99 4899 et
113 4833 335 4930 aliquomodo
353 4839 578 4931 acquiescens
592 4839 631 4907 in
648 4834 736 4909 Deo.
1092 4833 1270 4905 evidentia
1300 4831 1587 4904 testimoniorum
1614 4835 1807 4926 scripturae
1834 4839 1890 4910 vel
1920 4841 2073 4910 miracu-

1092 4935 1235 5020 lorum,
1259 4946 1433 5006 ettamen
1456 4935 1683 5026 pertinaciter
1699 4940 1921 5024 adversatur,
1945 4941 2001 5010 vel
2017 4966 2074 5011 rc-

1094 5037 1157 5128 gni
1179 5059 1282 5106 carisa
1305 5033 1362 5104 vel
1382 5037 1596 5117 ambitione,
1626 5039 1680 5108 vel
1701 5040 1803 5131 odio,
1838 5041 1893 5108 vel
1913 5065 2076 5134 quocun-

162 5141 290 5232 Figura
314 5157 385 5224 est,
411 5142 494 5236 quia
517 5165 591 5212 non
614 5142 692 5212 vult
708 5137 804 5210 Deus
821 5127 990 5208 miracula
1004 5160 1046 5206 ex
1095 5137 1295 5230 quemodo
1309 5131 1497 5208 Diabolico
1518 5138 1602 5210 odio
1625 5143 1771 5225 ardens,
1796 5152 1836 5211 ut
1859 5164 1955 5213 nunc
1970 5139 2075 5236 Papi-

75 5238 263 5315 cnriositate
284 5243 381 5324 lieri,
414 5244 505 5315 sicut
526 5243 699 5314 Diabolus
723 5255 834 5316 tentat
856 5237 1048 5323 Christum,
1095 5253 1168 5309 stae
1182 5237 1413 5310 Sacerdotum
1434 5239 1597 5330 coniugia
1613 5241 1816 5333 improbant
1833 5255 1867 5312 et
1884 5245 2080 5320 defenduut

76 5346 106 5404 et
121 5338 211 5426 iubet
227 5369 307 5418 eum
327 5345 459 5423 volare.
521 5387 524 5395 ‹
1098 5339 1225 5432 impias
1240 5337 1389 5423 Missas,
1412 5354 1447 5413 et
1462 5341 1721 5416 invocationem
1735 5359 1968 5418 mortuorum.
2038 5357 2047 5374 ·

122 5443 292 5518 llsssrrr.
320 5437 424 5520 Ores.
453 5451 536 5516 Ver..
554 5448 651 5520 xlv.
685 5545 689 5560 ι
1340 5439 1391 5512 60

345 5003 491 5078 Direlis
512 5002 599 5078 lsuic
619 5006 747 5080 monti.
