4674 5822
90 166 190 244 nu
311 244 314 252 ,
373 165 457 245 xu.
518 159 911 242 innumerosas
938 159 1005 238 nr
1029 155 1313 238 conolores
1338 101 1389 235 tn
1414 155 1597 236 eveno.
1626 156 1838 236 romnis.
1980 103 2123 238 *1150

89 341 180 412 desit
213 335 316 426 isdes;
361 333 545 410 maledicta
579 351 680 421 sunt,
708 341 817 412 'iuxta
847 340 936 412 illud
959 335 1105 414 Lucae!
1131 357 1272 406 crucem
1290 347 1323 406 et
1336 333 1545 406 afflictiones
1559 327 1618 402 hic
1634 353 1652 401 a
1669 327 1811 405 Christo
1830 333 1996 422 laudari,
2012 337 2121 408 immo

88 440 208 516 Xlll.:
234 441 530 513 Manducavimus
546 464 664 512 coram
680 455 713 513 te
729 457 811 527 ete,
847 443 941 513 dicet
961 440 1076 512 vobis:
1101 433 1104 458 '
1129 437 1235 532 iidem
1251 449 1448 508 exerentem
1467 459 1503 506 se
1522 433 1561 504 in
1577 457 1691 510 cruce.

88 544 216 614 Nescio
233 567 306 618 vos.
357 542 540 635 Quicquid
554 543 647 632 agis,
673 543 722 614 sic
746 541 853 615 sentit
875 567 936 614 cor
958 556 1075 614 tuum:

89 643 220 716 Nescio
244 637 363 734 utrum
395 639 484 712 mihi
514 645 605 714 hene
630 643 717 716 velit
735 642 849 726 Deus,
885 669 931 714 an
955 657 1077 716 contra
1909 729 1913 737 Ι

87 748 239 818 fortasse
252 747 326 838 ipse
342 759 378 816 te
390 769 463 817 non
479 745 634 836 respicit.
685 743 758 816 Hic
771 741 974 840 hypocritae
990 769 1077 816 con·
1230 741 1491 814 Testimonium
1530 737 1719 835 perhibent
1743 739 1905 828 Christo,
1953 748 2049 835 quod
2074 745 2121 816 sit

89 849 252 919 solantur
267 870 301 916 se
315 847 500 940 operibus,
526 860 560 918 et
577 859 752 939 quaerunt
769 848 927 938 ingredi,
953 861 986 918 et
1002 872 1076 918 non
1126 845 1221 916 filius
1236 841 1350 914 David
1368 857 1403 916 et
1419 868 1479 914 rex
1497 845 1690 936 promissus
1710 845 1750 914 in
1764 845 1949 936 scripturis
1967 839 2024 930 hi,
2057 847 2120 940 qui

88 949 280 1020 inveniunt
309 949 414 1022 viam.
477 946 640 1045 Aliiper
663 949 941 1040 desperationem
967 961 1077 1022 ruunt
1128 946 1655 1038 acclamationibuspraedicant
1680 969 1770 1019 eum.
1822 945 1942 1037 Quare
1963 959 1997 1016 et
2013 973 2120 1040 opor-

87 1052 128 1120 in
145 1051 266 1127 omnia
284 1073 410 1140 genera
426 1049 607 1123 vitiorum.
634 1049 756 1138 Saneti
770 1065 939 1144 concepto
954 1047 1077 1124 Evan—
1127 1050 1196 1140 tuit
1223 1073 1305 1118 eum
1335 1048 1374 1116 in
1397 1049 1520 1117 urbem
1552 1044 1633 1117 vehi
1667 1048 1817 1138 publice.
1878 1048 1937 1119 Sic
1967 1051 2120 1122 enimet

83 1153 181 1242 gelio
202 1166 235 1222 et
258 1151 643 1243 promissionesalutis
670 1152 873 1244 eriguntur,
910 1168 943 1226 ct
967 1152 1077 1224 confi·
1127 1151 1347 1240 praedictum
1378 1161 1455 1219 erat
1483 1173 1547 1246 per
1567 1145 1780 1238 Prophetam
1805 1146 2013 1220 Zachariam
2044 1175 2119 1244 cap.

84 1253 473 1338 duntmisericordiae,
499 1254 724 1340 etsentiunt,
750 1277 786 1326 se
808 1252 1077 1346 respiciaDeo,
1128 1250 1191 1322 IX.
1243 1249 1351 1340 Quod
1384 1251 1599 1322 clamabant:
1643 1249 1833 1336 Hosanna,
1860 1252 1883 1319 i.
1900 1275 1929 1325 e.
1948 1255 2122 1340 salvifica,

88 1368 124 1426 et
142 1352 212 1446 ipsi
225 1354 377 1424 vicissim
394 1355 551 1444 gaudent
564 1357 669 1426 corde
689 1357 803 1426 facere
819 1360 961 1442 omnia,
986 1378 1078 1450 quae
1127 1355 1263 1424 addunt
1281 1351 1409 1446 reliqui
1427 1347 1691 1442 Evangelistae:
1719 1351 1888 1452 Hosauna
1905 1355 1979 1424 lilio
1989 1353 2120 1438 David,

86 1457 268 1546 praecepit
284 1453 398 1536 Deus,
425 1454 561 1540 vivere,
587 1457 689 1544 mori.
739 1452 795 1531 Er
816 1451 884 1526 hoc
907 1459 1008 1529 facile
1026 1469 1077 1528 est
1127 1457 1197 1528 i.e.
1220 1454 1368 1526 salutem
1391 1453 1445 1522 fac
1465 1453 1691 1540 titubavit,
1735 1451 1830 1524 salva
1855 1451 1966 1526 filium
1991 1457 2120 1526 David.

85 1557 301 1646 intelligere,
326 1556 413 1650 quid
437 1557 483 1628 sit
504 1557 609 1638 fides,
641 1581 687 1626 ne
710 1581 816 1651 quarn
838 1558 943 1628 fidem
966 1560 1077 1651 possis
1127 1555 1259 1642 Porro,
1292 1555 1451 1651 quidest
1477 1558 1571 1649 quod
1603 1579 1668 1626 nos
1701 1555 1756 1625 illi
1787 1557 1934 1628 salutem
1964 1583 2118 1642 oramus,

86 1658 245 1732 sterilem
271 1672 335 1729 aut
357 1656 515 1731 fictitiam
539 1658 738 1749 imaginari.
795 1658 911 1730 Maria
935 1684 1076 1752 reprae-
1127 1683 1207 1729 cum
1223 1659 1267 1728 ab
1286 1659 1362 1750 ipso
1381 1658 1498 1750 potios
1516 1658 1620 1728 nohis
1638 1656 1732 1728 salus
1749 1662 1903 1750 paranda
1926 1661 1994 1730 sit?
2045 1657 2118 1732 Re-

85 1772 201 1832 sentat
215 1757 429 1844 Ecclesiam,
461 1761 597 1830 nardus
619 1762 783 1847 verbum3
811 1763 917 1851 pedes
931 1757 1077 1850 Christi,
1127 1761 1306 1854 spondeo,
1336 1761 1430 1830 orari
1455 1758 1524 1830 hoc
1544 1758 1707 1845 Psalmo,
1745 1773 1785 1832 ut
1801 1757 1963 1831 Christus
1985 1775 2119 1852 regnet,

84 1862 216 1958 quibus
231 1861 421 1933 nunciatur
436 1861 603 1948 verbum3
628 1859 733 1932 ludas
746 1863 1007 1964 praedicatores
1022 1866 1075 1936 le·
1127 1874 1168 1936 ut
1182 1863 1250 1955 ipsi
1262 1861 1433 1934 foeliciter
1455 1862 1619 1955 procedat
1643 1859 1716 1947 r'es,
1741 1877 1780 1933 ut
1803 1863 1877 1954 ipse
1893 1864 2118 1953 glorificetur.

85 1965 158 2054 gis,
184 1963 248 2060 qui
264 1964 434 2033 damnant
450 1986 557 2054 opera
573 1963 665 2036 fidei.
1126 1962 1360 2056 Evangelinm
1380 1965 1560 2054 praedicat
1575 1987 1649 2033 non
1674 1977 1829 2044 nostram
1852 1965 2021 2056 gloriam,
2056 1969 2117 2037 sed

1127 2063 1282 2148 Christi,
1309 2057 1383 2137 non
1408 2080 1569 2138 nostrum
1594 2089 1766 2156 regnum,
1796 2071 1855 2136 sed
1871 2063 2017 2138 Christi.
2068 2065 2118 2139 Et

1125 2166 1260 2242 Christi
1275 2169 1367 2239 salus
1384 2182 1454 2255 est,
1478 2191 1623 2258 regnare
1637 2192 1717 2239 cum
1735 2169 1890 2260 potentia
1899 2166 1967 2238 Dei
1984 2171 2023 2237 in
2038 2191 2115 2239 cor·

1139 623 1144 634 ·
1204 602 1519 678 Et·elarnobant:
1561 598 1724 679 Osanna
1752 599 1957 678 benedictus
1983 615 2044 679 ete.

177 2127 298 2202 Sinite
323 2152 404 2202 eam
431 2140 513 2215 eta,
543 2143 582 2204 ut
611 2133 651 2205 in
679 2129 739 2205 die
763 2133 985 2234 sepultarae.

193 2266 282 2338 Nam
302 2267 341 2336 in
363 2269 420 2339 die
444 2270 646 2360 sepulturae
668 2271 822 2362 inungar
839 2276 882 2344 ad
901 2271 1072 2366 sepelien·
1126 2273 1233 2344 dibus
1261 2285 1473 2342 sanctorum.
1530 2268 1688 2340 Proinde
1715 2270 1873 2355 canitur,
1912 2285 1951 2342 ut
1973 2267 2116 2343 Christo

83 2375 191 2454 dum,
218 2369 243 2441 i.
261 2394 292 2442 e.
315 2369 439 2456 sinite,
474 2385 515 2442 ut
538 2368 701 2450 exhibeat
721 2370 810 2444 mihi
833 2376 1073 2447 testimonium
1124 2399 1181 2446 res
1212 2395 1379 2466 prospere
1407 2374 1586 2454 succedat,
1623 2385 1662 2443 ut
1695 2371 1769 2466 ipse
1796 2385 1936 2462 regnet,
1973 2372 2118 2459 scilicet,

82 2471 167 2546 fidei
182 2496 282 2557 suae,
309 2471 380 2542 iam
393 2473 587 2562 morituro,
612 2478 708 2573 quod
727 2479 865 2564 eredat,
890 2474 1073 2550 Christum
1125 2477 1221 2572 quod
1242 2475 1476 2546 conscientiae
1491 2485 1703 2564 agnoscant,
1731 2487 1828 2548 extra
1844 2498 1994 2566 regnum
2008 2470 2117 2545 Chri·

82 2600 157 2649 esse
173 2599 230 2644 me
245 2572 319 2644 sive
335 2573 473 2660 vivam,
499 2574 573 2646 sive
596 2577 748 2664 moriar,
775 2603 978 2676 quanquam
993 2603 1075 2674 per·
1126 2581 1170 2652 sti
1201 2577 1323 2648 omnia
1349 2601 1456 2670 opera
1481 2592 1601 2647 nostra
1623 2590 1762 2670 peccata
1786 2600 1870 2646 esse.
1920 2575 2116 2664 Hosianna,

82 2691 251 2775 sequatur
265 2676 420 2746 mundus
438 2692 501 2752 etc.
1124 2684 1148 2754 i.
1166 2703 1195 2750 e.
1209 2678 1375 2753 salvifica.
1425 2676 1640 2749 Benedictus
1664 2692 1768 2773 atque
1783 2681 1869 2748 adeo
1891 2679 2117 2767 benedicens,

1125 2783 1183 2854 vel
1197 2782 1315 2874 potius
1331 2781 1538 2852 benedictus
1553 2776 1717 2851 Christus
1733 2805 1813 2850 cum
1829 2795 1904 2853 toto
1923 2803 2042 2870 regno.
2072 2779 2115 2852 ln

1123 2885 1269 2968 nomine
1292 2877 1456 2969 domini,
1476 2907 1551 2954 non
1572 2883 1612 2952 in
1635 2883 1792 2974 potentia
1819 2897 2020 2968 creaturae,
2052 2885 2115 2953 sed

182 2982 251 3054 His
266 2983 384 3054 verbis
399 2983 634 3076 amplificatur
650 2981 681 3078 ¹)
701 2984 785 3055 fides
801 2985 949 3062 Mariae.
976 2985 1073 3062 Crux
1123 2989 1162 3059 in
1183 2985 1337 3078 potentia
1352 2985 1436 3058 Dei.
1486 2983 1565 3056 Rex
1587 2981 1715 3068 lsrael,
1749 2986 1944 3078 promissus
1967 2985 2005 3054 in
2027 2987 2116 3055 seri-

82 3113 157 3161 non
172 3086 277 3158 estin
296 3109 466 3177 pauperes
480 3086 614 3179 aliquid
632 3087 806 3173 conferre3
834 3115 920 3160 crux
936 3106 1005 3174 est,
1032 3094 1071 3162 in
1123 3089 1253 3183 pturis,
1279 3089 1317 3158 in
1327 3081 1481 3159 Michea.
1513 3085 1596 3157 Noli
1614 3087 1756 3172 timere,
1783 3087 1864 3180 quia
1881 3081 1949 3156 hoc
1965 3108 2113 3178 regnum

81 3211 270 3284 personam
292 3183 427 3258 Christi
455 3187 591 3280 aliquid
629 3189 807 3280 conferre,
848 3187 1072 3283 quod'hnnc
1123 3213 1273 3282 regnum
1297 3190 1429 3278 gratiae
1448 3202 1509 3259 est.
1563 3185 1655 3258 Filia
1670 3188 1777 3274 Sion,
1811 3202 1847 3258 tu
1865 3187 1973 3272 Sion,
2000 3205 2114 3261 toturn

80 3297 152 3364 iam
174 3294 398 3361 damnassent
429 3288 605 3378 principes
629 3285 860 3377 ludaeorum,
895 3295 1069 3365 destinas-
1121 3291 1454 3384 regnumlidelium.
1506 3286 1616 3361 Venit
1639 3291 1721 3375 tibi,
1747 3292 1807 3362 sed
1833 3304 2001 3384 tanquam
2027 3315 2114 3360 con-

80 3391 363 3489 sentquemnrti.
414 3389 527 3462 Porro
543 3388 628 3458 fides
650 3389 849 3463 evidentius
871 3396 1070 3468 declaratur
1121 3397 1255 3469 solator
1278 3392 1586 3467 conscientiarum.
1645 3389 1742 3462 Haec
1767 3417 1841 3462 non
1869 3407 2113 3482 cognoverunt

80 3501 119 3568 iu
142 3518 244 3566 cruce
267 3516 373 3586 quam
396 3492 433 3562 in
458 3491 625 3584 operibus
652 3509 966 3590 quantumcunque
990 3521 1070 3591 spe·
1120 3498 1305 3588 discipuli,
1331 3499 1425 3592 quod
1442 3507 1620 3585 oporteret
1637 3517 1716 3562 eum
1743 3496 1936 3564 secundum
1960 3495 2112 3585 seriptu-

78 3597 185 3673 ciosis
200 3611 295 3668 extra
310 3619 459 3694 erucem.
512 3591 590 3663 Hoc
612 3606 665 3664 est
686 3597 782 3688 quod
801 3592 964 3671 Christus
980 3625 1069 3692 pro—
1119 3624 1176 3671 ras
1195 3596 1278 3670 vehi
1299 3599 1338 3668 in
1359 3597 1495 3670 urbem.
1528 3593 1743 3686 ,Recordau
1766 3609 1849 3666 sunt
1873 3609 2014 3687 accepto
2029 3593 2113 3686 Spi-

80 3705 142 3772 bat
167 3697 321 3769 officium
338 3694 494 3780 Mariae,
520 3695 702 3791 inquiens:
734 3695 1069 3795 Pauperessemper
1118 3702 1190 3774 ritu
1207 3715 1337 3774 sancto.

78 3799 343 3879 habebitisetc„
357 3797 419 3873 ie.
434 3798 515 3866 volo
533 3821 728 3891 pauperum
744 3801 917 3872 rationem
934 3797 1068 3890 haberi,

77 3905 141 3976 sed
156 3916 191 3975 et
206 3897 274 3970 hoc
290 3900 392 3985 volo,
425 3913 465 3970 ut
488 3899 527 3967 in
551 3923 652 3970 cruce
676 3902 909 3973 testificemini
932 3909 976 3975 de
999 3908 1068 3978 fide

78 4020 205 4078 vestra.
254 3997 306 4092 Et
326 4000 464 4071 Mariae
484 4023 593 4094 opus,
627 4003 710 4097 quia
730 4005 935 4078 testificatur
952 4011 996 4080 de
1011 4035 1068 4082 me
1221 4003 1402 4079 Pharisaei
1433 4021 1709 4100 persequuntur,
1741 4005 1822 4099 quia
1848 3999 1982 4074 Christi
2009 4027 2109 4092 prae.

77 4112 117 4180 in
133 4129 255 4190 cruce,
280 4105 414 4196 probo,
439 4101 520 4198 quia
536 4117 654 4175 tantae
669 4103 750 4174 fidei
773 4131 862 4198 opus
875 4125 943 4186 est.
995 4107 1067 4185 lta·
1119 4112 1250 4184 dicatio
1267 4134 1339 4182 non
1356 4123 1471 4202 potest
1495 4109 1544 4177 cis
1567 4134 1639 4178 non
1667 4131 1739 4177 esse
1764 4107 1943 4178 scandalo.
1996 4104 2109 4176 Docet

77 4233 146 4308 que
170 4207 276 4278 exiis
299 4206 486 4296 intelligis,
511 4207 686 4298 primum,
718 4231 833 4301 neque
856 4209 1066 4288 afflictiones
1119 4214 1211 4283 enim
1228 4209 1480 4304 Evangelium,
1509 4211 1665 4281 iusticias
1686 4206 1858 4278 humanas
1874 4230 1946 4277 esse
1961 4207 2108 4278 simula-

74 4336 193 4408 neque
209 4331 316 4402 opera
332 4304 511 4377 charitatis
527 4308 582 4379 vel
605 4310 886 4381 ceremoniarum
903 4317 1067 4409 respicio
1117 4317 1268 4401 tionem,
1317 4315 1556 4406 insipientiam
1588 4327 1621 4383 et
1650 4311 1907 4401 ignorationem
1942 4309 2034 4391 Dei,
2075 4325 2108 4382 et

75 4410 219 4490 Christo
251 4411 327 4480 sine
349 4409 436 4496 fide,
469 4411 565 4482 iuxta
586 4409 676 4480 illud
700 4409 945 4491 Psatxvttz
981 4416 1065 4491 Cla·
1117 4419 1301 4509 fiduciam,
1328 4416 1589 4512 quam‘faciunt
1612 4440 1717 4505 opera
1742 4437 1868 4482 vanam
1893 4435 1985 4497 esse,
2012 4411 2106 4482 iuxta

74 4527 280 4594 moverunt,
322 4535 436 4606 neque
461 4528 551 4597 erat,
590 4513 651 4608 qui
678 4514 794 4585 salvos
825 4515 970 4608 faceret;
1004 4524 1064 4593 sed
1117 4515 1537 4592 illudEsaianllVlll.:
1567 4517 1753 4589 Posuimus
1767 4515 1990 4585 mendacium
2011 4508 2105 4604 spem

75 4621 180 4690 fidem
196 4612 342 4706 respici,
369 4637 458 4709 quae
473 4627 601 4709 aequat
623 4617 743 4686 omnia
759 4639 864 4708 opera
879 4633 913 4691 et
930 4623 1064 4714 passio·
1116 4637 1283 4696 nostram.
1335 4621 1431 4692 Haec
1453 4645 1533 4690 cum
1560 4623 1649 4689 ratio
1675 4614 1870 4710 pharisaica
1887 4641 1960 4686 uon
1978 4629 2107 4701 cernat,

74 4744 150 4794 nes.
209 4715 393 4801 Secundo,
432 4717 601 4808 praeferri
642 4717 851 4790 afflictiones
886 4725 1064 4815 operibus,
1114 4725 1171 4812 fit,
1200 4739 1239 4797 ut
1253 4727 1397 4796 damnet
1414 4720 1658 4812 Evarrgelium.

74 4825 173 4918 quod
200 4821 238 4890 in
266 4819 520 4890 afflictionibus
546 4817 630 4889 fides
656 4845 693 4891 se
716 4821 915 4896 evidentius
936 4841 1063 4902 exerat.

72 4924 171 5016 Ergo
196 4923 259 5017 qui
289 4916 387 4992 hune
419 4923 537 4992 locum
562 4947 625 5014 pro
657 4925 871 4994 ceremoniis
895 4929 1062 5024 allegant,

70 5051 158 5124 prae
173 5025 302 5119 quibus
318 5022 547 5116 negliguntur
561 5049 748 5120 pauperes,
774 5027 799 5096 ii
818 5033 1062 5126 consyderent,
1214 5026 1395 5101 Pharisaei
1433 5039 1709 5121 persequuntur,
1768 5037 1885 5116 gentes
1924 5021 2104 5113 excipiunt

1112 5127 1361 5222 Evangelinm.
1413 5130 1458 5203 Et
1485 5132 1566 5222 quia
1585 5124 1747 5200 Christus
1771 5153 1841 5196 non
1864 5139 1912 5198 est
1941 5125 2007 5191 nisi
2033 5125 2103 5195 cir·

1084 5306 1087 5318 ,
1114 5235 1341 5305 cumcisionis
1364 5234 1544 5311 minister,
1579 5233 1658 5301 ideo
1676 5229 1840 5323 Apostoli
1862 5228 1904 5296 ad
1922 5221 2102 5298 Christum

108 5367 137 5428 ι)
158 5367 255 5418 secer.
273 5305 508 5428 superficiatus.
1113 5351 1234 5428 gentes
1248 5338 1440 5410 adducunt.
1493 5333 1582 5405 Nam
1603 5359 1666 5430 per
1681 5334 1872 5416 Apostolos
1891 5343 1965 5400 erat
1982 5321 2102 5398 Evan-

285 2839 470 2944 Pauperes
495 2868 635 2943 semper
659 2839 858 2954 habebitis.

1281 3865 1488 3942 Pharisaei
1512 3891 1598 3964 ergo
1625 3861 1801 3939 draerunt
1826 3862 1952 3938 adse.

1204 4893 1331 4966 Erant
1358 4903 1479 4965 autem
1507 4889 1651 4993 quidem
1679 4889 1836 4988 gentiles
1861 4909 1907 4960 ex
1933 4881 2007 4962 tis.
