4714 5826
190 91 265 195 's
588 199 589 204 g
692 176 693 182 a
833 127 958 198 ensa.
986 61 1099 204 nus.
1128 129 1339 206 sessura
1365 131 1664 220 nxuon'ncs.
2235 147 2342 226 sy

103 335 111 346 ·
204 386 207 394 ι
339 289 537 366 Restitudo
552 298 745 390 opponitur
758 296 956 396 hypocrisi,
981 329 1021 374 ac
1043 306 1073 374 si
1091 305 1225 377 diecre-
1274 319 1325 376 tet
1348 327 1422 376 esse
1446 307 1684 381 ministerium
1708 313 1878 403 docendi,
1903 331 1938 388 et
1961 341 2101 392 necesse
2122 325 2260 396 estrui-

242 413 300 471 tur
316 399 508 470 sinceritas.
1274 409 1460 481 nisterium
1476 411 1610 484 audire.
1652 413 1705 484 Ac
1719 416 1856 506 primus
1869 422 1998 510 gradus
2011 437 2063 496 ert
2077 425 2116 494 in
2130 428 2258 500 ordine

340 489 622 598 Circumspectio
638 502 832 594 opponitur
846 506 1053 594 stoliditati,
1068 532 1158 603 quae
1173 523 1225 581 te·
1274 533 1526 601 personarum,
1541 515 1670 602 gradus
1685 521 1890 608 parentum,
1905 535 1940 594 ει
1957 519 2086 596 horum
2102 529 2257 600 officium

246 627 342 673 mere
359 604 431 674 rnit
446 603 522 673 sine
537 603 805 679 deliberatione.
1274 611 1429 704 primum
1446 626 1510 700 est,
1527 628 1620 686 recte
1634 621 1773 690 tradere
1788 623 1882 693 natis
1897 625 2098 698 doctrinam
2114 627 2256 713 deDeo,
2341 705 2342 710 ,

342 701 505 774 Scisntia
522 705 693 800 significat
710 709 896 782 delectum.
1052 721 1056 724 ’
1113 715 1115 719 ’
1274 715 1366 786 sicut
1388 717 1482 786 etad
1497 712 1673 808 Ephesios
1696 722 1867 815 scriptum
1883 739 1952 796 est:
1979 725 2259 822 Educetenatos
2341 777 2342 780 =

340 798 597 878 Consideratio
631 808 724 878 idem
755 822 825 894 εει,
871 811 968 903 qnod
1004 811 1224 899 deliberatio,
1274 816 1314 884 io
1336 817 1498 890 doctrina
1531 834 1565 889 et
1591 820 1781 912 disciplina
1810 821 1971 903 Domini.
2030 826 2258 925 Adiungatur
2341 859 2342 862 ’

240 909 326 1002 quid
350 908 622 1001 conveniat‘pro
652 910 856 983 diversitate
878 912 1055 998 locorum,
1087 928 1224 1007 tempo·
1275 931 1392 989 autem
1417 914 1484 989 boc
1501 920 1635 992 dictum
1653 924 1779 1013 priori:
1807 926 1905 998 Audi
1930 932 2169 1006 eruditionem
2194 935 2257 1028 pa·

239 1033 318 1079 rum
334 1023 368 1080 et
382 1033 623 1101 personarum.
1275 1019 1339 1089 tris
1354 1018 1427 1105 tui,
1440 1020 1590 1107 scilicet,
1605 1025 1765 1098 docentis
1779 1029 1824 1098 de
1838 1029 1965 1102 timore
1981 1031 2150 1118 Domini,
2165 1033 2256 1108 hanc

1275 1120 1387 1213 ipsam
1419 1123 1617 1194 doctrinam
1656 1151 1761 1220 quam
1802 1145 1905 1204 sonat
1941 1129 2099 1207 Ecclesia
2136 1135 2257 1224 lsrael,

1274 1245 1382 1315 quam
1399 1224 1615 1310 nominavit,
1640 1222 1732 1298 hanc
1746 1231 1853 1302 etiam
1870 1235 2017 1306 nomino
2040 1233 2155 1333 legem
2171 1248 2256 1312 tuae

338 1305 584 1400 Propositioni
618 1307 1046 1396 addit'admonitionem‚
1082 1313 1222 1406 qualem
1275 1322 1427 1408 matris,
1451 1326 1585 1397 scilicet
1609 1325 1804 1418 Ecclesiae,
1838 1335 2005 1406 traditam
2028 1363 2049 1408 a
2075 1343 2154 1411 Deo
2177 1365 2255 1412 cer-

241 1421 401 1502 oporteat
423 1409 622 1479 auditorem
643 1431 728 1483 esse.
779 1408 929 1502 Sapiens
952 1414 1093 1483 auditor
1117 1415 1223 1504 prefi-
1274 1427 1321 1495 tis
1349 1440 1383 1496 et
1405 1426 1604 1498 illustribus
1628 1431 1841 1504 testimoniis
1862 1436 1901 1506 in
1926 1435 2047 1514 lsrael.
2098 1441 2256 1514 ltascia-
2341 1499 2342 1506 ε

241 1513 330 1598 εἰει,
367 1511 457 1581 sicut
486 1507 664 1581 Dominus
697 1511 832 1608 inquit:
879 1510 1036 1585 Habenti
1069 1515 1222 1586 dabitur·
1273 1550 1352 1598 mns
1374 1551 1439 1598 nos
1460 1529 1505 1598 ad
1522 1543 1655 1601 certum
1670 1537 1977 1622 genusdoctrinae
1988 1541 2147 1633 alligari,
2174 1567 2254 1616 cum

243 1611 348 1684 ltem:
383 1609 491 1684 Dabit
515 1611 690 1704 Spiritum
713 1627 872 1684 sanctum
900 1616 1118 1706 petentibus,
1148 1633 1234 1686 non*
1274 1627 1338 1699 ait:
1371 1628 1502 1720 Legem
1528 1632 1759 1705 matrissuae
1789 1660 1834 1708 ne
1860 1639 2017 1716 abiicias.
2073 1643 2256 1736 Significat
2341 1707 2342 1716 ,

243 1715 571 1800 contemnentibm,
598 1739 672 1784 ¹1⁰ss
688 1717 969 1808 repugnantibus
984 1717 1165 1789 herberica
1189 1733 1223 1789 el
1274 1731 1369 1800 enim
1386 1731 1621 1822 appellatione
1636 1733 1770 1806 matris
1783 1735 1979 1812 Ecclesiam
1988 1742 2107 1817 lsraie'l.
2132 1747 2255 1816 Mani-

243 1816 420 1912 cyclopica
437 1817 581 1888 ferocia.
633 1813 709 1887 Hos
725 1831 959 1889 contemtores
967 1815 1054 1906 Dei,
1079 1835 1118 1892 ut
1132 1816 1222 1914 Epi·
1273 1830 1400 1903 lestum
1417 1845 1469 1903 est
1482 1846 1610 1914 autem,
1636 1831 1704 1906 hoc
1720 1842 1925 1912 mandatum
1945 1867 2048 1938 saepe
2065 1849 2254 1941 repetitum

170 1919 174 1928 ’
243 1935 367 1989 cuneos
383 1932 416 1989 et
431 1919 581 2008 similes,
606 1918 657 1990 ait
673 1913 819 1988 hicnon
834 1919 1020 2012 proficere,
1044 1925 1105 1992 sed
1121 1923 1222 2004 alios,
1277 1954 1369 2018 esse,
1394 1947 1433 2003 ut
1448 1933 1593 2004 unicum
1609 1931 1678 2006 hoc
1691 1940 1874 2013 doctrinae
1893 1966 2006 2034 genus
2027 1949 2072 2020 de
2085 1947 2162 2020 Deo
2178 1974 2254 2020 im.

242 2019 428 2114 inquibus
451 2033 533 2092 sunt
558 2021 660 2090 initia
684 2020 821 2090 timoris
845 2021 931 2106 Dei,
956 2023 1074 2119 etqui
1097 2036 1223 2117 petunt
1274 2033 1479 2126 plectamur,
1503 2038 1599 2128 quod
1613 2033 1793 2111 Ecclesiae
1808 2045 1978 2116 traditum
1995 2063 2048 2121 est
2062 2051 2254 2144 inscriptis

241 2119 509 2212 seregiaDeo,
533 2123 624 2193 sicut
640 2121 786 2194 dicitur:
814 2121 926 2195 Petite
941 2139 975 2198 et
990 2126 1178 2218 accipietis.
1272 2129 1488 2227 propheticis
1513 2149 1547 2207 et
1566 2140 1778 2230 apostolicis.
1831 2143 1933 2217 Sicut
1952 2147 2070 2243 inquit
2089 2165 2254 2225 aeternus
2341 2199 2342 2204 κ

1272 2250 1371 2327 pater
1397 2239 1441 2306 de
1462 2235 1572 2307 Filio:
1608 2238 1715 2310 Hunc
1743 2244 1863 2315 audite
1886 2258 1950 2319 etc.
2008 2247 2057 2322 Et
2076 2250 2255 2326 Dominus

1272 2338 1405 2430 inquit:
1428 2336 1473 2408 'Si
1493 2341 1574 2430 quis
1588 2342 1705 2432 diligit
1719 2368 1794 2430 me,
1818 2369 2016 2420 sermonem
2035 2378 2154 2425 meum
2178 2380 2253 2428 ser-

342 2413 496 2490 orditur
516 2431 632 2490 antem
663 2431 847 2510 praecepte
880 2419 925 2490 eb
958 2444 999 2489 ²⁰
1023 2423 1120 2514 qued
1148 2425 1222 2515 Pri·
1271 2440 1386 2522 vabit,
1411 2450 1445 2508 et
1461 2452 1560 2528 pater
1574 2465 1674 2512 meus
1688 2445 1812 2534 diliget
1828 2471 1922 2539 eum,
1948 2464 2013 2526 etc.
2069 2453 2117 2528 Ut
2133 2470 2252 2529 autem

126 2529 127 2534 ’
239 2541 338 2588 mum
364 2533 431 2600 est,
455 2521 800 2619 videlicelnlitnore
817 2513 981 2591 millei-
1015 2520 1109 2611 Quin
1126 2526 1220 2594 enim
1271 2539 1325 2609 ibi
1336 2537 1513 2610 Dominus
1529 2543 1799 2633 promissionem
1813 2551 1976 2622 omnium
1990 2577 2164 2627 summam
2185 2562 2252 2630 ad·
2341 2617 2342 2622 η

239 2613 549 2702 nominatlehova
568 2623 607 2690 in
622 2623 755 2713 P⁰P¹¹¹0
771 2617 839 2690 Dei
855 2623 1083 2710 celebratum,
1109 2629 1221 2697 dedu·
1270 2641 1324 2712 dit
1339 2636 1422 2712 huic
1437 2657 1621 2734 praecepto
1634 2646 1678 2714 de
1690 2647 1891 2736 cognitione
1908 2665 1943 2722 et
1954 2658 2172 2745 professione
2184 2662 2252 2731 do-

240 2723 288 2794 cit
310 2746 375 2793 nos
397 2724 552 2816 primum
575 2725 621 2793 ad
642 2722 859 2812 agnitionem
880 2725 1062 2795 doctrinae
1079 2729 1219 2798 devere
1270 2741 1419 2824 ctrinae,
1436 2743 1484 2812 ita
1501 2739 1737 2817 hicSalomon
1750 2750 1851 2822 addit
1863 2755 2145 2847 promissionem,
2160 2777 2252 2856 quae

239 2823 335 2909 Deo,
369 2840 402 2896 et
433 2827 510 2898 vult
539 2824 693 2895 discerni
723 2847 842 2894 veram
882 2825 1143 2900 invocationem
1176 2834 1220 2901 ab
1259 2857 1311 2942 ει
1324 2845 1372 2916 sit
1386 2843 1569 2930 blandior,
1594 2843 1799 2940 metaphora
1822 2869 1935 2926 sumta
1950 2863 2250 2952 estapuerilibus

238 2926 387 2998 alierum
401 2928 561 3018 gentium
579 2926 744 2996 cultibus.
1268 2945 1495 3016 ornamentis.
1548 2939 1698 3020 Corona
1714 2950 1887 3050 significet
1901 2979 2048 3048 regnum
2072 2985 2133 3034 seu
2147 2988 2250 3056 prae-

156 3057 157 3062 *
342 3025 477 3099 Usitate
505 3039 622 3105 autem
647 3025 773 3096 Timon
796 3025 863 3098 Dei
890 3029 1097 3100 110missfllur
1125 3046 1220 3102 loten
1269 3047 1453 3130 stantiam,
1478 3062 1600 3142 estque
1615 3054 1805 3142 sententia:
1834 3051 1930 3128 Deus
1943 3060 2129 3134 collocabit
2142 3078 2177 3137 te
2191 3065 2250 3135 in-

240 3129 355 3199 cultus
377 3127 445 3200 Dei
467 3153 588 3226 verus,
615 3141 649 3199 et
667 3153 741 3198 non
765 3127 969 3211 simulatus,
996 3154 1058 3200 eeu
1073 3135 1219 3204 univer-
1268 3161 1321 3218 ser
1332 3148 1502 3219 salutares
1518 3152 1789 3240 gubernatores,
1815 3169 1849 3227 ει
1864 3155 2033 3248 provehet
2054 3179 2089 3235 et
2109 3165 2249 3240 iuvabit

238 3231 321 3300 salis
336 3232 555 3317 obedientia,
580 3231 677 3300 iuxta
687 3229 807 3300 omnia
821 3244 1017 3322 praecepte,
1043 3247 1082 3303 ul
1097 3235 1134 3303 in
1152 3231 1218 3306 hee
1267 3249 1434 3334 consilia,
1460 3263 1500 3321 nt
1524 3253 1596 3322 sint
1615 3255 1803 3342 salutaria,
1827 3258 1894 3328 tibi
1916 3275 1951 3333 et
1966 3266 2116 3355 populo,
2140 3271 2249 3342 ossis

239 3333 350 3404 dicto:
382 3331 483 3404 Beati
507 3355 630 3404 omnes
655 3332 718 3425 qui
739 3331 866 3402 liment
885 3328 1091 3405 Dominum.
1149 3335 1219 3408 Hic
1267 3372 1326 3418 vas
1346 3352 1607 3424 misericordiae
1631 3356 1698 3426 tibi
1729 3371 1764 3428 ει
1793 3361 1943 3452 populo,
1977 3364 2069 3454 sicut
2088 3363 2277 3458 Samuel„

239 3434 348 3505 timot
368 3435 615 3529 complectitur
634 3433 738 3503 initio
764 3434 1003 3525 cognitionem
1028 3459 1129 3506 verae
1151 3441 1213 3510 do·
1266 3446 1402 3533 David,
1416 3448 1599 3546 Ιοεερὴει,
1615 3453 1804 3544 Ezechias,
1828 3484 1903 3532 non
1928 3465 1976 3534 ris
1998 3488 2059 3536 vas
2080 3469 2171 3551 irae,
2197 3475 2247 3542 ci.

240 3538 396 3623 ctrinae,
432 3539 563 3608 deinde
594 3536 778 3616 timerem,
808 3537 870 3629 qni
890 3558 994 3606 ⁸0⁰⁸ss
1014 3539 1216 3631 percipitur,
1265 3566 1323 3624 cut
1339 3551 1445 3639 Saul,
1466 3553 1637 3626 Absslon.
1668 3549 1901 3631 Or’namsnta
1917 3561 2022 3646 colli,
2048 3569 2248 3660 significant

240 3653 274 3709 et
299 3639 408 3709 fidem
429 3665 519 3734 quae
541 3635 710 3708 discernit
732 3632 829 3706 hunc
850 3638 1032 3723 timorem,
1060 3658 1216 3713 comest
1265 3653 1522 3748 eloquentiam,
1558 3653 1624 3727 hoc
1645 3673 1714 3744 est,
1738 3663 1925 3735 salutarem
1959 3667 2177 3754 doctrinam,
2212 3690 2248 3748 ει

239 3763 320 3811 vera
337 3741 513 3814 invocatio
531 3741 736 3822 coniuncta,
761 3739 921 3809 otimore
937 3740 1057 3810 servili
1071 3765 1134 3813 een
1148 3743 1215 3812 im-
1263 3755 1432 3827 salutaria
1446 3759 1605 3833 consilia.
1656 3759 1724 3830 His
1743 3763 1946 3852 ingentibus
1970 3769 2075 3842 donis
2093 3787 2128 3845 te
2148 3773 2246 3848 Dens

239 3843 317 3935 pio,
343 3843 406 3936 qui
429 3858 480 3914 est
511 3844 629 3933 fugere
662 3855 696 3911 et
726 3839 875 3910 fremere
894 3843 1063 3912 adversus
1086 3842 1214 3917 Deum.
1262 3859 1422 3944 ornabit,
1448 3860 1603 3950 5510ng
1619 3864 1740 3934 maisi,
1756 3878 1836 3936 iuge
1853 3869 1987 3940 gudja,

236 3943 491 4036 Complectitur
512 3945 595 4016 item
614 3943 653 4010 in
671 3964 752 4011 vera
766 3943 945 4031 agnitione
962 3941 1051 4028 Dei,
1076 3945 1113 4014 in
1132 3972 1214 4017 vero

238 4046 364 4116 timore
387 4060 421 4117 et
438 4047 526 4130 fide,
551 4043 831 4128 invocationem,
854 4067 944 4136 quae
959 4045 1046 4135 petit
1067 4061 1102 4117 et
1123 4050 1213 4120 acci·
1313 4013 1399 4092 Fili
1411 4021 1481 4141 ml}
1505 4022 1544 4094 εἰ
1557 4021 1774 4097 [πωπω
1796 4039 2061 4136 ²⁶P⁶⁰⁶al⁰f⁶⁸r
2082 4057 2127 4156 'i‘
2143 4033 2247 4111 ⁰5³⁶-

237 4148 287 4238 pit
302 4147 646 4231 reconciliationem,
672 4158 705 4216 et
720 4144 807 4238 petit
821 4159 856 4216 et
870 4160 1026 4237 expectat
1041 4148 1211 4220 auxilium
1363 4147 1461 4221 ‘1¹¹⁰'
1462 4149 1507 4200 ¹⁸·
1598 4153 1607 4164 ’

235 4249 275 4319 in
289 4262 360 4320 tota
375 4249 630 4339 gubernatione
645 4247 749 4319 vitae.
801 4245 874 4318 Nec
887 4249 932 4317 de
945 4249 1049 4319 initio
1063 4263 1214 4346 tentum,
1363 4253 1574 4330 Admonitio
1591 4274 1643 4332 εει
1657 4273 1780 4332 contra
1796 4263 1998 4352 illecebras,
2024 4292 2115 4362 quae
2130 4273 2246 4364 pluri.

235 4352 271 4420 id
289 4364 358 4435 est,
384 4353 428 4420 dc
443 4349 642 4420 incoatione
659 4345 960 4440 intelligeturhoc
977 4349 1128 4437 dictum,
1153 4357 1212 4424 secl
1260 4381 1337 4427 mos
1348 4355 1591 4430 abstrahunta
1608 4359 1702 4446 Deo,
1727 4364 1878 4452 scilicet,
1901 4381 2023 4442 contra
2040 4372 2246 4447 multitudi-

232 4456 277 4524 de
292 4475 429 4522 summa
437 4505 449 4539 ,
476 4453 578 4547 quasi
592 4451 700 4522 dicat:
727 4449 854 4521 Timor
869 4449 1017 4522 Domini
1043 4466 1094 4524 est
1115 4477 1212 4524 sum·
1260 4481 1342 4530 nern
1357 4459 1570 4552 impiorum,
1597 4478 1631 4534 et
1646 4479 1769 4536 contra
1784 4489 1839 4537 res
1852 4473 2024 4540 secundas
2039 4472 2246 4568 impiorum.

288 1167 422 1243 Audiet
436 1173 584 1272 sopiens
601 1183 632 1244 et
646 1169 831 1269 proficiet,
863 1185 924 1268 etc.

474 2285 669 2357 Primum
694 2299 987 2377 praeceptum.

119 4617 121 4625 .
231 4575 288 4624 ma
304 4555 512 4646 sapientiae,
537 4555 738 4644 gubernans
752 4554 873 4624 omnia
889 4553 1037 4624 consilia
1053 4555 1091 4623 in
1107 4557 1212 4628 rebus

229 4657 393 4730 mundi.
406 4670 442 4728 ,ι
455 4655 620 4726 advenis,
1035 4681 1040 4692 ·
1191 4717 1193 4722 ι
1311 4621 1475 4700 Frustra
1488 4625 1670 4727 panditur
1687 4641 1775 4704 rests
1792 4657 1916 4706 sorum
1933 4633 2082 4712 volucri.

1363 4759 1404 4832 ld
1420 4777 1487 4850 est,
1513 4766 1649 4837 etiamsi
1673 4779 1800 4860 putant
1820 4795 1858 4842 se
1876 4772 1987 4846 latere
2003 4773 2127 4868 impii,
2152 4780 2246 4854 sicut

1259 4883 1412 4955 aucupes
1425 4889 1463 4936 se
1476 4868 1717 4966 abscondunt:
1743 4884 1863 4943 tamen
1883 4898 1958 4946 non
1973 4875 2095 4950 latent.
2146 4879 2245 4970 Quia
2268 4915 2271 4920 ·

1258 4966 1372 5036 cernit
1386 4962 1483 5038 Deus
1496 4969 1616 5040 omnia
1633 4969 1772 5044 vindex.
1825 4973 1918 5050 Psal.
1935 4972 2014 5048 bh:
2041 4977 2174 5074 Utique
2189 4999 2245 5057 est

323 5055 429 5128 Prius
443 5057 534 5128 dixit
555 5060 600 5127 de
622 5080 758 5126 summa
782 5058 964 5128 doctrinae
979 5071 1013 5128 et
1030 5059 1208 5132 cultuum:
1258 5067 1376 5153 Deus,
1404 5066 1740 5146 iudicanshomines
1755 5075 1795 5146 in
1809 5089 1913 5149 terra.
1963 5077 2152 5158 Psal.61.:
2180 5083 2242 5158 Tu

223 5157 372 5230 Initium
387 5147 579 5251 sapientiae
602 5159 714 5232 timor
726 5157 895 5244 Domini,
921 5183 1016 5244 nunc
1034 5177 1206 5236 monstrat
1256 5170 1375 5240 reddis
1387 5172 1581 5266 unicuique
1598 5173 1695 5246 iuxta
1713 5201 1819 5270 opera
1839 5201 1913 5252 sna.
1966 5179 2141 5255 Hortatur
2155 5209 2240 5277 ergo

222 5281 389 5354 personas
407 5263 582 5345 docentes,
597 5277 632 5335 et
644 5261 743 5334 iubet
760 5255 823 5332 has
838 5263 975 5346 audiri,
992 5263 1076 5356 quia
1095 5273 1219 5356 opor·¹
1254 5268 1444 5360 Salomon,
1473 5297 1520 5343 ne
1546 5279 1715 5369 exemplis
1737 5280 1976 5354 multitudinis
1998 5297 2032 5357 et
2054 5287 2161 5360 rebus
2175 5289 2241 5382 sse·
2341 5321 2342 5326 ¹

278 4816 381 4893 Audi
396 4815 468 4914 fili
498 4815 737 4892 eruditionem
759 4817 893 4917 patres,
913 4819 988 4904 tui,
1021 4829 1054 4890 st
1077 4823 1210 4896 matris

326 4933 412 4996 tuas
434 4920 547 5018 legem
561 4945 605 4993 ns
618 4917 799 4996 dimittas.
