4714 5826
133 209 138 228 ,
241 134 312 212 us

833 123 959 202 rurs.
986 97 1104 203 uun
1130 118 1666 202 sumrranxuourma.
2199 138 2269 210 ns

247 307 297 377 cit
316 303 472 397 reliquos
496 323 573 374 esse
595 300 686 394 alios
699 292 868 384 Iudices,
886 320 907 366 a
928 297 1059 390 quibos
1075 297 1233 390 punian—
1285 299 1408 374 versis.
1461 294 1588 392 loseph
1601 311 1705 390 potat
1726 300 1796 373 sibi
1814 317 1944 374 nocere
1967 305 2212 378 venditionem
2236 322 2271 377 et

249 421 309 480 tur
331 404 389 476 illi
411 405 476 501 qui
497 404 629 474 iniusta
648 404 829 485 lecerunt,
861 412 902 472 ut
924 399 1107 492 Augustus
1127 403 1232 492 punit
1287 403 1433 492 profuit.
1485 400 1570 471 ldeo
1590 403 1770 496 sequitur,
1795 402 1869 474 Nec
1898 419 2013 496 potest
2042 406 2133 477 s'cire
2162 403 2269 478 homo

249 503 461 604 Antonium.
512 503 559 578 Et
580 504 732 595 insignis
755 500 946 593 descriptio
969 502 1062 594 regis
1083 499 1143 572 hic
1168 504 1235 573 ob-
1260 491 1263 593 l
1284 505 1404 582 futura
1424 505 1490 573 sub
1499 503 1601 590 Sole,
1625 505 1665 574 id
1682 518 1753 590 est,
1780 507 1868 600 quid
1883 507 1929 578 sit
1943 508 2106 580 futurum
2122 522 2201 608 post
2216 533 2270 582 res

251 611 423 682 servanda
448 622 518 694 est,
542 631 623 678 cum
646 607 710 678 ait:
736 600 856 700 Super
875 626 999 674 omnes
1027 612 1078 674 est
1103 627 1168 674 rea:
1195 603 1235 674 in
1260 598 1263 622 ⁴
1288 629 1474 698 prosperas
1496 621 1557 676 aut
1580 609 1755 678 adversas.
1805 607 1923 678 David
1948 631 1990 678 ex
2013 634 2151 682 summa
2175 612 2268 682 cala·

253 720 352 782 terro
376 704 433 780 od
451 705 636 780 culturom
659 729 858 801 agrorum,
890 707 955 776 uhi
979 707 1150 778 discernit
1178 732 1237 777 re·
1285 709 1408 780 mitate
1423 709 1609 779 reducitur
1628 709 1666 779 in
1683 733 1852 800 regnum,
1884 711 1972 782 Saul
1990 735 2030 780 es
2044 736 2181 782 summa
2196 715 2271 802 glo-

254 838 332 904 gem
357 839 377 884 a
397 827 569 907 tyranno,
595 822 769 904 tyrannus
789 809 937 899 dissipat
961 821 995 879 et
1011 823 1143 890 vastat,
1171 811 1236 878 bo·
1287 813 1340 882 ria
1360 811 1433 884 ruit
1447 812 1485 880 in
1503 811 1649 882 exitium
1665 825 1730 886 etc.
1782 810 1885 884 Iubet
1907 813 2017 903 igitur
2036 814 2112 885 Deo
2135 817 2273 885 obtem-

252 941 320 987 nus
337 915 499 1008 princeps
514 916 611 986 fovet
625 913 844 995 societatem,
871 925 906 982 et
921 922 1043 983 tuetur
1060 914 1235 984 culturam
1288 938 1411 1006 perare
1427 914 1465 982 in
1481 914 1659 1006 prosperis
1674 927 1710 984 et
1725 915 1883 986 adversis
1899 918 2026 1000 rebus,
2044 930 2077 987 et
2092 917 2160 1008 ipsi
2175 942 2273 988 com-

254 1034 385 1104 terrae,
407 1010 605 1098 Ecclesiae,
630 1013 761 1086 artium
785 1026 820 1084 et
842 1013 1005 1102 omnium
1029 1037 1149 1085 rerum
1170 1015 1237 1084 bo·
1288 1018 1456 1086 mendare
1472 1015 1602 1101 exitus,
1629 1041 1703 1088 non
1720 1017 1849 1086 fiducia
1873 1018 2117 1112 prosperitatis
2142 1018 2272 1088 iniusta

1018 1127 1021 1134 ’
1287 1130 1440 1204 autnon
1455 1118 1650 1188 necessaria
1666 1131 1818 1203 tentare,
1843 1143 1908 1188 nec
1930 1119 2046 1208 frangi
2064 1121 2274 1190 adversitate

1288 1245 1328 1290 ac
1345 1221 1491 1290 deficere
1515 1245 1533 1286 a
1558 1218 1656 1305 Deo,
1688 1220 1748 1290 sed
1780 1221 1985 1290 meminisse
2016 1223 2173 1311 regulam
2191 1221 2273 1292 lob:

1288 1320 1439 1394 Etiamsi
1452 1322 1623 1393 occiderit
1640 1345 1716 1403 me,
1744 1323 1893 1420 sperabo
1913 1324 1951 1392 in
1968 1347 2060 1398 eum.

253 1143 393 1196 natum·

305 1278 452 1355 Avarus
468 1305 542 1353 non
559 1277 772 1379 implebitur
784 1280 960 1381 pecunia,
988 1290 1020 1352 et
1043 1279 1109 1379 qui
1130 1290 1236 1352 amoc

359 1381 529 1468 divitias,
541 1383 711 1486 fructum
729 1409 803 1456 non
820 1383 936 1484 capiet
952 1406 999 1456 ex
1015 1383 1079 1458 eis.

333 1516 482 1592 ,Postea
505 1533 703 1614 sequuntur
731 1521 857 1610 longae
886 1517 1076 1589 conciones
1096 1516 1238 1608 vitupe-

254 1616 601 1707 rantesAvariciam,
627 1634 661 1694 et
675 1623 802 1714 repetit
818 1623 1029 1693 sententiam
1044 1642 1149 1709 supra
1172 1643 1237 1709 po-

255 1722 382 1809 sitam,
414 1747 504 1817 quae
524 1723 624 1795 iubet
643 1725 698 1794 uti
726 1725 832 1796 rebus
851 1725 948 1794 iuxta
974 1721 1237 1792 ordinationem

1339 1481 1483 1558 Melius
1511 1496 1563 1558 est
1597 1509 1728 1557 nomen
1755 1483 1909 1570 bonum,
1940 1511 2054 1584 quom
2087 1497 2274 1583 unguento

1387 1611 1567 1687 precioso.

1389 1721 1460 1793 Hic
1489 1739 1670 1795 coacervat
1704 1723 1834 1795 multas
1870 1723 2083 1807 sententias,
2123 1747 2274 1816 quarum

255 1821 343 1910 Dei,
369 1825 468 1911 cibo,
490 1839 596 1917 potu,
619 1827 808 1916 coniugio,
838 1839 873 1896 et
895 1825 1027 1894 servire
1056 1823 1238 1893 vocationi
1289 1822 1379 1894 aliae
1398 1820 1589 1897 hortentur
1604 1829 1649 1896 ad
1666 1828 1860 1917 agendum,
1886 1826 1976 1895 aliae
1997 1827 2041 1894 ad
2057 1823 2275 1914 patientiam,

256 1925 351 1996 bona
373 1927 588 1999 conscientia
608 1942 641 2003 et
664 1929 750 1998 fide:
780 1941 927 1999 eventus
948 1949 1053 2010 vero,
1080 1925 1143 2018 qui
1163 1927 1251 1994 non·
1290 1924 1381 1997 aliae
1405 1928 1636 1998 consolantur
1667 1942 1825 2016 egentes,
1856 1927 1947 1997 aliae
1968 1927 2147 2012 adflictos,
2177 1927 2276 1995 utin

257 2042 340 2099 sunt
356 2029 394 2098 in
409 2042 580 2121 potestate
595 2045 737 2115 nostra,
762 2031 1012 2100 commendare
1029 2025 1124 2106 Deo,
1149 2028 1255 2096 sicut.
1293 2029 1465 2120 singulis,
1484 2051 1556 2122 quo
1573 2031 1777 2100 referendae
1790 2043 1885 2116 sunt,
1902 2030 2099 2104 ostendam.
2152 2025 2275 2096 Prima

254 2151 358 2222 saepe
372 2131 531 2216 monuit,
556 2145 591 2202 et
605 2133 758 2204 subinde
772 2133 1004 2225 repetendum
1021 2142 1072 2200 est
1088 2128 1240 2201 dictum:
1293 2133 1445 2201 debono
1464 2132 1611 2200 nomine
1627 2131 1809 2221 seugloria
1828 2146 1880 2200 est
1895 2127 2098 2200 adhortatio
2108 2131 2151 2199 ad
2168 2153 2276 2218 agen-

252 2227 474 2306 ¹Commenda
487 2229 565 2306 Deo
582 2234 677 2306 viam
691 2248 812 2319 tuam,
835 2245 868 2304 et
885 2233 960 2324 ipse
975 2231 1092 2303 saciet.
1292 2234 1390 2302 dum.
1442 2233 1591 2302 Dictum
1616 2248 1667 2305 est
1689 2247 1806 2304 autem
1831 2231 1936 2310 alibi,
1968 2229 2074 2325 quid,
2102 2245 2198 2301 recte
2223 2231 2277 2299 lo-

544 2322 546 2343 '
688 2421 690 2429 ¹
1293 2336 1456 2427 quendo,
1483 2335 1529 2404 sit
1551 2336 1663 2426 gloria
1686 2359 1748 2405 seu
1771 2335 1906 2405 bonum
1931 2357 2061 2403 nomen
2084 2332 2277 2403 cotamiu-

624 2433 765 2546 Caput
793 2436 875 2522 Vl.

307 2595 482 2672 Etiamsi
499 2597 583 2699 quis
606 2595 756 2672 celebris
776 2607 850 2685 est,
883 2606 1004 2668 tomen
1026 2589 1095 2665 hoc
1114 2592 1243 2680 scitur,

359 2695 460 2801 quod
472 2695 583 2774 homo
596 2699 659 2788 sit,
680 2710 712 2772 et
726 2725 802 2772 non
816 2707 934 2798 potest
951 2695 1088 2768 certare
1105 2721 1185 2769 cum
1203 2719 1243 2766 eo

355 2797 457 2902 quod
467 2813 520 2877 est
531 2801 728 2904 potentius,

1293 2435 1387 2505 dicio
1409 2431 1578 2505 humano.
1635 2433 1701 2506 Est
1725 2436 1822 2505 enim
1851 2435 2062 2527 adpmbatio
2092 2435 2278 2504 conscien-

1293 2537 1363 2607 tiae
1378 2549 1521 2608 nostrae
1539 2551 1633 2610 recte
1648 2538 1858 2618 iudicantis,
1884 2550 1918 2607 et
1935 2537 2087 2606 aliorum
2101 2549 2196 2606 recte
2222 2537 2277 2606 iu-

1293 2639 1510 2726 dicantium,
1541 2654 1582 2711 ut
1604 2639 1726 2729 Scipio
1747 2639 1905 2710 liberans
1925 2661 2092 2737 sponsam
2117 2638 2278 2723 alterius,

1293 2735 1400 2812 habet
1415 2742 1582 2830 gloriam,
1610 2743 1646 2810 id
1669 2754 1737 2824 est,
1763 2741 1876 2839 ipsius
1899 2741 2134 2809 conscientiae
2158 2759 2278 2812 manet

1292 2843 1434 2936 illaesa,
1473 2840 1580 2914 habet
1612 2857 1647 2914 et
1676 2843 1970 2935 adprobationem
2001 2842 2154 2911 aliorum
2183 2857 2278 2914 recte

358 2937 402 3008 ln
427 2940 498 3011 fine
519 2940 609 3012 sexti
632 2937 758 3030 capitis
779 2937 881 3029 ponit
898 2936 1127 3022 sententiam,
1152 2955 1241 3028 quae
1293 2945 1541 3018 iudicantium.
1601 2941 1741 3016 Thraso
1766 2939 1970 3014 nonhabet
1995 2943 2166 3032 gloriam,
2192 2945 2279 3036 quia

256 3053 455 3138 legatum,
479 3038 1071 3122 ⁰l0ffi⁰l⁸V⁰⁰⁸ll⁰¹¹l³s⁸⁶ltmusss
1097 3037 1241 3106 mab·
1293 3071 1358 3118 nec
1381 3047 1456 3140 ipse
1479 3062 1572 3119 recte
1600 3047 1752 3132 iudicat,
1785 3069 1953 3136 arrogans
1974 3045 2043 3116 sibi
2073 3044 2176 3114 salsa:
2212 3071 2279 3117 nec

258 3141 441 3228 iiciamus,
481 3143 703 3216 vocationem
734 3155 883 3244 propter
910 3138 1240 3210 dissimilitudinem
1291 3149 1354 3219 2155
1391 3150 1452 3245 qui
1487 3149 1710 3220 mentiuntur
1743 3147 1978 3233 adsentando,
2026 3144 2124 3216 Deus
2157 3160 2278 3218 autem

259 3257 467 3331 ”minume
492 3246 543 3316 ⁸5⁰
557 3243 732 3317 enimait:
759 3242 931 3337 Quisquis
947 3238 1056 3312 bomo
1074 3239 1237 3311 nomina·
1291 3266 1473 3344 utrunque
1496 3251 1685 3343 praecipit,
1718 3265 1752 3322 et
1782 3264 1820 3320 ut
1843 3263 1936 3320 recta
1958 3249 2146 3332 faciamus,
2180 3262 2217 3318 et
2239 3263 2280 3321 ut

257 3362 332 3435 tor,
357 3370 433 3417 ooo
452 3359 567 3440 potest
582 3361 714 3420 certare
730 3371 811 3418 cum
827 3369 890 3436 eo,
918 3346 1016 3439 quod
1038 3358 1090 3415 est
1112 3356 1240 3435 poten·
1291 3369 1386 3425 recte
1409 3355 1501 3423 facta
1518 3353 1774 3445 adprobemus,
1805 3353 1902 3422 iuxta
1932 3349 2042 3421 illud:
2080 3349 2160 3420 Non
2179 3349 2278 3422 dieas

254 3448 345 3534 ¹5⁰⁸,
369 3450 409 3519 id
425 3463 494 3534 0⁸1,
513 3449 1109 3539 ¹¹⁰¹1P010³levessl¹1³gub⁰ffl³res
1134 3460 1169 3517 θῑ
1186 3468 1242 3514 ⁵0·
1291 3455 1686 3526 salsumtestimonium.
1738 3453 1827 3526 Vult
1844 3453 2011 3524 noticiam
2029 3453 2200 3522 virtutum
2220 3477 2280 3523 ex-

257 3551 395 3644 Ἶῦῐῐῦῐῑ
423 3545 519 3622 Sum
536 3549 632 3622 ‘m‘m
647 3547 782 3621 imilla
800 3547 927 3635 What
950 3551 988 3619 id
1003 3562 1070 3633 θδῑ,
1095 3543 1164 3618 hae
1179 3571 1241 3618 θῦ-
1292 3575 1385 3640 tare,
1412 3572 1446 3629 et
1468 3570 1509 3627 ut
1530 3580 1761 3648 agnoscamus
1783 3555 1899 3648 qualis
1921 3553 1996 3645 ipse
2018 3553 2083 3638 sit,
2111 3567 2147 3623 et
2168 3567 2209 3624 ut
2234 3555 2279 3626 sit

256 3675 317 3723 ΜΘ
331 3666 366 3724 tl
381 3653 652 3745 ῐηῑὸὅῖῦόῑὶῠῦθδ
666 3654 791 3725 inanes
806 3664 908 3738 ⁸1¹¹¹ls
932 3664 967 3721 0¹
982 3647 1075 3720 ”ihil
1092 3663 1242 3741 Pf⁰⁸¹¹¹¹l
1292 3661 1421 3734 rectrix
1446 3659 1548 3732 vitae.
1580 3655 1629 3730 Et
1653 3674 1692 3731 ut
1715 3657 1872 3758 conspici
1895 3655 2084 3725 discrimen
2096 3653 2277 3729 ,virtutum

258 3750 409 3826 hmini·
460 3753 858 3849 N⁰⁸lssil²¹l¹¹⁸l⁰q¹13b
910 3751 1009 3842 QUld
1031 3766 1242 3822 ὓθΰθὸὓθθδῑ
1293 3778 1328 3834 et
1357 3763 1524 3834 vitiorum
1549 3756 1691 3854 possit,
1712 3761 1791 3830 vult
1813 3757 1909 3832 Dens
1939 3753 2106 3854 humanis
2132 3757 2278 3827 iudiciis

222 3929 227 3938 .
259 3851 399 3936 homini
427 3856 561 3930 maiora
594 3881 631 3930 ⁸²
660 3882 849 3952 quaerere,
880 3858 941 3928 ted
971 3855 1076 3924 100150
1101 3850 1241 3923 Ebrffl
1293 3888 1436 3958 quoque
1453 3862 1576 3954 puniri
1594 3861 1744 3932 scelera:
1771 3862 1847 3932 cult
1873 3873 1908 3930 et
1931 3873 2025 3929 recte
2039 3860 2128 3928 facta
2145 3859 2277 3950 adpro·

259 3973 398 4032 tantum
423 3959 559 4053 inquil:
592 3956 694 4032 Nihil
720 3971 870 4054 prosunt
896 3952 1048 4027 homini·
1088 3953 1242 4025 Mossessl
1292 3967 1372 4038 bari
1396 3981 1541 4056 propter
1565 3967 1652 4035 duas
1676 3986 1813 4047 causas,
1839 3976 1880 4034 ut
1895 3961 2088 4031 discrimen
2102 3961 2278 4032 virtutum

260 4075 378 4152 'ulem
399 4077 441 4136 1¹⁸
461 4063 554 4149 (¹5¹5,
579 4077 620 4135 ⁰2
639 4063 922 4150 ⁰⁰¹¹⁸ld²¹2m1152
954 4081 1045 4151 (1⁰³0
1071 4081 1175 4128 curae
1196 4058 1240 4127 ad
1293 4083 1327 4140 et
1350 4069 1521 4138 vitiorum
1551 4068 1597 4137 sit
1625 4067 1865 4156 conspectius,
1898 4077 1933 4134 et
1957 4077 1995 4133 ut
2016 4064 2078 4131 alii
2108 4063 2281 4154 exemplis

256 4165 559 4256 uespertinum,
584 4161 1057 4261 quaen⁰1lpffllss⁸³¹¹lssd
1085 4159 1240 4242 nomi·
1293 4171 1513 4242 erudiantur.
1565 4169 1656 4239 Vult
1670 4167 1780 4258 igitur
1793 4169 1944 4237 famosos
1959 4165 2037 4234 eiici
2064 4189 2105 4234 ex
2128 4165 2280 4236 societa-

260 4279 319 4335 cut
334 4287 439 4356 ⁸¹¹1³ra
456 4281 525 4336 ²10⁸
540 4267 845 4356 gradussleclmffl,
860 4287 980 4334 curam
997 4262 1241 4333 l³b⁰ti⁸i¹1¹l³
1294 4287 1348 4359 te,
1372 4273 1484 4344 tribui
1506 4295 1589 4340 vero
1613 4265 1802 4342 honestum
1824 4267 1994 4339 locumin
2012 4267 2175 4338 societate
2191 4267 2278 4347 illis,

264 4370 505 4454 vocationem,
530 4363 617 4438 haec
632 4369 677 4438 ad
693 4391 759 4438 nos
771 4366 945 4460 pertinet,
970 4365 1060 4436 aliae
1074 4381 1157 4436 sunt
1179 4387 1241 4433 cu·
1295 4397 1446 4470 quorum
1462 4397 1578 4443 mores
1595 4386 1678 4443 sunt
1693 4371 1769 4441 sine
1786 4370 1943 4444 infamia.

261 4490 320 4538 rae
336 4469 381 4540 de
395 4482 533 4544 eventu.
586 4470 673 4541 item
696 4471 740 4540 de
754 4471 861 4541 rebus
881 4467 961 4539 aliis
976 4481 1070 4538 extra
1085 4466 1242 4539 rocatio-
1396 4474 1487 4547 Cum
1505 4475 1613 4568 igitur
1628 4475 1709 4545 mli,
1722 4473 1934 4572 adprobatio
1957 4471 2002 4542 etr
2023 4469 2157 4541 sancita
2182 4469 2279 4538 (tivi.

260 4593 355 4642 nem.
408 4563 485 4642 Hae
500 4595 573 4643 non
590 4572 771 4666 pertinent
785 4573 829 4642 ad
845 4594 924 4645 nos.
1296 4581 1412 4666 nitus,
1436 4591 1470 4648 et
1485 4580 1529 4648 sit
1546 4601 1601 4648 res
1617 4578 1730 4660 bona,
1755 4575 1980 4645 manifestum
2008 4586 2060 4643 est
2084 4566 2178 4642 hanc
2199 4572 2280 4659 glo-

1295 4684 1387 4753 riam
1410 4683 1644 4771 adpetendam
1659 4701 1750 4759 esse,
1774 4691 1809 4748 et
1823 4677 1968 4770 quidem
1985 4674 2191 4743 mandatum
2210 4669 2279 4743 Dei

1297 4800 1358 4871 est,
1374 4797 1413 4856 ut
1428 4781 1592 4854 scandala
1607 4781 1772 4867 vitemus,
1789 4793 1828 4850 ut
1841 4777 1973 4849 Paulus
1989 4775 2121 4870 inquit:
2140 4771 2277 4845 Omnia

1295 4890 1340 4957 ad
1357 4887 1508 4977 gloriam
1516 4885 1588 4956 Dei
1603 4883 1720 4966 facite,
1736 4896 1770 4952 et
1786 4903 1860 4952 non
1876 4881 1954 4951 sitis
1971 4878 2137 4948 scandalo
2152 4871 2280 4946 Eccle.

620 4789 759 4926 Caput
785 4790 882 4878 Vll.

310 4951 598 5054 18⁰⁰7⁰ls⁸⁰m⁰
616 4956 805 5058 Will‘lhi
825 4956 944 5057 Pf‘ml
966 4951 1243 5029 intervisam
1295 4991 1377 5061 siae.
1427 4985 1476 5060 Et
1490 4986 1685 5058 benedixit
1700 4979 1938 5075 Augustinus:
1964 4977 2067 5050 Bona
2090 4978 2277 5050 conscien-

362 5057 489 5136 ’ΜΨ
505 5060 698 5138 mimis·
1294 5094 1344 5164 tia
1360 5085 1450 5161 mibi
1465 5110 1556 5190 opus
1568 5103 1618 5161 est
1632 5101 1779 5180 propter
1792 5085 1927 5175 Deum,
1955 5081 2055 5152 Bona
2074 5081 2166 5150 lama
2191 5103 2279 5171 pro-

357 5196 539 5290 Loquitur
549 5215 685 5285 autem,
701 5200 746 5267 de
761 5199 867 5267 rebus
883 5199 949 5268 sub
963 5195 1065 5279 Sole,
1092 5189 1240 5285 horest,
1293 5206 1374 5286 pter
1395 5194 1609 5287 proximum.
1659 5188 1758 5261 Alibi
1782 5188 1889 5258 disits
1913 5183 2047 5254 Melius
2070 5196 2121 5255 est
2142 5205 2276 5252 nornen

255 5299 300 5370 de
319 5301 505 5374 arantibus
527 5302 565 5372 in
588 5298 652 5372 hac
676 5299 816 5372 mortali
832 5300 904 5370 vita
928 5300 1106 5392 prosperis
1121 5313 1154 5368 et
1171 5297 1236 5380 ad,-
1293 5298 1450 5383 bonum,
1476 5319 1582 5391 quam
1598 5293 1748 5365 divitiae
1758 5291 1904 5363 multae.
1938 5287 1991 5357 lbi
2008 5287 2139 5377 grsdm
2155 5297 2281 5355 osten-
