4714 5826
278 166 351 238 tas

209 432 214 442 ι
322 331 494 410 noratis
510 279 751 426 amygdalus.

379 454 421 526 ld
437 466 509 536 εει,
536 450 671 522 accidat
688 447 857 533 canicies,
883 445 975 518 utin
995 443 1220 540 amygdalis.=

329 608 547 686 onerantur
560 604 734 680 locustae.

382 731 425 802 Id
447 743 517 813 est,
551 728 785 798 incurvantur
813 722 976 812 scapulae
1003 734 1037 789 ει
1062 739 1188 796 corae,
1220 713 1258 784 id

280 850 347 918 ast,
373 858 475 906 senes
497 830 669 902 incedunt
692 826 805 900 curvi,
860 823 905 896 Et
929 824 1040 912 ligura
1065 817 1260 888 extantium

278 939 519 1030 scapularum,
546 946 580 1002 ει
596 953 702 1001 coxae
717 943 752 1000 et
766 927 888 1020 spinae
905 925 1002 996 dorsi
1019 923 1186 992 incurvae
1210 918 1258 985 si-

281 1041 384 1112 miles
403 1050 454 1108 est
468 1036 636 1106 locustae.

329 1181 385 1256 Et
400 1181 494 1283 perit
512 1177 691 1278 voluptas.

381 1304 424 1375 ld
444 1317 514 1382 est,
548 1298 689 1369 fastidia
715 1310 798 1366 sunt
819 1310 855 1366 et
876 1316 1027 1365 nauscae
1041 1293 1134 1376 cibi,
1160 1303 1264 1382 potus

280 1424 315 1481 ει
337 1409 488 1478 aliarum
512 1403 753 1491 voluptatum:
787 1398 870 1492 quia
897 1399 1012 1468 virtus
1043 1407 1095 1464 εει
1117 1395 1263 1482 langue-

280 1514 390 1592 facta,
422 1507 460 1576 lit
483 1502 576 1573 mala
600 1501 733 1586 coctio,
757 1505 894 1590 ‘parum
916 1497 1004 1568 boni
1028 1494 1209 1584 sanguinis
1229 1506 1265 1564 et

282 1613 491 1704 spirituum,
509 1605 632 1694 exigua
649 1601 798 1674 nutritio
815 1615 882 1672 etc.
914 1597 1041 1670 Postea
1057 1600 1103 1666 de
1115 1594 1264 1666 interio-

281 1715 382 1784 ribus
396 1708 569 1800 loquitur.

334 1858 542 1958 Antequam
561 1849 961 1962 rumpatursum'culus
980 1839 1186 1946 argenteus.

385 1993 549 2081 {melligo
559 2011 688 2059 nervos
704 2002 738 2072 et
751 1984 943 2072 τένοντας,
960 1987 1165 2075 ligamenta:
1181 1998 1264 2054 sunt

285 2099 379 2171 enim
396 2095 498 2164 nervi
515 2091 646 2161 similes
663 2090 754 2159 albis
770 2089 850 2159 iilis.
886 2085 1026 2158 Etcum
1042 2087 1113 2155 sint
1129 2087 1264 2156 instru-

280 2212 399 2272 menta
420 2218 543 2267 sensus
568 2207 602 2262 ει
627 2203 766 2277 motus,
792 2191 1017 2282 praecipuam
1035 2187 1108 2256 vim
1127 2183 1263 2258 babent

281 2305 482 2389 incorpore
498 2292 665 2366 humano.

331 2445 386 2518 Et
402 2440 570 2516 decurrat
586 2440 674 2534 sons
691 2461 836 2511 aureus.

382 2579 425 2650 Id
435 2590 503 2661 est,
524 2599 596 2659 cor,
614 2577 711 2666 quod
720 2573 859 2646 estfons
868 2585 902 2644 et
912 2571 1087 2662 scaturigo
1098 2573 1260 2643 omnium

231 2679 235 2688 ’
282 2689 474 2765 virtutum,
500 2692 535 2748 ει
549 2677 681 2747 vivifici
696 2675 841 2749 caloris.

330 2831 544 2910 Contaratnr
557 2822 697 2925 hydria
712 2826 986 2927 supersontam.

383 2969 423 3040 ld
449 2981 517 3050 est,
543 2988 632 3035 vena
654 2981 877 3055 super'cpar.
935 2959 1027 3033 Cum
1050 2963 1144 3032 enim
1169 2963 1261 3032 duos

281 3077 396 3146 fontes
422 3093 483 3139 seu
504 3069 592 3137 duas
612 3063 843 3155 scaturigines
866 3065 1121 3144 nominaverit,
1145 3065 1260 3133 visum

281 3189 333 3246 cst
355 3171 528 3244 concinne
548 3165 682 3239 fontani
708 3191 853 3237 aureum
876 3166 1028 3256 intelligi
1043 3189 1113 3235 cor.
1165 3163 1260 3255 Quia

280 3275 360 3349 auri
382 3272 578 3344 similitudo
595 3270 705 3359 magis
721 3268 884 3357 congruit
900 3267 943 3337 ad
960 3291 1039 3352 cor,
1064 3282 1100 3338 et
1120 3268 1164 3336 ad
1186 3268 1258 3360 spi-

279 3380 399 3452 ritns..
435 3372 559 3444 Postea
585 3368 711 3464 hydria
736 3371 783 3441 sit
802 3393 906 3440 causa
929 3361 1037 3456 vdua,
1065 3394 1155 3463 quae
1177 3393 1259 3456 sau·

773 85 778 96 =
874 149 1002 224 enit,
1026 147 1143 225 Mitt,
1171 145 1381 224 SCRIPTA
1409 145 1709 230 ExtthtthA.

2223 165 2284 242 ttt

1316 335 1430 442 metus
1462 335 1623 442 aeternae
1657 326 1732 396 irae
1761 340 1795 398 et
1820 329 2028 403 abiectionis
2056 346 2092 404 et
2122 329 2282 406 horrendi

1315 438 1492 496 cruciatus
1525 450 1564 493 sn
1595 440 1668 499 tota
1698 432 1904 504 aeternitate
1932 436 2115 522 duraturi,
2145 453 2282 510 nonest

1315 527 1431 614 segnis
1454 526 1613 597 monitor
1644 534 1753 616 menti
1784 555 1859 610 non
1892 531 2117 628 prophanae,
2146 553 2180 610 et
2198 535 2279 610 banc

1315 651 1490 699 summam
1508 630 1615 700 refert
1630 644 1739 702 totam
1757 635 1976 712 concionem.

1367 793 1490 868 Deum
1504 797 1608 880 time,
1636 807 1668 867 at
1683 796 1867 872 mandata
1883 803 1959 875 eius
1979 803 2140 893 observo,
2160 801 2224 877 hoe
2239 818 2282 878 ast

1414 900 1650 998 praecipuum
1665 901 1837 975 omnibus
1853 899 2080 984 bominibus.

1417 1030 1674 1126 Complectitur
1696 1051 1812 1108 autem
1839 1051 1952 1110 totum
1976 1043 2112 1112 cultum
2137 1057 2282 1114 ettotam

1315 1136 1567 1215 obedientiam,
1585 1148 1618 1206 et
1633 1137 1777 1207 deducit
1791 1163 1856 1210 nos
1874 1143 1917 1210 ad
1936 1137 2161 1214 huncverum
2171 1143 2283 1228 Deum,

1315 1237 1377 1330 qui
1402 1261 1439 1307 se
1464 1238 1625 1328 patefecit
1648 1241 1686 1306 in
1704 1234 1770 1308 hoc
1788 1243 1920 1333 populo
1939 1243 2066 1330 lsrael,
2093 1260 2126 1316 et
2151 1247 2283 1315 tradidit

1315 1339 1347 1407 ei
1362 1339 1616 1438 promissiones
1639 1355 1674 1409 et
1699 1341 1830 1429 legem,
1856 1343 2055 1416 illustribus
2078 1361 2112 1416 et
2134 1371 2202 1416 non
2228 1348 2284 1414 fal-

1316 1441 1471 1511 lentibus
1505 1441 1733 1520 testimoniis,
1768 1439 1864 1512 bunc
1888 1443 2004 1514 Deum
2033 1448 2110 1518 vult
2140 1449 2280 1536 agnosci,

1315 1543 1450 1628 audiri,
1477 1543 1655 1626 invocari,
1682 1544 1750 1611 coli
1775 1544 1871 1615 iuxta
1900 1540 1993 1617 banc
2026 1549 2136 1639 ipsam
2166 1575 2283 1629 vocem,

1316 1667 1421 1737 quarn
1453 1643 1618 1726 tradidit,
1657 1656 1692 1713 et
1715 1647 1886 1737 proponit
1916 1671 2091 1718 summam
2126 1675 2283 1733 normam,

1316 1769 1406 1837 quae
1422 1745 1526 1814 debet
1541 1767 1613 1812 esse
1629 1747 1755 1814 rectrix
1769 1748 1930 1816 omniurn
1947 1751 2235 1821 deliberationum
2256 1767 2283 1820 et

1316 1846 1514 1916 actionum:
1543 1843 1685 1915 lntuere
1699 1844 1815 1917 Deum
1838 1862 1871 1919 et
1893 1849 2006 1940 ipsius
2019 1855 2232 1935 doctrinam,
2256 1868 2284 1922 at

1315 1948 1361 2016 ab
1383 1942 1448 2016 hac
1472 1969 1597 2016 norma
1619 1972 1692 2017 non
1715 1945 1907 2034 discedito,
1933 1965 1968 2022 et
1982 1955 2087 2038 scias,
2114 1955 2283 2024 disceden-

1315 2062 1386 2119 tem
1407 2048 1485 2118 sine
1504 2047 1577 2140 ulla
1602 2051 1825 2122 dubitatione
1849 2052 2027 2123 ruiturum
2054 2079 2127 2124 esse
2145 2057 2181 2136 iu
2198 2070 2282 2124 tene-

1315 2152 1414 2234 bras,
1442 2151 1587 2244 laqueos
1609 2149 1744 2220 diaboli
1765 2167 1798 2222 et
1824 2153 2040 2224 tristissimas
2065 2181 2211 2248 poenas,
2236 2180 2282 2224 re-

1314 2253 1405 2320 feras
1429 2253 1549 2320 omnia
1573 2253 1720 2322 consilia
1749 2267 1783 2323 ει
1803 2279 1928 2323 omnes
1950 2259 2106 2328 actiones
2131 2261 2173 2326 ad
2200 2255 2283 2326 hunc

1314 2353 1440 2438 finem,
1467 2367 1506 2422 ut
1522 2355 1600 2423 Deo
1618 2367 1770 2444 praestes
1793 2357 2057 2444 obedientiam,
2084 2374 2118 2428 et
2141 2384 2216 2428 eum
2235 2384 2282 2427 ce-

1315 2453 1439 2527 lebres.
1492 2451 1594 2522 Hanc
1607 2456 1763 2544 regulam
1778 2457 1883 2526 etiam
1906 2458 1944 2527 in
1958 2459 2160 2530 iudicandis
2178 2462 2282 2528 omni-

1315 2557 1381 2624 bus
1407 2555 1577 2625 doctrinis
1597 2567 1731 2640 teneas,
1763 2551 1946 2628 considera
1969 2585 2060 2654 quae
2083 2563 2280 2653 disputatio-

1314 2678 1396 2738 nes,
1422 2680 1510 2748 quae
1526 2658 1726 2748 doctrinae,
1750 2659 1812 2751 qui
1829 2685 2008 2730 sermones
2032 2663 2238 2734 dissentiant
2262 2685 2278 2729 a

1314 2758 1422 2827 verbo
1444 2755 1528 2842 Dei,
1553 2772 1615 2829 aut
1638 2784 1712 2828 non
1734 2761 1872 2850 prosint
1886 2765 1931 2831 ad
1946 2764 2120 2846 alendurti
2134 2767 2282 2835 timorem

1312 2857 1380 2930 Dei
1397 2859 1435 2926 in
1452 2861 1646 2941 mentibus,
1671 2874 1705 2931 ct
1720 2862 1997 2933 confirmandam
2014 2866 2139 2951 fidem,
2156 2881 2188 2937 ct
2203 2888 2282 2934 sem·

1312 2983 1376 3052 per
1400 2975 1502 3046 sunt,
1529 2962 1674 3033 fuerunt
1694 2977 1729 3034 et
1753 2977 1859 3034 erunt
1889 2966 2020 3036 multae
2039 2965 2232 3060 Epicureae
2254 2977 2283 3034 et

1312 3062 1444 3132 multae
1461 3063 1597 3132 ociosae
1614 3065 1821 3156 opiniones,
1848 3079 1883 3136 et
1899 3068 2003 3138 multi
2021 3069 2199 3140 idolorum
2216 3067 2282 3138 cul-

1311 3175 1380 3237 tus.
1430 3161 1527 3236 Haec
1548 3167 1666 3235 omnia
1689 3189 1825 3236 summa
1842 3168 2024 3258 vigilantia
2046 3171 2232 3240 iudicanda
2254 3181 2283 3236 et

1312 3264 1454 3337 vitanda
1472 3281 1564 3338 sunt.
1609 3261 1666 3336 Ad
1683 3264 1775 3336 hanc
1792 3293 1965 3339 summam
1981 3271 2091 3342 refert
2106 3273 2281 3343 conciones

1310 3365 1349 3432 in
1374 3360 1442 3434 boc
1464 3369 1579 3451 libro,
1604 3393 1692 3462 quae
1708 3370 1852 3463 quidem
1875 3387 1910 3444 et
1925 3396 2062 3443 summa
2081 3389 2132 3446 est
2148 3374 2281 3444 univcr-

279 3479 421 3568 guinem
449 3469 569 3545 haurit
592 3497 633 3540 ex
654 3486 774 3564 epate,
802 3484 837 3542 ct
857 3471 896 3540 in
918 3485 1032 3542 totum
1056 3495 1184 3561 corpus
1207 3474 1258 3560 ef-
1310 3488 1367 3535 sae
1392 3468 1573 3539 doctrinae
1594 3471 1632 3538 in
1648 3467 1821 3557 Ecclesia,
1848 3472 1944 3545 iuxta
1969 3475 2029 3542 illa
2056 3478 2164 3545 dicta:
2191 3471 2280 3543 Beati

279 3580 416 3662 fundit,
448 3589 483 3648 et
506 3573 685 3645 verissime
705 3587 757 3643 est
779 3572 899 3642 nutrix
923 3575 958 3642 et
985 3573 1119 3642 canalis
1145 3574 1256 3646 totius
1310 3568 1373 3662 qui
1394 3572 1545 3642 audiunt
1569 3573 1716 3642 verbum
1739 3571 1824 3658 Dei,
1857 3587 1891 3646 et
1920 3577 2137 3647 custodiunt.
2191 3579 2279 3650 Item,

279 3679 447 3773 corporis.
501 3675 550 3746 Et
569 3687 926 3753 consentaneumcst,
953 3671 1180 3744 Salomonem
1198 3670 1258 3745 hic
1309 3683 1403 3740 totus
1421 3671 1599 3744 Psalmus:
1627 3671 1727 3742 Beati
1743 3675 1958 3746 immaculati
1977 3678 2014 3744 in
2033 3680 2111 3759 via,
2138 3678 2278 3771 quiam·

279 3807 353 3855 non
369 3779 527 3858 omisisse
542 3775 722 3875 opificium
746 3798 936 3858 venarum,
963 3779 1059 3868 quod
1083 3775 1255 3844 innutri-
1308 3771 1436 3842 hulant
1453 3775 1490 3842 in
1505 3775 1580 3862 lege
1594 3771 1753 3848 Domini.
1805 3775 1912 3846 ltem:
1940 3775 1980 3848 Si
1995 3780 2077 3871 quis
2091 3781 2206 3868 diligit
2221 3799 2297 3854 me,¹

279 3886 417 3956 catione
439 3881 662 3976 praecipuam
686 3877 788 3947 affert
810 3875 1019 3960 utilitatem,
1046 3891 1081 3947 et
1094 3877 1255 3946 miranda
1308 3895 1506 3943 sermonem
1530 3899 1645 3944 meum
1672 3877 1844 3962 servabit,
1870 3891 1905 3946 et
1925 3893 2022 3969 pater
2048 3905 2147 3949 meus
2169 3879 2280 3964 diliget

279 4001 352 4057 arte
374 4001 409 4057 ει
428 3980 651 4087 providentia
680 3980 718 4048 in
738 3992 852 4049 totum
876 4001 1004 4070 corpus
1026 3976 1255 4048 distributum
1308 3997 1406 4058 cum,
1432 3991 1465 4046 et
1487 3977 1667 4047 veniemus
1690 3980 1733 4047 ad
1757 4003 1855 4062 eum,
1891 3993 1924 4048 et
1948 3981 2167 4051 mansionem
2193 3975 2277 4070 apud

279 4102 348 4172 εει,
362 4099 401 4156 ut
415 4084 581 4156 omnibus
599 4082 757 4172 partibus
773 4075 969 4151 advehatur
983 4080 1255 4168 nutrimentum.
1308 4098 1388 4144 cum
1403 4077 1582 4148 faciemus.
2122 4162 2126 4169 Ι

379 4183 573 4257 Cisternam
589 4183 693 4273 plane
709 4183 868 4271 intelligo
878 4181 1128 4252 ventriculum.
1160 4180 1255 4270 Quia
1409 4179 1468 4248 Ad
1484 4175 1575 4250 hanc
1593 4183 1739 4250 eandem
1755 4203 1928 4252 summam
1944 4185 2051 4255 refert
2069 4183 2235 4256 Salomon
2252 4193 2280 4248 et

277 4288 490 4358 vocabulum
522 4285 693 4374 significat
723 4284 936 4376 profundam
977 4285 1181 4362 cavitatem,
1222 4297 1254 4353 ει
1307 4300 1387 4348 suas
1403 4283 1600 4350 conciones.

279 4388 356 4485 gyri
372 4409 477 4478 super
492 4385 729 4460 ventriculum
751 4381 951 4474 significant
968 4386 1102 4454 vicinas
1126 4398 1254 4475 partes,
1410 4381 1550 4452 Faciam
1574 4383 1682 4473 igitur
1704 4384 1863 4474 exemplo
1888 4381 2107 4465 Salomonis,
2136 4400 2168 4454 et
2185 4406 2280 4472 argu·

277 4490 409 4560 scilicet
438 4487 621 4571 intestina,
662 4510 751 4579 quae
779 4487 947 4556 collocata
976 4499 1059 4557 sunt
1085 4500 1253 4579 tanquam
1307 4497 1465 4554 mentum
1483 4508 1523 4554 ac
1538 4506 1711 4576 summam
1729 4479 1836 4554 buius
1852 4485 1939 4554 libri
1955 4485 1993 4554 in
2007 4487 2076 4556 fine
2095 4510 2215 4558 rursus
2230 4499 2280 4552 res

276 4590 353 4686 gyri
368 4613 429 4660 seu
446 4591 568 4675 orbes,
593 4601 626 4658 et
641 4583 872 4682 μεσεντέριον
888 4611 978 4679 pene
994 4585 1142 4680 speciem
1159 4601 1254 4658 rotae
1307 4586 1433 4655 citabo.
1485 4583 1572 4656 Vult
1594 4588 1632 4654 in
1654 4580 1723 4654 boc
1747 4586 1840 4656 libro
1859 4585 2027 4658 Salomon
2046 4587 2280 4680 principalitas

277 4691 401 4772 efficit,
427 4690 485 4760 cui
498 4689 669 4782 implicita
686 4703 768 4760 sunt
783 4689 962 4763 intestina.
1305 4710 1503 4780 proponere
1516 4687 1808 4757 asseverationem
1826 4690 1870 4758 de
1889 4691 2124 4778 providentia.
2175 4687 2279 4761 Dein-

377 4791 482 4866 Hanc
493 4789 710 4866 mentionem
726 4806 885 4862 senectae
903 4806 937 4862 et
953 4789 1078 4863 mortis
1092 4791 1254 4875 inseruit,
1306 4791 1350 4858 de
1371 4813 1454 4859 vero
1480 4789 1633 4860 refutare
1654 4788 1889 4872 obiectioncs,
1915 4813 2005 4881 quae
2021 4806 2141 4860 contra
2167 4787 2278 4882 provi-

277 4910 318 4966 ut
334 4895 479 4968 lectores
494 4895 671 4964 defuturo
689 4892 821 4964 iudicio
839 4892 1138 4976 commonefaciat,
1164 4895 1254 4962 sicut
1305 4892 1460 4961 dentiam
1480 4905 1721 4982 opponuntur.
1775 4888 1864 4960 Cum
1889 4892 1983 4962 cuim
2008 4893 2139 4962 multae
2163 4905 2196 4962 et
2211 4911 2279 4958 uta·

276 5019 360 5067 mor
394 4997 523 5090 repetit
556 4989 648 5064 hanc
679 4995 908 5066 sententiam:
939 4993 1075 5066 Cuncta
1102 4995 1254 5065 adducet
1305 5014 1394 5083 gnae
1416 4994 1490 5062 sint
1513 4995 1551 5063 in
1572 4994 1642 5064 vita
1667 4991 1913 5076 confusiones,
1947 5008 1981 5065 et
2003 5016 2128 5084 inagna
2152 4995 2197 5062 sit
2213 4991 2276 5058 im·

189 5147 196 5156 -
275 5092 373 5168 Deus
386 5097 423 5190 iun
439 5097 621 5176 iudicium,
637 5097 783 5190 vultque
797 5096 1012 5186 cogitatione
1027 5096 1150 5164 iudicii
1167 5120 1253 5165 eon·
1304 5096 1445 5187 piorum
1464 5093 2051 5184 multitudo,ctpaucisiutDeum
2069 5109 2161 5164 reete
2177 5113 2278 5182 agno·

274 5197 408 5269 firmari
424 5195 530 5268 fidem
546 5199 590 5267 de
605 5199 848 5290 providentia,
873 5208 908 5266 et
922 5197 1066 5270 excitari
1087 5197 1251 5267 timorem
1304 5209 1439 5266 scentes
1458 5211 1490 5265 et
1507 5197 1689 5280 timentes,
1705 5209 1738 5265 et
1748 5188 1849 5286 impii
1863 5195 2014 5268 llorearit
2026 5197 2140 5286 gloria
2159 5209 2193 5265 et
2206 5191 2276 5282 opi-

272 5295 360 5386 Dei,
384 5298 644 5402 invocationem
661 5313 832 5372 etcurarn
848 5297 1121 5370 rectcfaciendi.
1156 5296 1251 5388 Quia
1304 5297 1391 5382 bns,
1418 5296 1469 5390 pii
1491 5297 1563 5368 siut
1585 5297 1810 5384 aerumnosi,
1841 5299 2003 5370 etmulti
2029 5297 2277 5368 interficiantur
