4616 5818
222 178 300 279 26⁵
608 185 671 202 .,
817 163 944 240 euru.
971 145 1089 242 uno
1115 165 1324 242 scurrus
1351 167 1652 246 uxuounca.
1779 138 1783 152 ’
1942 195 1948 203 ·
2177 175 2244 250 esc

321 341 504 445 discipuli
538 342 615 413 uiso
642 336 824 415 Domino.
899 335 1017 410 Dixit
1049 361 1137 434 ergo
1167 339 1220 411 eis
1269 356 1352 414 sunt
1364 343 1566 414 testimonia
1583 344 1668 416 totis
1682 343 1754 415 illis
1769 344 2001 438 qnadraginta
2016 345 2153 427 dicbus,
2172 347 2243 438 qui-

328 447 437 522 Iesus
455 448 605 522 iterum:
631 435 721 515 Pux
746 440 861 517 vobis.
914 438 1019 512 Sicut
1040 439 1143 512 misit
1164 465 1220 512 mc
1269 442 1511 516 busClnistus
1534 447 1759 516 familiariter
1782 471 1861 515 cum
1879 444 2131 538 Apostolorum
2152 461 2241 518 coetu

328 562 446 652 pater,
472 558 503 620 et
520 571 586 642 ego
601 543 706 615 mitto
725 569 798 619 vos.
846 540 900 612 Et
917 567 996 613 cum
1013 536 1082 614 ltoc
1097 537 1221 614 dixis·
1269 561 1348 637 post
1369 547 1661 620 resurrectionem
1685 562 1912 618 conversatus
1932 562 2000 633 est,
2026 573 2152 642 eosque
2172 571 2242 618 eru·

330 657 400 741 set,
426 647 638 748 insufflavit
658 643 709 717 eis
729 656 760 718 ct
777 643 895 718 discit:
923 643 1082 741 Accipite
1096 642 1221 743 Spiri-
1269 649 1336 719 diit
1353 650 1398 718 de
1415 673 1479 720 sno
1494 671 1624 739 regno,
1650 651 1694 719 de
1711 645 1927 748 Evangelio,
1953 653 1997 719 de
2016 651 2088 720 vita
2104 665 2243 720 aeterna.

333 767 410 828 tum
426 759 616 836 sanctum,
642 743 810 846 Quorum
831 744 1046 819 remiseritis
1059 756 1222 845 peccota,
1269 751 1346 822 Nec
1366 775 1451 820 vero
1474 764 1613 821 tanturn
1635 746 1799 822 Christus
1821 775 1893 821 una
1918 765 2077 822 versatus
2099 765 2167 838 est,
2191 753 2242 820 sed

333 856 568 930 remittuntur
583 852 645 939 eis,
672 875 828 949 quorum
847 846 1082 933 retinueritis,
1107 859 1222 920 reten-
1269 854 1375 925 etiam
1400 853 1460 922 alii
1483 853 1588 924 multi
1612 854 1827 936 resuscitati,
1852 866 1891 922 ut
1914 865 2034 923 noster
2051 855 2121 923 dux
2136 877 2244 922 ascen·

268 1037 271 1044 ,
332 966 487 1032 insunt.
1164 978 1169 990 ·
1269 978 1373 1026 surus
1393 955 1431 1022 in
1455 954 1611 1039 coelum,
1633 950 1779 1024 haberet
1797 954 2003 1039 comitatum
2021 955 2190 1048 aliquem,
2212 954 2245 1022 id

268 1066 448 1156 Thomas
464 1085 584 1149 autem
601 1096 696 1145 unus
713 1041 761 1141 de‘
771 1063 976 1153 duodecim,
1005 1067 1071 1170 qui
1087 1066 1224 1144 dieitur
1270 1081 1396 1144 agmen
1420 1056 1575 1126 arbitror
1587 1056 1694 1128 luisse
1710 1056 1843 1147 primos
1862 1069 2039 1145 parentes,
2067 1071 2103 1127 et
2119 1057 2246 1150 aliquos

334 1177 529 1279 didym&
557 1201 631 1248 „on
655 1182 733 1245 0702
757 1197 837 1244 cum
862 1172 931 1256 eis,
959 1169 1111 1272 quando
1129 1171 1223 1242 mit
1270 1184 1311 1229 ex
1326 1157 1487 1248 Regibus
1509 1171 1542 1228 et
1557 1153 1764 1247 Prophetis,
1788 1159 1883 1250 quod
1899 1154 2187 1240 duxitChristus‚
2211 1170 2247 1226 ut

205 1323 209 1344 .
334 1283 471 1357 Ipsus,¹
515 1277 710 1350 Diximus
741 1299 827 1370 ergo
860 1272 894 1343 ri
924 1273 999 1343 alii
1029 1270 1223 1370 discipuli:
1271 1262 1372 1348 initia
1388 1260 1522 1330 aeterni
1540 1261 1639 1349 regni
1653 1260 1834 1344 viderent,
1860 1259 1952 1330 sicut
1967 1273 2097 1330 nocant
2113 1274 2146 1329 et
2159 1257 2246 1329 Moi-

339 1382 514 1461 Vidimus
529 1379 751 1453 Dominum,
804 1373 1223 1448 lllgautemdixi101’55
1270 1386 1323 1432 ses
1351 1377 1385 1434 et
1406 1357 1515 1434 Elias.
1584 1359 1704 1450 Quare
1734 1361 1791 1452 pia
1822 1383 1921 1430 mens
1951 1360 2154 1431 testimonia
2181 1376 2245 1430 stu·

336 1485 431 1560 Nisi
452 1480 574 1556 videro
596 1483 635 1553 in
660 1477 833 1551 monibus
855 1477 933 1548 eius
943 1474 1118 1570 fixuram
1145 1475 1222 1549 cta.
1271 1466 1369 1534 diosc
1399 1464 1616 1547 consideret,
1650 1476 1691 1533 ut
1722 1477 1755 1532 et
1776 1459 1910 1532 Paulus
1933 1485 1972 1532 ea
1995 1462 2119 1534 recitat
2141 1460 2245 1532 1.Co-

334 1613 480 1671 corum,
508 1596 539 1656 et
562 1585 707 1656 mittam
732 1578 889 1676 digitum
915 1605 1032 1651 meum
1054 1577 1093 1649 in
1118 1579 1224 1650 cesti.
1271 1562 1483 1640 rinth.15.:
1517 1563 1624 1634 Visus
1653 1578 1706 1634 est
1735 1559 1898 1653 Cephen,
1932 1564 2077 1654 deinde,
2092 1565 2246 1634 universo

335 1693 438 1790 gium
463 1686 671 1773 clauorum,
707 1694 739 1757 et
758 1682 905 1752 mittam
930 1707 1082 1753 manum
1105 1706 1223 1752 meam
1272 1672 1385 1739 coetui
1410 1664 1687 1758 Apostolorum,
1721 1679 1840 1756 postea
1865 1665 2068 1758 quingentis
2090 1665 2247 1736 iratribus

339 1797 377 1866 in
395 1791 496 1865 latus
513 1789 609 1872 eius,
635 1812 710 1860 non
727 1780 885 1858 credam.
1271 1770 1397 1849 simul,
1432 1791 1554 1838 rursus
1585 1769 1732 1851 Iacobo,
1768 1767 1898 1838 deinde
1931 1767 2060 1838 iterum
2092 1767 2247 1838 omnibus

1272 1865 1471 1961 Apostolis‘,
1507 1883 1702 1960 postremo,
1737 1869 1871 1962 iuquit,
1905 1865 2053 1940 etmihi
2077 1871 2245 1940 visusest.

287 1913 341 1987 Ei
362 1919 444 2012 ΡΜι
467 1905 545 1982 dm
573 1915 650 1978 ⁰⁶²⁰
675 1915 805 1976 mmm
830 1912 935 1975 emm
958 1896 1132 2000 dlsup'dl
1148 1925 1225 1972 ems
1272 1969 1319 2044 Et
1334 1967 1526 2064 Apostolos
1543 1995 1624 2040 vera
1640 1967 1905 2041 narrasseDeus
1921 1968 1995 2060 ipsc
2011 1983 2168 2056 testatur,
2193 1970 2246 2061 qui

339 2016 459 2100 intus,
495 2020 526 2084 et
551 2004 721 2080 Thomas
746 2031 825 2078 cum
849 2005 913 2079 cis.
978 2001 1092 2079 Venit
1117 2001 1225 2074 Iesus
1597 2073 1606 2089 ,
1766 2073 1775 2090 ,
1880 2071 1888 2088 ,
2063 2073 2072 2090 ‚

339 2116 463 2190 ianuis
481 2109 632 2194 clausa-5,
659 2118 690 2180 a
703 2108 800 2179 smil
816 2107 853 2180 in
869 2103 1040 2189 medium,
1062 2116 1093 2178 ιι
1109 2102 1226 2177 dixit:
1273 2089 1455 2168 propterea
1481 2086 1624 2142 ornavit
1646 2095 1709 2142 eos
1728 2071 1929 2154 miraculis,
1962 2085 2002 2140 ut
2024 2094 2173 2142 seramus
2196 2093 2248 2139 eos

339 2217 429 2292 1²02·
451 2213 562 2287 vohis,
614 2206 763 2282 Deinde
785 2206 874 2280 dicit
893 2204 1081 2280 Thomna,
1114 2205 1228 2305 Insa.
1272 2177 1453 2248 divinitus.
1472 2174 1597 2276 missos
1630 2196 1720 2254 esse,
1755 2195 1857 2242 veros
1886 2187 2011 2291 testes,
2041 2187 2075 2246 et
2099 2176 2247 2245 doctores

341 2319 499 2417 digitum
516 2299 618 2387 tuum
635 2307 724 2397 huc,
751 2320 782 2381 ιι
800 2306 878 2380 vid,
893 2334 1028 2380 manus
1047 2333 1167 2392 mm,
1195 2317 1226 2378 ,g
1273 2301 1346 2349 esse
1362 2279 1405 2348 de
1423 2277 1605 2348 voluntate
1618 2273 1706 2356 Dei,
1733 2289 1768 2346 et
1782 2275 1825 2344 de
1838 2269 1996 2346 Chresto.

341 2417 439 2525 offer
451 2441 603 2489 monum
620 2423 736 2499 tuum,
762 2422 794 2482 et
805 2411 906 2482 mitte
923 2411 961 2480 in
979 2409 1080 2482 lutus
1097 2435 1227 2492 meum,
1314 2441 1320 2448 ·

339 2534 371 2596 et
393 2519 475 2594 noli
497 2543 571 2591 esse
587 2509 821 2598 incredulus,
855 2507 922 2584 sed
941 2510 1097 2587 credens.
1149 2507 1228 2582 Rc·
1642 2512 1690 2562 ue
1723 2513 1891 2564 secundo.

341 2619 491 2726 spondit
521 2618 559 2694 T
558 2615 712 2704 homas,
754 2626 785 2687 tl
815 2611 915 2686 dixi!
946 2615 996 2686 ⁶1⁰²
1037 2612 1229 2686 DOW'MS
1376 2625 1455 2700 Etsi
1474 2625 1637 2700 Christus
1659 2622 1768 2699 habet
1785 2630 1957 2723 quaedam
1976 2633 2250 2724 propriamune-

181 2771 183 2778 ·
222 2747 224 2752 ’
339 2750 457 2814 1111113,
498 2734 530 2796 ⁶¹
559 2720 666 2794 Dm
687 2744 817 2794 mm·
863 2714 1019 2835 'Di-'⁶¹⁸²‘
1041 2716 1075 2789 0¹⁵
1101 2713 1228 2804 [111131
1274 2755 1333 2817 ra,
1366 2754 1456 2823 quae
1484 2754 1558 2799 non
1582 2742 1665 2800 sunt
1685 2731 1889 2802 communia
1910 2725 2115 2824 Apostolis,
2143 2748 2249 2804 tamen

341 2827 445 2930 Quia
465 2819 596 2898 vidisti
609 2847 664 2894 ”¹⁶
678 2816 852 2909 Tit⁰m⁰s
865 2813 1084 2936 ’‘Vedt‘dtslis
1114 2815 1232 2890 Bwil'
1274 2833 1513 2904 ministerium
1534 2831 1684 2902 docendi
1707 2847 1758 2904 est
1777 2855 1983 2921 commune,
2009 2830 2173 2908 Christus
2186 2861 2251 2906 non

246 3003 253 3013 .
341 2934 408 3035 qui
423 2955 496 3005 non
513 2923 697 3011 viderunt,
724 2933 756 2994 ⁶2
773 2915 934 2994 trtdldtf
935 2929 1012 2996 1¹⁰1·
1275 2947 1413 3006 tantum
1428 2932 1631 3016 estDoctor,
1654 2935 1714 3004 sed
1730 2935 1857 3005 missus
1871 2934 1939 3006 tuit
1952 2951 1991 3007 ut
2007 2937 2106 3008 fieret
2122 2939 2250 3010 victima

179 3126 184 3144 ,
292 3051 424 3128 Multa
450 3042 596 3147 quidem
614 3038 730 3140 igitur
747 3035 1106 3140 etaliosignusecit
1124 3035 1230 3110 Iesus
1275 3061 1341 3130 pro
1368 3031 1526 3106 humano
1549 3033 1696 3124 genere,
1731 3050 1765 3106 et
1788 3048 1839 3105 est
1860 3037 2037 3108 mediator
2059 3062 2121 3110 scu
2143 3040 2252 3132 propi-

344 3154 384 3225 in
417 3156 605 3248 conspectu
635 3138 901 3242 discipulorum
930 3165 1101 3226 suorum,
1136 3163 1230 3240 quoe
1276 3139 1407 3224 tiator,
1430 3153 1464 3210 et
1484 3161 1547 3208 sua
1565 3137 1721 3228 potentia
1737 3137 1856 3207 reddit
1870 3138 1978 3208 vitam
1996 3152 2189 3226 aeternam,
2211 3141 2253 3208 si-

344 3262 519 3327 nonsunt
536 3248 673 3347 scripta
692 3245 731 3316 in
748 3239 817 3315 ltoc
835 3242 941 3319 libro.
992 3239 1094 3312 Haec
1109 3251 1230 3313 autem
1277 3254 1338 3312 cut
1357 3241 1475 3332 inquit
1495 3234 1620 3313 lohan.
1637 3235 1691 3311 5.:
1718 3236 1817 3309 Sicut
1837 3251 1938 3329 pater
1957 3240 2084 3330 excitat
2107 3258 2253 3313 mortuos

340 3357 479 3450 scripto
508 3359 614 3440 suut,
651 3357 690 3419 ut
721 3341 896 3432 credatis,
930 3347 1021 3445 quia
1045 3342 1149 3416 Iesus
1180 3351 1231 3414 cst
1278 3357 1313 3412 et
1339 3341 1511 3440 vivificat,
1544 3341 1594 3410 sic
1620 3354 1655 3410 et
1683 3339 1817 3426 Filius,
1848 3365 1938 3434 quoa
1969 3344 2066 3430 vult,
2101 3345 2253 3414 viviticat.

342 3452 518 3532 Christus
536 3447 665 3526 Filius
683 3447 777 3534 Dei,
804 3457 836 3518 et
862 3455 901 3519 ut
922 3440 1100 3519 credentes
1118 3445 1230 3518 uitam
1278 3443 1347 3515 Sed
1370 3437 1535 3533 Apostoli
1562 3455 1700 3513 tantum
1724 3440 1979 3513 circumferunt
1999 3460 2122 3516 uocem
2144 3445 2253 3516 Evan-

343 3555 516 3632 ltah'eotis
533 3554 572 3626 in
589 3550 735 3624 nomine
751 3548 838 3623 eius.
1279 3545 1380 3636 gelii,
1408 3558 1442 3614 et
1465 3557 1548 3614 sunt
1570 3558 1674 3616 testes
1694 3546 1739 3614 de
1760 3538 1918 3617 exhibito
1934 3543 2088 3633 Messio,
2110 3562 2143 3620 et
2162 3571 2252 3619 enar·

1279 3661 1360 3718 rant
1381 3645 1549 3716 beneficia
1570 3646 1658 3719 eius.
1710 3645 1749 3716 ld
1772 3645 1928 3715 officium
1947 3641 2005 3717 hic
2020 3649 2073 3718 eis
2087 3673 2255 3722 commen-

1280 3751 1357 3829 dat,
1385 3769 1514 3842 eosque
1539 3745 1706 3816 admonet
1728 3769 1797 3841 qua
1819 3749 2008 3820 autoritate
2032 3751 2255 3832 commendet,

1280 3850 1447 3920 videlicet
1466 3849 1599 3918 aeterni
1618 3849 1745 3940 patris,
1781 3861 1816 3918 et
1839 3871 1911 3928 sua.
1971 3848 2073 3924 Sicut
2093 3853 2255 3924 misitne

1281 3966 1398 4044 pater,
1423 3951 1472 4021 sic
1494 3951 1598 4020 mitto
1623 3973 1695 4018 vos.
1745 3945 1794 4020 Et
1813 3949 1931 4020 statim
1955 3953 2101 4026 additur
2115 3953 2256 4046 Spiritus

1280 4066 1433 4136 sanctus,
1457 4065 1492 4121 et
1507 4052 1718 4121 nominatim
1734 4051 1945 4141 exprimitur
1960 4052 2174 4148 quid'atturi
2185 4055 2256 4136 sint,

1280 4169 1320 4225 ut
1335 4153 1422 4226 Luc.
1445 4153 1572 4222 ultimo
1587 4153 1734 4224 dicitur:
1759 4151 1811 4222 lte
1828 4154 2065 4244 praedicaturi
2081 4159 2256 4251 poeniten-

1280 4257 1364 4327 tiam
1380 4256 1418 4324 in
1436 4255 1581 4325 nomine
1596 4279 1696 4341 meo,
1723 4268 1757 4326 et
1775 4255 2019 4327 remissionem
2034 4274 2256 4351 peccaturum.

397 3714 425 3788 l.
478 3715 535 3783 De
551 3705 775 3781 testimoniis.

395 3817 443 3886 ll.
494 3813 621 3884 Missio
635 3807 910 3900 Apostolorum,
936 3817 971 3876 et
985 3802 1132 3873 donatio
1147 3799 1232 3892 Spi-

423 3907 426 3916 ⁴
447 3916 538 3986 ritus
554 3912 677 3983 sancti.
707 3935 710 3944 ·

397 4017 464 4091 ltl.
514 3995 1231 4095 Mandatumderemissionepecca'toruro

448 4134 481 4190 et
498 4139 635 4188 summa
654 4109 854 4201 Evangelii.

396 4215 481 4292 llll.
531 4199 1232 4289 DuotestimoniadedivinitateChristi.

311 4399 319 4412 ,
400 4321 445 4392 V.
480 4316 713 4392 Confirmatio
728 4304 1234 4396 credentiumrociEvangelii

450 4425 494 4493 de
509 4421 617 4492 rebus
632 4439 719 4512 quas
732 4415 827 4486 oculi
843 4434 916 4481 non
933 4422 1200 4497 conspexerunt.
1382 4407 1541 4480 Primum
1566 4422 1683 4479 autem
1709 4403 1768 4477 hic
1788 4407 1983 4494 discamus,
2010 4413 2193 4484 autoritate
2208 4409 2256 4480 di-

1282 4511 1364 4580 vina
1389 4511 1592 4582 institutum
1614 4534 1688 4580 esse
1710 4510 1947 4580 ministerium
1972 4508 2177 4604 Evangelii,
2208 4511 2258 4581 id-

613 4645 616 4652 ·
639 4619 687 4671 ⁰⁸
717 4614 835 4682 lm·
1283 4635 1351 4705 que
1374 4613 1493 4681 efficax
1509 4635 1600 4696 esse,
1625 4625 1660 4682 et
1672 4612 1840 4684 salutare.
1881 4611 1972 4682 Nam
1990 4615 2070 4683 ideo
2087 4617 2183 4686 dicit:
2207 4611 2259 4684 Si-

345 4723 556 4822 Saepehoc
586 4724 801 4794 dictumest
831 4709 1232 4784 inhiscunciuncnlis.
1282 4725 1341 4782 cut
1370 4736 1426 4781 me
1456 4711 1554 4781 misit
1582 4725 1691 4806 pater.
1757 4711 1906 4783 Habetis
1937 4716 2142 4787 mandatum
2173 4716 2258 4785 idem

244 4835 323 4910 Etsi
350 4857 407 4905 res
430 4843 546 4923 gestae
568 4821 764 4895 Alexandri
789 4831 849 4888 aut
873 4817 924 4886 c.'
940 4811 1100 4884 Caesaris
1122 4813 1234 4901 magis
1282 4808 1468 4901 Evangelii
1492 4814 1661 4896 docendi,
1684 4814 1792 4906 idque
1807 4811 1874 4881 erit
1891 4805 2007 4884 ratum
2024 4817 2122 4902 Deo,
2145 4817 2259 4890 otesfi.

244 4941 435 5010 incurruut
454 4935 493 5003 iu
516 4928 656 5011 oculos,
682 4937 716 5000 et
738 4918 872 4991 habent
893 4915 1119 4987 celebratiora
1136 4914 1234 4982 testi·
1282 4939 1362 4997 cax,
1391 4915 1481 4984 sieut
1503 4913 1637 4988 Paulus
1657 4913 1789 5006 inquit:
1811 4908 2047 5004 Evangelium
2068 4933 2120 4989 est
2143 4931 2259 5010 poten·

244 5041 385 5124 monia,
408 5052 527 5109 tamen
549 5028 732 5100 sciendum
757 5034 809 5093 est
831 5033 867 5090 et
888 5016 1079 5090 Ecclesiam
1102 5009 1234 5083 habere
1281 5014 1329 5084 tia
1347 5013 1414 5084 Dei
1434 5015 1478 5084 ad
1504 5014 1651 5085 salutem
1675 5012 1774 5082 omni
1797 5015 1965 5102 credenti.
2018 5017 2140 5108 Cogita
2160 5019 2259 5108 igitur

245 5156 338 5214 certa
356 5136 576 5224 testimonia,
602 5131 649 5200 de·
663 5126 845 5194 voluntate
856 5120 941 5197 Dei,
966 5131 1000 5187 et
1016 5118 1061 5185 de
1076 5109 1233 5197 exhibito
1282 5131 1454 5208 quantum
1477 5110 1535 5185 hic
1557 5138 1687 5186 munus
1711 5113 1878 5184 universo
1894 5120 2012 5200 generi
2030 5116 2184 5190 humano
2200 5121 2258 5187 do-

244 5243 338 5316 Filio
355 5239 441 5322 Dei,
469 5260 559 5332 quae
576 5231 764 5321 diligenter
779 5221 978 5313 colligenda
993 5231 1077 5288 sunt
1093 5216 1234 5296 animis,
1282 5230 1361 5299 net,
1393 5241 1473 5286 cum
1497 5217 1607 5286 mittit
1628 5213 1816 5303 Evangelii
1840 5218 2039 5306 ministros,
2065 5237 2099 5292 et
2123 5222 2260 5314 pollice·

244 5363 284 5420 ut
306 5345 410 5416 fidem
430 5339 662 5415 confirment,
689 5313 1235 5402 ntderesurrectioneexlribita
1282 5333 1341 5390 tur
1364 5316 1477 5389 Deum
1500 5314 1695 5408 Evangelio
1719 5319 1924 5389 adiuturum
1948 5345 2038 5408 esse,
2073 5325 2159 5394 sicut
2182 5317 2258 5390 haec
