4580 5814
208 113 310 198 415,
439 97 441 106 ’
752 117 757 126 ·
825 107 952 187 rata
978 105 1096 186 uun
1119 108 1330 188 scauri
1354 107 1656 190 uxrourrca.
1770 163 1776 170 -
2166 125 2223 200 aa

240 313 318 364 ¹⁰⁰⁸
332 289 477 362 ffflclm·
530 283 610 358 1¹⁰⁶
626 285 734 357 “¹⁰⁶⁰
750 285 851 358 D⁸1¹⁸
865 287 1034 360 ‘mnibus
1056 289 1227 384 tempori·
1278 291 1440 390 rapinas,
1466 307 1502 366 et
1516 295 1664 389 aucupia
1682 297 1851 388 pecuniae
1874 304 2088 394 quaerendae
2108 306 2225 397 iniusta,

238 397 307 470 bus
330 392 466 485 colligit
474 431 495 477 ,-
527 388 701 481 excerpit,
737 403 913 489 asservat
935 391 1079 486 aliquod
1105 416 1226 476 semen
1278 408 1343 466 ete.
1375 393 1616 468 Veruntamen
1630 411 1710 490 post
1724 395 1938 478 bancvitam
1953 403 2017 476 erit
2031 409 2226 500 conspicuum

238 510 418 581 sanctum,
443 503 631 564 etcoetum
645 491 799 585 aliquem
815 492 997 582 exiguum:
1023 493 1082 566 cui
1097 509 1138 568 ut
1152 518 1227 566 ser·
1277 497 1486 582 discrimen,
1527 511 1562 569 et
1590 499 1741 590 insignis
1767 504 1928 580 mutatio.
1994 503 2092 578 Tunc
2111 513 2226 584 demun

239 601 375 679 viatur,
402 608 542 688 oportet
562 592 744 664 ministros
758 588 946 688 Evangelii
967 620 1042 667 non
1065 600 1226 668 deserere
1278 598 1420 692 utrique
1435 599 1625 672 discentia
1645 604 1797 680 aeternis
1818 605 2030 678 cruciatibus
2050 623 2144 705 atque
2164 635 2228 708 sup.

240 702 482 783 vocatiouem,
515 698 576 766 sed
591 693 631 764 in
645 693 762 767 officio
777 717 912 791 suaque
927 699 1131 785 functione,
1164 724 1226 769 ve-
1278 701 1412 794 plieiis,
1439 716 1474 774 et
1490 725 1563 772 esse
1579 700 1715 790 Deum,
1738 718 1774 776 et
1787 730 1870 778 vere
1888 708 2040 780 iudicem
2054 735 2122 784 esse
2134 709 2229 786 honi.

239 804 296 878 lut
316 802 356 872 in
379 799 554 894 praesidio
573 819 614 867 ac
636 796 788 868 statione
807 823 967 887 manere,
999 801 1227 896 quantumvis
1278 803 1400 874 biliter
1414 803 1622 877 irascentem
1638 820 1792 898 peccato.
1846 808 1952 882 Tune
1966 829 2126 902 cogentur
2143 839 2229 906 agno.

238 907 368 978 frcmat
388 902 526 996 reliqua
548 899 742 972 multitudo
767 901 915 992 profana
938 926 1066 974 canum
1088 919 1122 976 et
1144 927 1227 996 por·
1278 929 1375 976 scere
1408 929 1449 978 ac
1479 907 1603 994 fateri,
1642 930 1697 998 se,
1744 911 1950 1006 priusquam
1979 916 2231 1009 opprimerentur

238 1031 374 1081 corum.
423 1003 538 1075 Porro
553 1026 594 1072 ex
610 1001 833 1074 auditoribus
845 1003 981 1096 singuli
998 1027 1115 1078 secum
1137 1007 1227 1076 deli·
1278 1021 1413 1095 morte,
1438 1007 1629 1080 bestialiter
1647 1011 1774 1082 vixisse
1789 1037 1917 1084 canum
1933 1028 1967 1087 et
1981 1039 2159 1108 porcorum
2170 1045 2229 1092 mo.

167 1190 170 1198 ,
238 1113 365 1182 berent
379 1121 486 1202 atque
503 1104 731 1185 constituant,
753 1129 825 1198 quo
838 1105 876 1175 in
893 1129 1019 1198 genere
1034 1131 1098 1179 seu
1113 1119 1229 1194 coetu,
1279 1133 1334 1180 re:
1360 1110 1537 1197 sediliis,
1562 1111 1726 1185 videlicet
1745 1113 1839 1186 inter
1860 1117 2035 1190 eruciatus
2054 1120 2231 1203 inferorum,

239 1227 274 1286 et
288 1210 408 1307 quales
426 1207 539 1280 velint
553 1229 643 1290 esse,
667 1220 789 1278 utrum
805 1207 900 1280 inter
921 1233 1024 1280 canes
1046 1225 1080 1283 et
1100 1232 1228 1302 porcos
1279 1235 1354 1281 non
1380 1226 1431 1284 est
1457 1212 1555 1283 locus
1582 1213 1707 1284 auxilii
1735 1217 1791 1286 vel
1820 1239 1898 1309 spes
1931 1219 2004 1289 ulla
2032 1220 2232 1308 liberationis,

238 1312 441 1396 numerari,
482 1334 528 1379 an
550 1310 595 1379 ad
619 1306 686 1379 Dei
706 1308 799 1379 filios
820 1323 853 1380 et
878 1305 1045 1382 haeredes
1067 1327 1228 1384 aeternae
1279 1314 1387 1400 adeo,
1412 1315 1581 1386 utmulto
1597 1315 1818 1388 tolerabilius
1834 1319 1997 1390 videatur
2013 1323 2093 1414 ipsis
2112 1326 2231 1394 damna-

112 1458 118 1468 ·
239 1419 332 1490 vitae
347 1438 384 1484 se
406 1413 532 1482 malint
553 1411 757 1499 adiungere.
817 1407 877 1481 Ab
902 1428 1033 1507 quanta
1054 1428 1088 1484 et
1112 1439 1227 1508 quan·
1280 1415 1346 1500 tis,
1369 1416 1542 1510 longeque
1559 1417 1703 1504 malint,
1725 1418 1755 1490 si
1770 1419 1847 1490 fieri
1863 1423 1992 1512 possit,
2016 1448 2052 1493 se
2067 1448 2193 1515 prorsus
2205 1429 2231 1496 in

239 1534 361 1612 topere
376 1514 593 1608 deploranda
611 1512 752 1582 miseria
767 1526 830 1597 est,
854 1517 949 1608 quod
963 1515 1002 1585 in
1016 1539 1144 1605 genere
1158 1511 1228 1586 hu·
1280 1513 1435 1588 nihilum
1451 1518 1580 1608 redigi,
1605 1532 1639 1590 et
1655 1533 1780 1620 optent
1804 1523 1843 1591 in
1867 1523 1985 1594 fumos
2005 1525 2158 1617 dissipari
2175 1531 2232 1598 ani-

238 1644 347 1692 mano
369 1631 420 1690 tot
447 1629 662 1709 praestantes
684 1614 873 1703 dignitate,
898 1617 1086 1706 gravitate,
1111 1618 1229 1689 consi·
1280 1643 1355 1690 mas
1370 1620 1587 1691 intereuntes
1601 1644 1673 1691 una
1689 1646 1767 1692 cum
1784 1626 2011 1716 corporibus,
2037 1632 2231 1720 quemadmo-

239 1725 310 1809 lio,
358 1721 528 1812 sapientia
560 1716 814 1807 Imperatores,
855 1717 990 1811 Reges,
1034 1719 1229 1812 Principes,
1280 1722 1367 1790 dum
1385 1744 1499 1810 canes,
1524 1745 1660 1814 porcos,
1686 1713 1722 1795 et
1734 1728 1885 1815 pecudes
1903 1727 2091 1818 exstingui,
2114 1745 2144 1800 et
2158 1757 2230 1802 eom-

239 1823 447 1909 Pontifices,
480 1819 708 1900 cardinales,
742 1813 929 1912 Episcopi,
962 1819 1134 1908 Praelati,
1160 1818 1230 1892 Ca·
1282 1835 1480 1915 putrescere
1496 1823 1675 1910 videmus,
1702 1829 1761 1896 sed
1777 1823 2094 1900 Deuscoiirceteos
2109 1835 2231 1902 aeternis

241 1925 377 2000 nonici.
455 1921 544 1994 Item
566 1919 705 1992 nobiles
730 1932 764 1990 et
787 1922 979 2012 ignobiles,
1025 1923 1165 2015 patricii
1189 1937 1229 2014 ,et
1281 1937 1315 1994 et
1344 1921 1532 1996 horrendis
1560 1929 1684 2018 poenis
1714 1928 1868 1999 abiectos
1894 1955 1966 2000 una
1998 1956 2076 2002 cum
2099 1935 2231 2013 diabolis,

241 2029 390 2122 plebeii,
417 2025 548 2097 eruditi
563 2035 598 2093 et
614 2022 794 2108 illiterati,
819 2025 969 2096 maxima
992 2048 1034 2095 ex
1059 2040 1158 2118 parte
1172 2051 1229 2096 re·
1282 2049 1363 2096 cum
1379 2027 1511 2120 quibus
1524 2049 1561 2098 se
1576 2029 1850 2117 coniunxerunt,
1872 2045 1906 2102 et
1919 2031 2155 2106 contraDeum
2168 2061 2231 2106 con·
2266 2011 2267 2085 Ῐ

233 2155 323 2204 ,νοτε
349 2141 432 2200 sunt
455 2147 559 2198 canes
581 2136 616 2196 et
640 2125 758 2214 porci,
784 2149 826 2196 eo
842 2128 940 2218 ipso,
965 2130 1062 2220 quod
1079 2129 1228 2198 verbum
1281 2128 1472 2220 spirarunt.
2266 2195 2267 2222 ,

239 2231 309 2306 Dei
339 2243 590 2310 contemnunt,
631 2240 666 2296 et
697 2241 975 2320 persequuntur,
1015 2253 1055 2300 ac
1083 2231 1228 2300 interim
1383 2227 1482 2301 Haec
1513 2233 1633 2302 omnia
1664 2234 1800 2305 debetis
1829 2235 1949 2306 animo
1985 2251 2020 2308 et
2055 2240 2231 2330 cogitatione
2266 2233 2267 2282 t

241 2335 360 2408 studio
376 2332 617 2422 voluptatum,
643 2328 858 2416 ambitione,
882 2332 996 2414 fastu,
1022 2344 1056 2401 et
1073 2344 1229 2403 ostenta·
1282 2333 1487 2425 complecti,
1510 2335 1752 2429 memoriaque
1769 2336 1922 2408 subinde
1945 2353 2117 2431 repetere,
2139 2355 2174 2412 ut
2188 2363 2232 2408 ve·

240 2439 340 2510 tione
356 2430 633 2524 magnificentiae
646 2441 757 2500 ruunt
779 2446 901 2506 contra
917 2432 1077 2504 divinam
1100 2433 1230 2505 volun·
1281 2447 1373 2505 strae
1401 2448 1535 2507 mentes
1559 2437 1787 2534 exsuscitatae
1808 2431 2006 2510 ad'seriam
2030 2445 2231 2533 precationem

243 2552 363 2612 tatem.
1282 2534 1375 2608 veris
1392 2537 1579 2626 gemitibus
1595 2553 1715 2629 petant
1731 2563 1800 2609 sea
1819 2538 1896 2611 Deo
1912 2557 2060 2636 propter
2072 2541 2232 2614 Dominum

345 2637 459 2711 Canes
476 2650 510 2708 et
530 2639 650 2730 porci,
675 2638 808 2712 bestiae
828 2652 912 2711 suut
932 2638 1074 2731 ignarae
1088 2634 1174 2725 Dei,
1196 2649 1231 2708 et
1282 2650 1441 2709 nostrum
1458 2636 1572 2710 lesum
1591 2635 1772 2714 Christum
1788 2640 1926 2734 Spiritu
1942 2659 2065 2717 sancto
2086 2645 2234 2726 illustrari,

240 2743 433 2838 promissae
452 2742 745 2829 immortalitatis,
770 2763 833 2814 seu
848 2754 1030 2812 secuturae
1043 2742 1136 2812 vitae
1152 2752 1231 2832 post
1282 2740 1421 2826 doceri,
1446 2741 1542 2832 regi,
1567 2743 1788 2828 confirmari,
1812 2768 1858 2815 ne
1875 2745 1966 2816 batis
1988 2771 2090 2818 canes
2109 2763 2139 2818 et
2152 2747 2234 2838 porci,

243 2868 432 2939 corporum
447 2843 651 2931 interitum,
675 2868 740 2915 nec
756 2843 861 2915 insita
878 2857 930 2915 est
945 2843 996 2914 eis
1017 2844 1080 2914 lux
1096 2843 1229 2913 discer·
1283 2844 1343 2912 sed
1359 2855 1400 2914 ut
1415 2842 1556 2915 discatis
1578 2867 1766 2934 agnoscere
1779 2841 1914 2931 Deum,
1946 2863 1989 2919 ut
2004 2873 2084 2920 vera
2098 2851 2152 2920 lux
2165 2847 2234 2930 fidei,

242 2971 331 3022 nens
347 2943 495 3017 honesta
510 2959 545 3016 et
559 2948 697 3038 turpia,
723 2948 808 3018 item
824 2947 1045 3037 distinguens
1068 2958 1229 3017 naturam
1282 2943 1431 3014 firmiter
1454 2958 1609 3018 statuens
1641 2948 1685 3018 de
1714 2948 1999 3038 immortalitate,
2041 2955 2084 3022 de
2104 2964 2233 3020 secuturo

154 3089 157 3102 ·
242 3049 437 3142 sapientem
453 3061 488 3119 et
505 3048 637 3118 bonam
658 3050 803 3120 abruta
824 3061 860 3120 et
881 3049 972 3124 mala
998 3061 1143 3131 natura,
1169 3049 1230 3117 sed
1283 3046 1415 3117 iudicio
1429 3045 1515 3132 Dei,
1548 3049 1686 3120 devita
1711 3063 1744 3119 et
1771 3051 1884 3122 salute
1906 3065 2049 3123 aeterna
2074 3056 2234 3130 beatorum,

242 3154 372 3222 vivunt
395 3166 429 3221 et
448 3150 736 3238 seruntnrgeoeco
757 3152 893 3242 impetu
918 3151 1093 3243 quodam,
1125 3143 1232 3241 prout
1282 3147 1415 3240 fulgeat
1431 3147 1469 3218 in
1488 3151 1656 3221 cordibus
1673 3150 1815 3224 vestris:
1843 3153 1927 3224 item
1943 3168 1986 3225 ut
2008 3154 2194 3246 intelligatis
2211 3167 2234 3220 et

242 3255 437 3326 incitantur
451 3265 512 3324 aut
530 3251 763 3346 impelluntur
777 3252 1055 3345 appetitionibus
1074 3251 1232 3321 iudomi-
1284 3250 1323 3320 in
1346 3251 1446 3320 omni
1472 3253 1542 3324 vita
1564 3253 1765 3340 retineatis,
1802 3279 1843 3326 ac
1866 3257 2060 3328 observetis
2080 3257 2235 3328 discrimen

242 3357 291 3428 tis
317 3369 352 3425 et
377 3354 604 3439 bestialibus,
643 3379 733 3450 quae
750 3355 978 3427 comitantur
1008 3375 1230 3426 consensum.
1283 3347 1514 3425 honestorum
1533 3368 1568 3426 et
1584 3354 1755 3447 turpium,
1778 3377 1839 3426 seu
1855 3357 2029 3428 virtutum
2044 3373 2141 3454 atque
2155 3357 2234 3426 vitio·
2265 3391 2266 3401 ¹

242 3458 383 3530 Horum
401 3458 505 3547 plane
519 3457 652 3528 similes
666 3457 769 3550 impii
784 3470 868 3529 sunt
888 3457 926 3526 in
946 3452 1011 3527 bac
1031 3457 1124 3537 vita,
1150 3479 1249 3524 cum.
1283 3478 1383 3525 rum:
1419 3479 1460 3525 ac
1484 3457 1523 3524 in
1548 3479 1707 3538 summa,
1739 3471 1780 3529 ut
1805 3458 1882 3528 sitis
1905 3457 1971 3528 filii
1995 3474 2030 3531 et
2053 3461 2171 3553 templa
2191 3479 2235 3526 sen

245 3559 340 3630 nihil
361 3561 525 3629 studeant
546 3573 607 3630 aut
634 3573 759 3631 curent
782 3559 916 3630 discere
938 3581 999 3628 seu
1021 3579 1233 3648 cognoscere
1284 3555 1463 3629 domicilia
1480 3555 1565 3644 Dei,
1597 3581 1663 3628 nec
1685 3558 1812 3630 abiecti
1829 3561 1868 3629 in
1885 3563 2112 3654 sempiternas
2133 3581 2235 3656 poenas
2265 3581 2266 3636 t

245 3658 400 3746 deDeo,
427 3661 564 3731 devita
587 3675 747 3746 aeterna,
771 3662 816 3731 de
836 3673 987 3731 venturo
1011 3661 1162 3744 iudicio,
1188 3661 1233 3729 de
1284 3659 1537 3753 opprimamini
1560 3659 1790 3742 cruciatibus,
1820 3663 2033 3754 pavoribus,
2066 3678 2235 3736 consterna
2265 3685 2266 3740 t

244 3764 369 3859 poenis
384 3776 619 3854 peccatorum,
644 3749 805 3834 cum'nec
819 3761 1018 3851 intelligant
1031 3785 1097 3832 nec
1111 3763 1233 3832 obser·
1284 3761 1443 3832 tionibus
1455 3773 1560 3853 atque
1569 3763 1839 3833 confusionibus
1849 3763 1963 3834 animi
1972 3760 2164 3849 horrendis,
2176 3785 2234 3854 per·

244 3880 330 3939 vent
344 3867 534 3936 discrimen
551 3860 783 3938 honestorum
799 3875 833 3936 et
847 3863 1025 3956 turpium,
1058 3863 1232 3935 virtutum
1284 3863 1401 3958 petuis
1416 3876 1452 3935 et
1464 3863 1624 3938 infinitis.
1648 3860 1821 3956 ¹Profecto
1837 3865 1968 3962 singuli
1985 3862 2142 3940 homines
2154 3866 2235 3936 debe-
2265 3873 2266 3904 ¹

246 3994 287 4042 ac
310 3968 501 4052 vitiorum,
543 3981 635 4040 recte
657 3991 698 4040 ac
719 3990 818 4039 secus
841 3967 1035 4051 factorum,
1066 3987 1147 4036 cum
1168 3988 1232 4036 nec
1284 3964 1374 4036 bant
1396 3959 1640 4038 cohorrescere
1663 3965 1745 4038 totis
1768 3969 1990 4060 pectoribus,
2027 3995 2068 4042 ae
2084 3995 2157 4041 vere
2176 3989 2235 4059 pet-

244 4074 411 4142 inv'oeent
424 4069 563 4162 Deum,
595 4095 660 4141 nec
679 4069 768 4141 iram
794 4069 870 4139 eius
891 4079 1069 4153 metuant,
1101 4091 1167 4137 nec
1187 4069 1232 4136 ad
1284 4067 1473 4151 terreberi,
1498 4066 1619 4142 audita
1634 4062 1701 4138 hac
1715 4092 1800 4139 voce
1812 4070 1955 4142 divinae
1967 4073 2165 4156 maiestatis,
2185 4091 2234 4162 qua

246 4197 326 4243 cum
341 4173 562 4262 confugiant,
587 4175 647 4244 sed
667 4196 771 4248 coeco
791 4171 926 4263 impetu
947 4181 1095 4261 pergant
1116 4171 1233 4240 laxare
1284 4164 1451 4240 homines
1471 4168 1572 4260 impii
1597 4169 1744 4240 canibus
1767 4183 1801 4241 et
1822 4173 1937 4263 porcis
1960 4175 2195 4244 assimulantur
2213 4181 2235 4236 et

245 4276 366 4344 frenos
381 4289 415 4345 et
429 4275 614 4365 indulgere
637 4273 851 4345 inordinatis
874 4271 1172 4367 appetitionibus,
1199 4285 1235 4343 et
1285 4272 1528 4346 conferuntur.
1579 4269 1655 4342 Nos
1668 4297 1752 4344 vero
1769 4274 1960 4346 excitemur
1970 4291 2009 4358 et
2025 4277 2192 4347 flectamur
2205 4273 2234 4339 ad

244 4375 388 4447 furiosis
403 4378 656 4467 cupiditatibus
676 4375 906 4466 evagantibus
924 4387 1020 4445 extra
1045 4377 1154 4444 metas
1176 4373 1234 4443 di·
1286 4373 1541 4466 poenitentiam
1562 4386 1668 4468 atque
1691 4375 1879 4449 salutarem
1903 4379 2174 4450 emendationem
2194 4396 2235 4442 co-

246 4477 381 4548 vinitas
397 4481 614 4552 constitutas.
653 4475 720 4564 Ut,
746 4476 888 4571 tyranni
906 4476 1125 4546 delectantur
1141 4475 1234 4546 fastu
1285 4476 1454 4566 gitatione
1472 4469 1579 4547 huius
1599 4477 1756 4570 picturae
1780 4495 1842 4548 seu
1861 4475 2235 4570 parabolaesaneterri·

247 4591 281 4654 et
299 4580 533 4651 ostentatione
551 4584 588 4652 in
607 4580 759 4676 pompis,
777 4601 837 4649 seu
854 4578 1084 4670 apparatibus
1095 4577 1233 4666 magni·
1284 4577 1386 4662 bilis,
1412 4601 1458 4648 ne
1474 4590 1507 4649 et
1522 4577 1591 4669 ipsi
1610 4601 1815 4650 maneamus
1836 4581 1937 4672 porci
1954 4596 1988 4655 et
2012 4605 2130 4668 canes,
2152 4599 2235 4649 rnen·

246 4684 338 4769 ficis,
364 4684 594 4756 exardescunt
610 4700 645 4756 et
661 4685 930 4754 inflammantur
946 4680 1138 4768 cupiditate
1153 4680 1233 4748 vin-
1285 4694 1337 4751 tes
1359 4679 1397 4749 in
1421 4693 1602 4751 aeternnm
1626 4681 1783 4752 exitium.
1844 4678 1934 4753 Nam
1961 4685 2118 4779 quisquis
2139 4683 2171 4751 in
2190 4675 2235 4747 hat

247 4787 379 4871 dictae,
422 4809 490 4879 qua
513 4789 649 4859 accensi
668 4797 815 4857 movent
839 4783 1006 4853 acerrima
1032 4782 1235 4867 certamina,
1287 4781 1429 4852 mortali
1454 4781 1525 4852 vita
1547 4798 1745 4875 perseverat
1767 4784 1805 4852 in
1827 4799 2009 4858 contemtu
2025 4787 2080 4857 vel
2101 4775 2235 4856 odiollci

246 4902 282 4958 et
297 4887 476 4958 morsibus
491 4903 660 4980 appetunt
673 4888 763 4959 alios
777 4901 945 4978 tanquam
966 4883 1099 4956 rabiosi
1121 4907 1235 4954 canes.
1285 4883 1342 4974 (ut
1371 4908 1451 4954 cum
1480 4884 1593 4955 securi
1627 4878 1812 4956 helluones
1842 4889 2091 4979 superbissime
2114 4893 2235 4979 pergunt

246 4985 385 5060 Caeteri
409 4985 570 5060 homines
593 4990 753 5070 barbari,
778 4986 949 5070 belluini,
973 4983 1154 5080 Cyclopici
1172 5010 1232 5055 vo·
1286 4985 1466 5070 deridere,
1499 4999 1560 5057 aut
1581 4987 1815 5078 superstitiosi
1835 4991 1979 5082 tyranni
2003 5014 2076 5060 non
2100 4987 2235 5058 desinant

246 5091 407 5172 lntantur
422 5092 519 5163 velut
535 5094 573 5162 in
589 5094 663 5164 luto
680 5093 870 5176 scelerum,
896 5087 1083 5177 indulgent
1097 5081 1236 5156 bellua·
1286 5088 1445 5158 furenter
1458 5089 1572 5158 odisse
1582 5113 1622 5158 ac
1636 5089 1799 5183 persequi
1808 5087 2059 5186 Evangelinm)
2078 5087 2152 5160 huic
2165 5081 2235 5155 mul·

167 5281 172 5288 ·
246 5192 426 5276 tionibus,
451 5195 633 5281 ebrietati,
658 5193 776 5279 luxui,
805 5191 970 5284 polluunt
986 5187 1237 5260 seselibidini-
1286 5203 1323 5260 to
1346 5189 1519 5259 atrociora
1543 5205 1578 5261 et
1598 5191 1703 5279 longe
1725 5185 1957 5265 horribiliora
1984 5192 2143 5264 morienti
2165 5183 2233 5256 mala

248 5297 333 5381 bus,
368 5294 568 5384 adulteriis,
610 5295 901 5379 scortationibus,
943 5304 1105 5364 exercent
1128 5292 1236 5377 furta,
1286 5291 1476 5363 imminent
1492 5315 1596 5385 quam
1614 5292 1762 5365 canibus
1775 5307 1809 5367 et
1825 5297 1950 5387 porcis.
2001 5285 2232 5368 Pecudescnltss
