4590 5808
56 167 119 246 idi
274 165 358 274 llll.
414 161 818 252 ANNOTATlONssS'
837 161 906 242 nr
931 155 1212 240 cormettes
1227 157 1291 234 'lli
1313 155 1495 237 EVANG.
1524 129 1807 254 adstruant.
1973 189 2050 268 754

53 342 123 412 inde
143 353 403 432 oppugnatura
424 335 580 414 Diabolo
603 352 754 412 conante
782 339 860 432 pios
889 351 1009 412 ιοειιιε
1033 353 1040 382 ¹
1061 337 1248 428 vastandas
1273 329 1338 456 has
1359 329 1591 456 lleclesiolas,
1630 343 1671 418 io
1698 353 1828 444 quibus
1854 379 2048 452 pascuntur

52 438 122 512 hirc
136 443 312 533 caedibus,
338 443 440 514 illinc
458 457 630 514 sectarum
652 442 853 527 sororibus,
886 457 923 514 et
941 442 1011 510 im·
1051 438 1223 509 oviculae
1235 432 1389 524 Christi,
1414 462 1452 506 rn
1467 444 1600 534 quihus
1613 458 1653 518 tn
1673 464 1708 523 et
1730 459 1880 531 tenellus
1899 485 1982 554 grex
1999 463 2046 539 li·

52 545 116 635 piae
130 545 305 615 doctrinae
319 545 465 616 venenis
480 544 643 616 funditus
657 545 877 636 exstinguere
891 568 933 615 ac
946 545 1008 614 de-
1061 540 1228 612 berorum
1238 551 1380 611 tuorum
1391 556 1562 618 versatur.
1595 546 1666 619 Sed
1681 555 1795 630 adstat
1807 563 1910 636 nobis
1924 568 2044 658 opitu·
2094 613 2101 622 ·

51 647 122 716 lere:
160 659 277 716 tamen
299 642 355 716 his
378 646 522 740 quidem
545 641 782 739 temporibus,
820 649 910 717 adeo
931 659 1009 717 tur·
1060 643 1172 724 lator,
1205 655 1241 714 et
1263 655 1440 732 protector
1460 644 1555 716 filius
1570 648 1660 736 Dei,
1693 657 1893 736 clamitans:
1929 665 2044 744 Nemo

48 747 543 840 hulentisatquediihcillimis,
567 750 680 820 multo
694 749 867 821 tristiores
882 749 1008 818 eoniu-
1060 743 1173 834 rapiet
1188 767 1273 814 ores
1288 768 1383 816 meas
1397 769 1438 816 ex
1455 750 1618 822 manibus
1632 757 1731 832 meis.
1782 759 1960 860 Equidem
1977 774 2044 845 ob.

47 849 162 934 riores,
193 851 370 940 asperiora
392 850 603 938 certamina,
635 865 671 922 et
694 851 804 940 magis
828 843 1007 926 horrenda
1058 858 1168 918 testor
1184 868 1264 937 ros,
1296 860 1336 918 ut
1350 840 1418 966 hac
1439 849 1522 967 ipsa¹
1538 855 1780 932 consolatione
1801 871 1908 942 corda
1928 887 2042 946 vestra

45 952 180 1041 pericula
196 953 365 1022 videntur
380 952 595 1042 impendere.
645 949 704 1022 An
722 975 794 1022 non
811 953 906 1022 enim
928 975 1008 1022 cor·
1059 961 1092 1019 et
1109 948 1250 1038 erigatis
1263 971 1304 1018 ac
1319 963 1505 1032 muniatis,
1528 975 1569 1024 ac
1581 959 1783 1050 saepissime
1799 975 1968 1044 memoria
1986 1001 2043 1048 re·

47 1075 154 1142 pomm
178 1057 301 1124 caedes
323 1053 363 1122 in
387 1053 500 1124 oculis
519 1053 680 1124 omnium
702 1053 815 1124 liunt?
862 1051 1007 1124 Turcici
1058 1051 1202 1141 petatis,
1229 1062 1265 1120 et
1279 1061 1361 1120 ante
1375 1052 1498 1122 oculos
1514 1059 1654 1144 ponatis
1677 1056 1746 1134 hoc
1768 1067 1919 1144 dictum:
1952 1078 2043 1165 Imo,

45 1167 121 1232 certe
140 1154 294 1226 latrones
313 1155 479 1226 atrociter
492 1169 696 1245 grassantur
711 1157 749 1224 in
769 1151 942 1243 Ungaria:
969 1155 1006 1225 id
1058 1152 1196 1244 quoties
1226 1151 1421 1224 dormitum
1449 1154 1528 1247 itis,
1569 1163 1707 1252 quoties
1730 1189 1750 1236 e
1771 1169 1860 1243 lecto
1885 1179 2040 1276 surgitis,

45 1249 119 1346 proh
140 1257 243 1327 dolor
264 1257 387 1345 negari
412 1279 486 1326 nou
513 1269 661 1348 potest..
697 1255 770 1328 Nec
790 1257 1006 1327 somniemus
1056 1253 1195 1346 quoties
1208 1253 1405 1324 carissimos
1418 1253 1613 1330 infantulos
1624 1276 1777 1351 vestros,
1803 1288 1865 1346 aut
1877 1277 1916 1348 in
1931 1303 2041 1354 cunas

44 1357 187 1426 cladeset
210 1358 424 1430 vastationes
446 1358 484 1426 in
506 1357 622 1430 vicina
639 1355 823 1430 Pannonia
844 1351 936 1427 nihil
960 1359 1004 1428 ad
1057 1354 1193 1446 vesperi
1216 1355 1417 1447 deponitis,
1450 1371 1511 1476 aut
1542 1385 1647 1434 mane
1672 1389 1892 1462 experrectus
1913 1404 1955 1451 ex
1977 1384 2040 1454 iis-

44 1459 288 1548 nospertioere,
339 1457 430 1530 Nam
446 1459 552 1552 paulo
571 1473 667 1552 post,
694 1463 790 1552 quod
807 1457 903 1530 Dens
921 1483 1005 1549 pro·
1056 1458 1137 1527 dem
1151 1457 1371 1548 depromitis,
1396 1472 1543 1547 cogitate
1559 1477 1593 1534 et
1606 1467 1751 1544 recitate
1767 1469 1852 1548 haec
1864 1495 1925 1554 aut
1939 1485 2040 1556 simi.

43 1553 156 1644 hibeat,
181 1561 789 1651 longiusgrassanterabieTurcica
806 1555 1006 1652 barregio-
1056 1558 1104 1628 lia
1122 1560 1245 1630 verba:
1271 1554 1330 1628 Ah
1348 1557 1598 1637 Domineletu
1612 1564 1771 1660 Christe,
1806 1573 1865 1650 hic
1887 1588 2040 1658 tenellus
2149 1637 2160 1662 ι

43 1681 90 1728 aes
100 1662 268 1752 opinione
282 1663 442 1734 omnium
460 1662 608 1734 celerius
622 1676 656 1733 et
670 1661 861 1733 immanius
875 1663 1005 1736 vastari
1056 1659 1174 1732 infans
1188 1683 1250 1732 scu
1267 1661 1369 1752 pusio
1385 1660 1491 1734 etiam
1514 1679 1565 1738 est
1586 1671 1726 1744 ovicula
1746 1679 1791 1748 de
1816 1695 1878 1754 tuo
1901 1687 2039 1762 misello

43 1761 123 1830 lacile
140 1778 319 1860 poterunt.
386 1762 530 1836 Praeter
553 1764 590 1834 id
616 1765 832 1855 periculum,
865 1766 1004 1857 impen-
1056 1785 1176 1852 grege,
1201 1785 1265 1851 ego
1282 1776 1316 1834 et
1337 1763 1507 1836 familiola
1528 1791 1605 1840 mea
1627 1796 1748 1847 sumus
1770 1780 1808 1850 in
1832 1787 1902 1856 tuis
1925 1793 2040 1862 mani-

7 1891 8 1910 ι
42 1863 146 1934 densa
169 1864 413 1939 crudelissima
435 1879 538 1956 gente
558 1864 727 1950 ancica,
762 1865 916 1936 ditiones
937 1862 1003 1936 hae
1055 1865 1141 1948 bns,
1176 1878 1235 1935 tua
1260 1887 1368 1937 manu
1390 1866 1545 1940 subiecta
1570 1877 1813 1970 consistimus,
1847 1911 1912 1960 nec
1929 1885 2040 1964 hahe-

42 1964 180 2036 cirilihus
194 1967 321 2052 hellis,
348 1989 511 2037 annonae
526 1967 809 2049 difficultatibus,
834 1968 1003 2038 aliarum·
1056 1989 1133 2035 mus
1147 1966 1220 2036 ulla
1238 1979 1330 2038 certa
1346 1965 1501 2040 visibilia
1517 1984 1552 2042 et
1566 1967 1721 2050 humana
1738 1989 1930 2078 praesidia,
1956 1998 2040 2067 nul.

7 2061 8 2134 i
42 2089 93 2156 que
111 2067 331 2140 miseriarum
352 2069 446 2138 mole
464 2080 645 2159 tantopere
661 2069 844 2153 laborant,
871 2092 1002 2160 urgen—
1054 2067 1125 2136 lam
1151 2067 1287 2138 firmam
1313 2069 1577 2159 defensionem,
1616 2081 1677 2148 secl
1701 2095 1738 2152 tu
1761 2109 1827 2160 nos
1846 2093 2039 2169 clamanter

43 2180 85 2234 tur
102 2192 137 2238 ac
165 2185 397 2261 premuntur,
438 2184 479 2240 nt
502 2163 739 2241 Ecclesiarum
762 2169 944 2261 dissipatio
968 2184 1003 2241 et
1055 2169 1215 2258 protege,
1239 2183 1339 2240 tuere
1351 2191 1393 2240 se
1407 2194 1507 2269 rege,
1532 2175 1669 2266 depelle
1692 2205 1712 2252 a
1733 2189 1840 2260 nohis
1854 2189 2038 2286 Diaboloe,
2063 2195 2072 2204 '

42 2267 196 2342 barbarica
211 2273 357 2343 vastitas
373 2273 566 2346 admodum
582 2273 770 2344 metuenda
783 2266 839 2342 sit.
891 2265 1000 2342 Acce·
1054 2267 1209 2361 Τιιιεεε,
1235 2266 1386 2362 Papam,
1408 2269 1675 2368 Anahaptistas,
1701 2297 1903 2366 etcaetaroe
1918 2292 2036 2372 hoste·

7 2389 8 2462 3
42 2371 109 2442 dunt
132 2397 293 2443 errorum
319 2375 478 2468 contagia
501 2372 732 2464 multiplicia,
765 2389 799 2446 et
820 2374 1002 2446 doctrinae
1053 2385 1132 2444 tuos
1154 2386 1350 2461 grassantes
1371 2376 1567 2448 mendaciis
1588 2394 1621 2452 et
1646 2379 1858 2468 homicidiis.
1908 2399 2037 2474 Amore

7 2463 8 2550 ι
41 2473 171 2545 coelestis
189 2477 429 2568 corruptelae,
454 2487 495 2545 ut
517 2473 825 2560 insidiosissimae,
851 2476 899 2547 ita
921 2500 1000 2568 per·
1053 2487 1091 2543 tu
1110 2473 1258 2562 gloriam
1274 2475 1389 2544 divini
1411 2479 1567 2550 nominis
1591 2485 1662 2570 tni,
1693 2498 1963 2588 aecepermitte,
1997 2522 2038 2578 ut

7 2553 8 2628 i
41 2573 286 2646 niciosissimae:
312 2601 403 2671 quae
422 2575 552 2670 passim
575 2589 788 2668 sparguntur
811 2573 867 2647 his
888 2578 1001 2648 mori·
1052 2571 1169 2646 hostes
1185 2572 1379 2667 blasphemi
1394 2592 1428 2648 et
1441 2579 1602 2653 sitientes
1614 2592 1750 2664 cruoris
1762 2595 1926 2672 funditus
1936 2625 2037 2676 ever,

40 2673 88 2744 bus
107 2691 205 2772 atque
227 2680 450 2768 temporibus
472 2679 713 2748 audacissime.
777 2676 924 2752 Patroni
945 2693 1000 2776 ty·
1051 2691 1128 2748 tent
1141 2701 1182 2748 ac
1200 2679 1342 2768 penitus
1366 2679 1507 2752 deleant
1530 2678 1592 2753 has
1618 2700 2036 2778 aerumnosaeEcclesio-

7 2829 8 2862 ι
41 2777 396 2851 rannidisPontificiae
418 2803 480 2856 seu
500 2777 879 2868 dignitatisRomanae
896 2782 1000 2865 sedis,
1050 2779 1114 2854 tas.
1165 2776 1380 2852 Huiusmodi
1397 2785 1615 2874 precationes
1640 2814 1741 2884 saepe
1759 2803 1922 2890 repetite:
1952 2811 2036 2902 quia

7 2917 9 2979 ι
40 2877 212 2966 didicerunt
246 2881 317 2951 iam
349 2881 497 2976 pingere
524 2881 649 2954 fucatis
681 2883 859 2954 coloribus
883 2885 998 2954 mani·
1050 2893 1143 2951 certe
1162 2894 1285 2954 tantus
1309 2897 1360 2954 est
1383 2879 1450 2954 hoc
1482 2899 1641 2979 tempore
1671 2893 1880 2983 instantium
1908 2921 1944 2981 et
1977 2911 2036 2982 in·
2081 2943 2084 2952 ·

8 3047 9 3050 ,
39 2976 120 3054 festos
141 3006 282 3054 errores
304 3005 404 3066 suos,
444 3005 534 3078 quos
557 2985 787 3071 confirmant,
821 2999 855 3056 et
878 2999 998 3077 aperta
1049 2984 1251 3072 gruentium
1273 2985 1450 3056 malorum
1478 3003 1611 3074 metus,
1649 3010 1689 3067 nt
1712 2997 1751 3069 iu
1775 2997 1840 3075 hac
1861 3013 2036 3096 moestitia

8 3079 78 3170 pri,
103 3106 158 3154 seu
180 3084 410 3172 crudelitate,
446 3099 482 3159 et
504 3083 597 3156 dolis
620 3086 806 3158 vaferrime
830 3087 997 3160 consutis.
1049 3084 1209 3174 publica,
1234 3085 1264 3156 si
1279 3109 1437 3180 unquam
1453 3090 1559 3177 alias,
1584 3095 1655 3166 iam
1670 3121 1894 3200 summopere
1909 3113 1957 3185 sit
1971 3138 2036 3186 ne·
2108 3113 2114 3124 “

39 3175 435 3277 FauaticiAnabaptistae
448 3187 566 3257 denuo
580 3187 682 3279 'quast
697 3189 834 3261 reiectis
850 3189 998 3276 viribus,
1049 3185 1237 3258 cessarium
1253 3211 1319 3260 nos
1336 3191 1428 3260 reris
1446 3192 1647 3267 animorum
1670 3205 1826 3278 motibus
1847 3225 1955 3306 atque
1975 3239 2036 3306 ge·

39 3287 241 3374 exoriuntur,
272 3311 339 3358 nec
360 3302 528 3410 verentur
548 3291 636 3457 adpo
656 3290 997 3465 ιεειιοίεῦῑιςῐιιὲἱξὲιὲἰ
1048 3288 1781 3494 :gigbgffiiztlllgrgggl'iittgrreem3333!th
1798 3327 1958 3482 ntlrstrum
1982 3317 2037 3495 le}

8 3405 146 3470 ,errores
159 3413 383 3460 comminisci
400 3415 440 3461 ac
455 3412 592 3470 crrcnrn,
604 3413 661 3460 err
681 3441 691 3471 ‚
714 3415 737 3461 u
809 3417 827 3464 a
1533 3445 1544 3476 ι
1738 3437 2021 3506 ¹,camarae

8 3497 9 3570 g
38 3482 81 3554 ille
94 3489 262 3580 Spiritus,
289 3515 361 3585 qno
375 3493 528 3582 agitatur
541 3506 575 3562 et
590 3491 787 3583 impellitur
809 3415 900 3565 seila
916 3497 997 3587 plus
1048 3493 1314 3564 ardentissimas
1330 3517 1448 3586 preces
1464 3496 1659 3599 effundere.

8 3609 9 3650 ι
39 3594 265 3678 qnamdelira,
290 3607 428 3666 tantum
443 3592 644 3686 petulanter
660 3594 809 3666 illudere
826 3621 866 3667 ac
881 3597 995 3667 insul·
1151 3593 1309 3666 'l'antum
1330 3597 1485 3669 breviter
1497 3602 1541 3670 de
1556 3609 1733 3694 praesenti
1750 3625 1863 3691 textu:
1900 3619 1939 3693 in
1962 3649 2038 3718 qun

38 3697 92 3758 tsre
103 3693 263 3766 rideatur
277 3691 434 3768 humano
447 3696 578 3786 generi.
614 3687 995 3790 Haectanta'pericnla
1044 3695 1166 3786 paucis
1180 3699 1298 3770 verbis
1311 3697 1493 3772 doctrinae
1509 3706 1651 3777 maximi
1667 3719 1850 3804 momenti,
1869 3734 1904 3793 et
1917 3730 2036 3798 omni·
2134 3773 2139 3786 ·

8 3825 9 3896 p
36 3787 144 3864 debetis
157 3797 280 3868 omnia
294 3819 495 3890 proponere
508 3797 655 3880 animis,
681 3811 850 3891 tantoque
865 3801 994 3872 arden.
1046 3821 1093 3866 no
1114 3799 1339 3887 gravissimae
1362 3803 1651 3894 perstringuntur
1672 3817 1853 3889 mentione
1872 3822 1978 3915 Legis
2000 3842 2035 3900 et

9 3889 87 3966 ,tius
99 3908 129 3967 et
143 3899 255 3990 magis
270 3900 361 3969 serio
378 3900 569 3991 implorare
585 3897 907 3988 auxiliumChristi,
932 3926 994 3987 cu·
1045 3895 1314 3991 Prophetarum.
1381 3901 1452 3974 Sed
1476 3928 1699 4003 nequaquam
1722 3937 1870 4007 possunt
1898 3925 1936 4000 in
1968 3923 2034 4000 hac

9 4069 10 4080 χ
36 3987 165 4070 iushaec
180 3996 766 4077 estdulcissimavoslohann.10.:
792 3999 995 4076 Oresmeae
1046 4002 1213 4094 temporis
1227 4005 1387 4096 angustia
1407 4005 1513 4077 dmnl
1529 4022 1583 4080 tot
1601 4016 1769 4087 materiae
1792 4020 1831 4090 in
1857 4019 1922 4096 hac
1947 4051 2034 4100 con·

36 4113 257 4174 vocemmeam
273 4103 444 4190 audiunt,
468 4117 621 4177 etaemo
637 4104 751 4196 rapiet
772 4128 830 4176 eas
852 4129 894 4177 ex
917 4129 995 4178 ma-
1045 4104 1147 4174 cione
1164 4101 1449 4197 comprehensae,
1475 4109 1559 4179 satis
1573 4123 1607 4183 et
1623 4132 1795 4206 quantum
1810 4123 1917 4197 fuerit
1932 4153 2034 4223 opus,
2152 4162 2156 4170 ‚

36 4193 118 4269 num,
132 4203 231 4274 mei,
1045 4205 1213 4297 explicari
1229 4231 1270 4278 ac
1283 4207 1470 4281 declarari.
1529 4208 1773 4291 Veruntamen
1796 4248 1859 4296 vos
1882 4228 1950 4320 ipsi
1976 4257 2033 4304 re·

112 4300 247 4377 Videtis
274 4297 367 4374 hanc
395 4303 507 4396 ipsam
530 4329 651 4378 vocem
673 4303 821 4378 Domini
849 4329 994 4399 prorsus
1045 4307 1169 4398 petite,
1206 4333 1249 4380 ac
1282 4310 1321 4381 in
1347 4311 1553 4382 memoriam
1583 4319 1742 4392 reducite
1769 4347 1827 4412 ea,
1876 4331 1921 4402 de
1951 4337 2035 4428 qui.

36 4419 199 4490 marmore
220 4429 302 4478 cnm
325 4419 493 4498 perpetua
508 4408 898 4498 sentemiaEvangelii:
931 4411 994 4480 de-
1045 4411 1110 4479 bus
1136 4410 1296 4502 quotidie
1326 4411 1515 4502 diligenter
1535 4439 1576 4486 ac
1600 4419 1800 4497 luculenter
1828 4434 2033 4524 erudimini,
2083 4473 2086 4480 ·

37 4495 95 4572 init
110 4500 284 4578 Ecclesiae
305 4510 462 4578 membra
487 4508 644 4581 oviculas
665 4511 848 4584 audientes
871 4527 992 4582 rocem
1044 4534 1189 4602 nempe,
1212 4535 1303 4607 quae
1317 4513 1364 4584 sit
1377 4536 1533 4600 summa,
1557 4543 1647 4614 qnae
1670 4525 1742 4594 sint
1761 4533 1948 4624 praecipua
1974 4562 2032 4612 ca.

36 4601 184 4695 divinam,
209 4606 277 4680 hoc
292 4622 360 4693 est,
386 4610 637 4700 amplectentes
658 4605 841 4684 coelestem
858 4613 991 4686 doctri-
1044 4613 1137 4703 pite,
1164 4615 1227 4706 qui
1247 4614 1460 4707 principales
1482 4618 1550 4688 loci
1574 4623 1756 4700 doetrinae
1770 4628 2031 4726 Prophetarum

37 4721 114 4792 nam,
133 4711 176 4781 de
189 4735 259 4806 qua
276 4711 457 4804 loquimur
472 4712 510 4780 in
525 4715 733 4805 praesentia,
758 4709 991 4806 comprehen-
1043 4728 1078 4785 et
1092 4715 1277 4787 raniversae
1290 4713 1468 4788 Ecclesiae
1487 4714 1702 4817 a'principio
1723 4741 1895 4826 usquead
1913 4741 2031 4812 linem.

37 4821 91 4872 sam
114 4809 149 4880 in
173 4812 313 4906 scriptis
336 4809 577 4904 Propheticis:
621 4816 702 4886 ideo
726 4830 845 4909 postea
875 4817 990 4888 addit:
1043 4815 1101 4886 Ad
1125 4812 1215 4888 hanc
1238 4819 1503 4892 meditationem
1524 4824 1643 4896 addite
1664 4835 1828 4907 exercitia
1849 4863 1951 4910 verae
1972 4844 2031 4913 in-

39 4895 346 5005 Nemorapietoves
361 4917 816 5004 measdemsnibusmeis3
851 4921 991 5011 acquic
1042 4919 1235 4990 vocationis
1252 4934 1286 4992 et
1301 4922 1478 4993 bonorum
1494 4922 1742 5011 spiritualium.
1793 4936 1844 5007 lta
1865 4940 2027 5016 futurum

38 5005 124 5080 utitur
137 5017 243 5088 verbo
258 5017 440 5109 rapiendi,
469 5017 640 5107 significat
663 5020 789 5110 ingens
812 5033 989 5090 certamen
1041 5034 1112 5103 est,
1144 5032 1183 5090 ut
1204 5021 1298 5092 filins
1319 5019 1387 5096 Dei
1409 5021 1586 5098 Dominus
1608 5027 1730 5104 noster
1751 5033 1849 5110 lesus
1863 5037 2028 5120 Christus

39 5115 65 5172 et
75 5116 260 5190 acerrimam
275 5117 405 5190 luctam
421 5141 506 5193 esse.
544 5117 719 5193 Diabolus
732 5123 884 5214 impellit
893 5120 989 5194 Tur·-
1040 5121 1115 5212 ipsc
1130 5125 1346 5197 voserndiat
1363 5139 1397 5198 et
1411 5127 1609 5214 illuminet,
1635 5141 1674 5206 ut
1697 5137 1735 5206 in
1758 5138 1895 5212 sincero
1919 5147 2028 5220 intel.

39 5225 94 5294 ιιι,
113 5213 253 5308 Papam,
277 5218 548 5311 Anabaptistas,
575 5237 609 5294 et
624 5225 719 5294 varia
736 5247 863 5314 genera
879 5237 988 5296 secta·
1039 5224 1150 5307 lectu,
1176 5247 1238 5296 sen
1259 5227 1297 5298 in
1318 5240 1413 5300 recta
1430 5229 1601 5304 sententia
1618 5239 1831 5328 persistatis,
1855 5252 2027 5323 corroho-

39 5319 156 5388 moad
177 5345 387 5396 aesomnes
408 5322 569 5398 funditus
592 5327 853 5420 exstirpandos,
886 5328 986 5406 etad
1009 5333 1014 5419 ξ
1039 5326 1186 5414 remini,
1212 5341 1247 5402 et
1261 5329 1538 5411 confirmemini,
1563 5345 1669 5429 atque
1684 5338 1732 5411 ita
1759 5351 1930 5421 maneatis
1947 5354 2028 5424 ovi.

75 5416 232 5490 lircssrn.
260 5431 361 5496 Ocra.
390 5429 471 5493 Vos.
502 5428 595 5506 XlV.
1275 5471 1279 5480 ·
1492 5431 1542 5508 48
