4714 5826
76 169 116 252 n
451 161 527 250 r.
577 87 1673 248 mnttmrtomovmomannsaconoms.⁵
2030 167 2078 238 aa

77 347 162 418 nobis
177 344 298 432 timor,
322 365 513 436 agnoscens
527 343 698 416 iudicium
722 359 757 418 et
776 347 867 416 iram
881 343 946 416 Dei
969 345 1032 413 ad·
1084 354 1184 410 runt:
1220 336 1354 428 Quales
1384 337 1568 420 dominae,
1600 337 1688 408 tales
1713 349 1796 408 sunt
1819 336 1977 412 catellae.
2029 333 2077 410 Et

77 469 175 519 versus
202 458 356 539 peccata,
389 447 435 518 sit
465 446 654 518 solicitudo
680 447 906 518 incurrendis
929 445 1032 514 malis
1084 443 1191 532 vulgo
1206 443 1379 528 dicitur:¹

76 548 283 642 opinionibus
305 560 340 618 et
353 547 532 648 lapsibus,
557 561 599 619 ut
614 545 745 620 Paulus
766 548 904 642 inquit:
932 543 1032 640 Ope·
1126 559 1216 620 Forte
1237 559 1324 618 cubos
1344 558 1470 637 primum
1492 555 1588 636 pomit
1609 573 1675 614 cum
1697 553 1791 614 futilis
1811 545 1924 633 Abbas,

76 651 183 721 remini
196 651 344 721 salutem
360 674 441 722 cum
457 649 585 721 timore
600 662 637 721 et
649 663 818 734 tremore,
844 651 882 720 id
897 662 958 726 est,
976 672 1030 718 re-
1186 661 1272 720 Tune
1294 675 1361 720 saro
1381 658 1515 718 monaehi
1536 655 1641 716 tudere
1662 657 1728 716 inre
1748 665 1864 733 putant.
1976 709 1983 718 .

74 751 164 823 tinrte
180 752 366 842 puritatem
388 751 587 836 doctrinae,
612 773 738 841 magna
757 775 840 823 cura
863 764 895 821 et
911 749 1029 820 solici·
1126 756 1221 822 ὄτταν
1241 761 1352 843 πρῶτα
1373 755 1488 838 κύβους
1507 755 1607 843 βάλλῃ
1629 753 1707 820 πότε
1727 752 1851 840 μάργος
1873 749 2044 839 displice,

74 853 177 924 indine
197 851 424 924 consideratio
451 853 629 937 lontibus,
668 867 703 926 et
723 873 849 944 magua
870 853 1031 923 solicitu-
1208 859 1334 936 παίζειν
1356 858 1479 924 οἴονται
1502 855 1537 923 oi
1555 861 1696 942 μοναχοῖ
1719 855 1867 940 νόμιμον.

72 953 140 1024 ‘¹3¹¹‘
154 955 255 1026 'ilii‘
268 955 388 1048 ῙθΡ8118
403 968 525 1027 ωὓῑη
540 955 805 1030 ⁰⁰P⁸ci²¹¹li⁸¹⁰⁰
1184 979 1236 1050 lta
1253 975 1411 1070 bicdicit
1427 977 1616 1050 Salomon:
1643 975 1813 1068 Princeps
1831 1000 1953 1048 amans
1969 1001 2070 1047 men-

153 1081 222 1156 Nec
242 1099 376 1178 pugnat
398 1081 486 1156 haec
510 1085 671 1156 doctrina
694 1110 773 1156 cum
790 1086 963 1158 sententia
986 1086 1031 1154 de
1081 1081 1234 1166 dacium,
1252 1077 1359 1151 habet
1373 1105 1495 1151 omnes
1512 1081 1691 1150 ministros
1705 1079 1847 1170 impios.
1891 1077 1938 1150 Ut
1952 1094 2070 1150 autem

73 1187 141 1272 lde,
165 1189 206 1256 de
223 1185 467 1259 consolatione
487 1188 803 1270 conscientiarum,
829 1201 863 1258 et
885 1191 930 1258 de
952 1185 1027 1255 lae·
1082 1183 1240 1273 insignis·
1251 1183 1365 1262 virtus
1382 1197 1433 1254 est
1448 1184 1486 1251 in
1502 1182 1758 1272 gubernatione
1775 1178 1911 1250 Veritas
1927 1203 1988 1251 seu
1999 1179 2070 1251 Ve-

72 1289 137 1358 tieia
160 1289 195 1358 in
217 1288 429 1375 mediatore,
464 1291 524 1360 sed
549 1304 742 1382 utrumque
763 1289 956 1382 praecipit,
990 1301 1030 1358 ut
1082 1285 1224 1370 raritas,
1242 1307 1403 1375 pugnans
1420 1309 1498 1354 cum
1514 1285 1679 1369 vanitate,
1694 1281 1852 1373 pertidia,
1870 1282 2070 1368 calumniis,
2157 1301 2162 1310 ·

72 1387 108 1458 tit
120 1390 154 1458 iu
168 1390 381 1460 cordedolor
394 1391 584 1481 deplorans
600 1403 756 1462 nostram
772 1390 1029 1462 contumaciam
1081 1387 1359 1478 suspicionibus,
1385 1381 1585 1478 sophistica.
1634 1383 1686 1456 Ita
1714 1395 1838 1454 contra
1861 1382 1964 1453 valde
1987 1408 2068 1476 per-

72 1503 99 1562 et
120 1491 390 1576 immunditiem,
440 1492 681 1564 dubitationes
720 1505 754 1562 et
785 1493 895 1563 multa
925 1492 1030 1574 mala,
1081 1488 1254 1559 niciosum
1285 1488 1418 1558 malum
1449 1499 1500 1556 est
1525 1488 1564 1555 iu
1587 1508 1799 1579 quocunque
1831 1486 2067 1576 gubernatore

72 1614 143 1684 quae
157 1591 192 1660 iu
206 1592 312 1662 nobis
328 1587 485 1668 haerent.
537 1593 607 1667 Sed
625 1595 798 1683 gubernet
813 1595 978 1664 timorem
994 1607 1029 1665 et
1081 1613 1180 1660 amor
1204 1590 1490 1674 mendaciorum,
1523 1602 1558 1665 et
1582 1589 1692 1660 multa
1715 1587 1800 1656 vitia
1822 1585 2068 1680 complectitur

73 1693 205 1763 dolorem
228 1693 339 1778 fides,
363 1718 454 1788 quse
478 1707 629 1780 statuat,
655 1719 721 1766 nos
744 1719 947 1789 quanquam
970 1696 1029 1762 in·
1081 1691 1171 1762 illud
1194 1691 1346 1778 malum,
1373 1693 1463 1762 sicut
1486 1691 1597 1762 multa
1621 1705 1703 1762 sunt
1720 1711 1846 1778 genera
1862 1691 2067 1760 mendacio-

73 1793 175 1882 dignus
188 1808 221 1866 et
234 1795 403 1884 miseros,
428 1809 545 1868 tamen
561 1794 780 1890 placereDeo
796 1791 941 1890 proptei
954 1820 1029 1866 me·
1080 1817 1171 1868 rum.

73 1897 227 1966 tiatorem,
1182 1887 1412 1966 Manifestum
1442 1916 1553 1983 genus
1578 1906 1629 1963 est
1651 1893 1798 1966 Vanitas
1829 1915 1890 1962 seu
1912 1890 2065 1980 Perfidia
2112 1883 2137 1990 Ἀ

1057 1996 1117 2066 =iu
1138 2020 1212 2065 non
1235 1997 1419 2066 servandis
1442 1995 1624 2087 promissis
1646 2010 1680 2068 et
1694 1994 1917 2080 foederibus,
1942 2007 1982 2064 ut
1998 1988 2066 2063 At-

1078 2096 1226 2167 cibiadis
1243 2097 1386 2186 perfidia
1407 2089 1638 2187 vituperatur.
1687 2093 1734 2167 Et
1750 2100 1795 2165 de
1811 2094 1925 2200 Metio
1944 2096 2065 2167 Suffe-

1078 2201 1132 2270 cio
1147 2199 1266 2293 inquit
1280 2194 1469 2286 Virgilius:
1665 2195 1669 2204 '

1202 2313 1412 2394 Raptabatque
1431 2312 1484 2374 riri
1506 2310 1655 2372 mendads
1676 2313 1788 2374 viscera
1807 2315 1923 2377 Tullus.

154 2025 256 2098 l'arat
279 2028 392 2118 igitur
415 2023 483 2100 hoc
497 2029 630 2102 dictum
654 2032 832 2103 carnalem
848 2032 1027 2115 ¹securita-

73 2139 141 2208 tem,
163 2141 194 2200 et
210 2131 414 2221 superbiam
435 2133 668 2204 confidentem
698 2132 864 2226 propriae
886 2135 1027 2224 sapien·

71 2227 141 2315 tiae,
168 2226 325 2301 institiae
348 2245 383 2303 et
405 2234 602 2323 potentiae,
633 2257 697 2304 nec
721 2248 903 2305 curantem
932 2235 1026 2304 iudi-

72 2328 143 2398 tiom
163 2329 244 2416 Dei,
269 2333 362 2405 sicut
386 2329 527 2404 Pharao
549 2335 624 2405 ruit
644 2337 683 2406 in
708 2335 853 2406 exitium
877 2327 1027 2406 fiduciae

72 2451 134 2500 tuae
158 2435 346 2522 potentiae.
402 2432 695 2528 Bellerophontes
725 2453 871 2507 securus
900 2438 1025 2507 volens
1179 2429 1291 2504 Aliud
1318 2458 1429 2524 genus
1462 2431 1729 2504 mendaciorum
1762 2446 1813 2504 cst
1834 2459 1934 2504 amor
1954 2433 2065 2528 Calu-

72 2527 174 2622 Pegaso
193 2534 285 2605 intra
303 2535 442 2605 coelum
458 2531 559 2622 vehi,
583 2538 772 2609 excutitur.
823 2535 1024 2609 Antiochus
1077 2537 1269 2620 urniorum.
1320 2535 1361 2606 ld
1387 2559 1576 2606 commune
1606 2548 1658 2606 est
1679 2535 1718 2606 iu
1745 2537 1850 2607 aulis.
1909 2535 2077 2605 Plurimi·

71 2653 185 2703 morus
205 2635 357 2706 fiduciae
387 2659 470 2706 suae
500 2638 697 2728 potentiae,
729 2653 879 2711 conatur
907 2641 1024 2711 delere
1076 2639 1171 2708 enim
1190 2639 1410 2708 delectantur
1424 2635 1695 2724 obtrectatione,
1721 2651 1754 2708 et
1776 2635 1909 2709 habent
1928 2638 2064 2730 patulas

70 2731 156 2822 legem
176 2735 252 2808 net.
307 2737 455 2829 Semper
476 2738 586 2829 igitur
597 2739 635 2808 in
651 2755 838 2831 conspectu
864 2743 935 2812 sint
959 2737 1024 2812 bae
1075 2763 1177 2810 aures
1192 2743 1237 2810 ad
1254 2763 1378 2810 omues
1398 2739 1564 2824 fabellas,
1592 2740 1780 2835 dequibus
1797 2741 1962 2810 versiculi
1980 2737 2061 2814 Me-

69 2835 301 2908 tdmonitiones
318 2840 363 2908 de
378 2839 505 2910 timore
521 2838 608 2922 Dei,
634 2855 668 2939 et
689 2843 733 2911 de
750 2844 852 2914 metis
868 2844 1024 2915 vocatio-
1075 2843 1206 2914 nandri
1222 2842 1296 2912 noti
1313 2855 1413 2912 sunt:

70 2934 126 3002 nia:
138 2934 254 3008 Beatus
271 2935 396 3022 homo,
411 2941 473 3033 qui
488 2965 627 3034 semper
640 2955 690 3012 est
702 2945 866 3034 pavidus.
917 2944 1022 3016 ltem:
1202 2947 1220 3018 ci
1243 2957 1317 3036 βίος
1335 2951 1477 3036 μάλιστα
1497 2962 1566 3030 τοῖς
1585 2961 1739 3037 πονηροῖς
1759 2951 1879 3034 ἥδεται.

69 3031 123 3104 Ubi
143 3033 311 3110 habitabit
332 3038 536 3112 Dominus?
588 3041 630 3112 ln
652 3047 780 3136 spiritu
806 3048 960 3117 contrito
989 3059 1024 3118 et
1065 3057 1069 3065 '
1201 3052 1333 3145 πράττει
1353 3049 1386 3118 δ’
1410 3049 1428 3118 ὅ
1450 3053 1550 3130 κόλαξ
1571 3050 1688 3138 ἄριστα
1709 3053 1852 3138 πάντων,

69 3125 241 3228 humiliato,
267 3154 306 3212 et
320 3154 494 3214 tremente
511 3165 692 3216 sermones
705 3169 813 3220 meos.
1203 3154 1348 3241 δεύτερος
1371 3149 1389 3220 ὅ
1412 3154 1620 3240 συκοφάντης.

1176 3279 1224 3350 Et
1243 3283 1281 3350 in
1300 3279 1477 3351 Pseudolo
1493 3280 1612 3351 Plauti
1635 3279 1782 3352 dicitur:
1808 3279 1983 3351 Homines
1998 3283 2062 3375 qni

367 3387 506 3502 Caput
529 3391 697 3482 XXIX,
1075 3395 1222 3501 gestant·
1231 3383 1366 3477 quique
1395 3383 1593 3457 anscultant
1616 3383 1784 3468 crimina,
1810 3385 1841 3452 si
1864 3408 1943 3503 meo
1962 3385 2060 3504 arb-i·

102 3555 260 3665 Princeps
286 3593 425 3640 amans
447 3561 665 3661 mandacio,
690 3567 803 3645 habet
816 3597 938 3646 omnes
952 3573 1023 3646 mi·
1075 3486 1531 3657 ibadiioibcseiiirilitii.defflt
1554 3507 1678 3554 omnes
1708 3498 1898 3576 gestatores
1920 3485 2062 3576 hugum

143 3667 270 3786 mum,
291 3670 438 3770 ‘'mllio-t.
932 3723 935 3732 ·
1176 3687 1338 3758 Tertium
1364 3711 1475 3777 germs
1495 3687 1762 3758 mendaciorum
1784 3700 1867 3758 sunt
1889 3687 2060 3779 suspicio-

140 3830 265 3925 hlagna
289 3861 330 3908 εχ
353 3851 452 3928 pm,
469 3853 641 3930 regumn,
661 3837 823 3912 homines
842 3845 1012 3937 exemplis
1075 3811 1153 3874 nes,
1185 3813 1271 3883 quaa
1288 3803 1436 3860 naturae
1449 3791 1577 3860 infidae
1600 3803 1634 3861 et
1657 3789 1920 3861 obtrectatrices
1944 3815 1983 3857 ex
2005 3811 2059 3859 se-

1012 3901 1022 3930 ,
1075 3893 1084 3910 .

65 3927 237 4017 quiahomo
253 3939 421 4030 inmugit
439 3940 697 4033 qmqmiomm,
724 3958 757 4014 ep
774 3946 948 4018 imitando
964 3949 1022 4016 di·
1073 3893 1160 4010 apsis
1183 3893 1354 3980 gignunt,
1380 3916 1470 3984 qnae
1493 3892 1694 4014 saepissime
1717 3893 1855 4010 magnis
1876 3893 1979 3960 malis
1998 3915 2059 3962 oo·

65 4030 121 4104 *tit
152 4033 350 4110 Plurimum
366 4054 483 4112 autem
497 4043 618 4113 valent
632 4046 827 4134 insignium
849 4070 1021 4138 persona-
1074 4016 1249 4063 mmmm
1280 3995 1461 4082 praebent.
1523 3992 1590 4077 υἷ’
1625 3991 1786 4086 ’ΊῩΜΜ
1810 4006 1948 4064 mnium
1974 4017 2059 4084 ΡΝ·

64 4151 142 4248 rum,
161 4151 199 4208 ut
213 4141 417 4231 principum
434 4155 467 4212 et
484 4143 686 4216 docentium
705 4149 874 4240 exempla.
908 4149 1020 4242 Saepe

64 4247 148 4318 agatur
169 4240 365 4314 admonitio
388 4244 535 4336 repetita
558 4261 627 4332 est,
652 4263 692 4319 nt
714 4250 891 4342 principes
903 4245 1031 4322 hone-¹

64 4341 100 4400 tta
117 4343 265 4432 exempla
292 4359 514 4435 proponant,
545 4361 581 4420 et
600 4361 640 4418 nt
663 4353 816 4441 populus
838 4353 1021 4424 intueatur

64 4421 182 4510 honesta
209 4445 392 4537 exempla,
443 4459 478 4518 et
506 4447 595 4521 vitet
623 4453 754 4543 turpia.
810 4451 897 4525 Noti
932 4471 1017 4530 sunt

64 4553 174 4622 tersus:

1074 4107 1150 4186 pter
1163 4095 1381 4185 suspiciones
1398 4097 1528 4164 multos
1545 4094 1693 4179 tollunt,
1706 4093 2054 4186 utAlexanderopti-

1073 4219 1128 4266 me
1141 4196 1309 4266 meritum
1324 4194 1607 4266 Parmenionem.
1660 4197 1713 4264 Ae
1739 4211 1887 4266 naturae
1901 4198 2058 4286 suspica-

1070 4400 1203 4469 multos
1218 4399 1370 4485 aulicos,
1395 4400 1544 4469 idoneus
1560 4401 1603 4470 ad
1619 4400 1922 4470 calumniandum.

1174 4500 1350 4589 Quartum
1378 4523 1493 4594 genus·
1521 4515 1572 4571 est
1597 4497 1809 4592 sophistica,
1839 4523 1931 4594 quae
1953 4501 2056 4571 falsas

157 4671 184 4688 ..
252 4675 259 4694 ,
1070 4601 1259 4695 opiniones
1282 4615 1315 4672 et
1338 4605 1449 4673 malas
1472 4603 1737 4674 causaslucosis
1754 4603 1992 4694 praetextibus
2015 4604 2054 4673 in

24 4735 25 4744 ¹
124 4667 232 4734 &fimet
250 4693 283 4734 ¹¹¹
303 4677 411 4757 '⁰¹⁸⁰'
428 4691 548 4742 mmm
568 4685 708 4764 ⁰¹⁰¹¹¹P¹³
728 4695 902 4764 regentum,
1069 4706 1216 4795 gratiam
1233 4706 1435 4798 principum
1453 4719 1583 4778 tuetur.
1635 4703 1837 4795 Hocgcnus
1852 4706 2054 4774 mendacio-

123 4771 206 4852 Regu
226 4776 265 4836 “d
287 4781 457 4896 “mistum
478 4793 556 4900 {⁰³⁸⁸
579 4786 761 4865 ⁰⁰¹¹¹P⁰P¹i¹¹f
782 4789 868 4848 ὠὴ·
1069 4830 1148 4876 rum
1166 4808 1332 4878 laudatur
1347 4807 1384 4876 in
1400 4807 1492 4877 aulis
1506 4831 1570 4876 ceu
1586 4807 1772 4898 praecipua
1788 4806 1970 4898 sapientia,
1986 4807 2055 4876 sic·

122 4869 215 4952 thue
233 4877 339 4938 dueum
361 4881 449 4943 ¹³⁰⁰*
473 4903 515 4944 ⁸¹⁰
535 4903 633 4947 '²⁰¹⁰'
653 4897 748 4948 ω’
767 4899 943 4968 '‘iuumui·
1066 4921 1107 4978 ut
1123 4931 1219 4978 nunc
1237 4909 1439 5000 pontificiae
1455 4909 1555 4978 aulae
1577 4908 1765 4999 scriptores
1790 4907 2057 4997 magnifaciunt,

137 5001 186 5075 dc
202 5009 321 5083 valent
334 5013 469 5109 aliquid
487 5019 645 5110 exempla
668 5022 708 5091 in
723 5036 909 5118 utramque
933 5051 1015 5118 par.
1067 5009 1130 5102 qni
1145 5009 1405 5102 impioscultus
1428 5009 1626 5102 praestigiis
1648 5005 1904 5102 sophismatum
1929 5010 2055 5080 defen·

65 5105 124 5220 ltttt,
166 5105 276 5182 Citius
289 5129 404 5186 amem
422 5135 567 5190 manant
585 5146 691 5213 prava
707 5127 886 5215 contagia,
912 5151 1014 5219 prae.
1066 5113 1180 5203 duni,
1206 5137 1297 5206 qliae
1315 5125 1496 5184 sunivet'e
1513 5107 1675 5210 δφὶγγὸς
1688 5109 1916 5204 sophismata.
2037 5149 2040 5154 ’

67 5213 156 5276 tectim
170 5211 262 5284 inter
275 5239 352 5303 eos,
378 5243 531 5313 qnorum
548 5236 599 5292 est
619 5217 809 5297 domestica
827 5219 1012 5299 familiari·
1075 5263 1077 5268 ·
1166 5228 1257 5302 Cum
1279 5243 1396 5303 autem
1413 5227 1726 5302 multahorribilia
1747 5230 1837 5299 mala
1861 5229 1987 5299 inrita
2012 5251 2053 5298 ex

66 5305 352 5395 htetadsiduitas.
399 5320 490 5420 ,ideo
506 5327 753 5399 venustissime
770 5325 899 5402 Graeci
914 5331 1013 5403 dixe-
1064 5332 1233 5404 omnibus
1261 5327 1318 5404 his
1354 5334 1542 5425 generibus
1578 5329 1848 5402 mendaciorum
1878 5329 2055 5410 oriantur,
2104 5381 2110 5398 ,

1071 4321 1128 4367 ces
1149 4298 1353 4368 avidissime
1375 4299 1526 4368 audiunt
1547 4296 1761 4378 calumnias,
1794 4293 1927 4369 habent
1949 4299 2058 4388 igitur
2126 4393 2131 4400 ι
2196 4281 2202 4288 ’
