4590 5808
251 149 335 222 cro
853 149 978 224 euru.
1005 147 1119 250 urus.
1149 145 1357 224 sontem
1384 143 1681 225 munuca.
2182 157 2246 228 oso

257 340 316 396 tur
344 318 549 418 hypocritae
582 336 754 412 praestare
779 345 887 413 opera
919 323 1048 392 similia
1076 325 1243 415 operibus
1395 319 1549 391 Tantam
1564 323 1763 393 coecitatem
1780 345 1917 418 semper
1939 325 1977 396 in
1998 327 2248 398 mundooontir-

255 427 420 519 piorum,
446 449 509 495 nec
525 423 697 495 differunt
719 423 853 495 externi
875 438 1007 515 gestus,
1038 427 1111 495 imo
1131 441 1244 519 potest
1295 422 1403 493 mavit
1421 423 1602 508 diabolus,
1625 424 1675 496 sic
1688 425 1821 516 impuri
1836 428 2020 500 sacrificuli
2033 427 2188 522 Papistici
2206 430 2249 496 vi-

256 528 333 598 fieri
341 579 354 613 ,
380 543 420 600 ut
435 522 588 599 Ethnica
613 525 804 597 liberalitas
822 527 927 617 longe
951 541 1090 619 superet
1107 529 1243 620 magni·
1293 537 1420 594 xerunt
1435 525 1473 594 in
1489 526 1671 595 manifesta
1687 528 1919 619 turpitudine,
1947 531 2009 624 qui
2024 546 2134 602 tamen
2143 528 2250 600 Missas

256 630 395 702 ficentia
425 629 525 722 pium
554 652 643 720 opus
673 629 799 698 viduae
822 628 1051 722 sareptanae,
1092 634 1242 724 quaein
1296 628 1513 696 celebrantes
1536 627 1760 719 impudenter
1776 633 2000 703 somniarunt
2020 647 2052 702 et
2073 633 2251 703 iactitaruut

259 757 396 804 summa
424 732 571 824 penuria
599 731 794 821 pauxillum
822 731 957 802 farinae
981 733 1121 823 praebet
1142 729 1244 804 Eliae
1295 751 1332 796 se
1346 728 1483 819 placare
1500 729 1589 797 iram
1606 729 1671 800 Dei
1690 735 1888 802 ceremonia
1910 757 1993 804 suae
2009 734 2203 816 oblationis,
2225 748 2251 802 et

259 832 426 904 exulanti.
478 831 548 906 Sed
572 833 653 902 linis
676 833 759 903 facit
778 833 985 918 discrimen,
1025 835 1105 928 quia
1128 847 1244 907 motus
1296 829 1407 919 ipsam
1426 831 1610 899 lectionem
1631 829 1823 903 Missarum
1841 836 1970 904 mereri
1994 835 2143 925 ingentia
2164 837 2252 904 bene·

260 935 446 1008 interiores
462 937 578 1005 cordis
593 937 697 1025 plane
712 949 794 1004 sunt
808 935 1007 1005 dissimiles.
1056 932 1181 1027 lmpii,
1207 939 1243 1007 id
1294 931 1372 1002 ficia
1386 932 1571 1000 universae
1585 928 1772 1003 Ecclesiae.

263 1052 331 1123 est,
368 1031 515 1108 Ethnici
539 1052 573 1106 et
596 1032 800 1130 hypocritae
823 1059 896 1104 non
917 1037 1143 1108 benefaciunt
1165 1039 1245 1109 aliis

260 1151 405 1233 propter
427 1136 561 1224 Deum,
600 1161 679 1221 seu,
719 1150 759 1206 ut
780 1133 855 1205 Deo
880 1139 1065 1230 obediant,
1108 1142 1167 1209 sed
1188 1142 1244 1212 vel

262 1242 496 1314 ostentatione
512 1241 662 1332 quadam
680 1253 714 1309 et
729 1239 880 1328 aucupio
900 1239 1032 1329 gloriae
1054 1244 1246 1332 popularis,

264 1345 320 1416 vel
336 1345 418 1439 quia
438 1344 575 1432 fingunt
589 1363 624 1410 se
641 1365 702 1412 sna
719 1340 946 1410 beneficentia
969 1343 1096 1412 mereri
1120 1346 1246 1414 remis·

263 1449 398 1518 sionem
416 1457 657 1543 peccatorum,
682 1458 716 1512 et
732 1443 841 1512 iustos
857 1465 931 1512 esse
944 1467 1060 1513 coram
1077 1441 1172 1530 Deo,
1196 1447 1246 1514 si·

264 1561 324 1620 cut
342 1541 524 1618 Mahomet
547 1559 580 1615 et
600 1543 761 1634 Papistac
786 1546 912 1614 docent
934 1546 978 1615 de
999 1546 1245 1617 satisfactioni-

264 1651 330 1722 bus
347 1663 380 1720 et
395 1647 679 1740 compensatione
694 1644 913 1716 delictorum.
1016 1685 1018 1692 ·

366 1797 408 1868 ln
423 1791 491 1866 hoc
507 1794 665 1886 exemplo
682 1794 905 1885 perspicuum
923 1808 993 1878 est,
1026 1818 1131 1884 opera
1148 1797 1247 1866 simi-

264 1902 311 1970 lia
329 1913 470 1970 externa
486 1895 600 1986 specie
615 1898 807 1987 prudenter
828 1921 867 1964 ac
887 1897 1011 1987 procul
1028 1920 1099 1966 esse
1116 1899 1247 1966 discer-

264 2001 391 2072 nenda.
424 1999 524 2066 *Alia
545 1998 639 2067 enim
662 1997 752 2066 fiunt
774 2021 856 2067 vero
880 2012 977 2068 motu
1002 1999 1118 2068 cordis
1138 2022 1247 2088 agno-

265 2103 393 2174 scentis
408 2099 543 2184 Deum,
566 2113 600 2170 et
617 2113 760 2189 propter
779 2100 984 2170 mandatum
1001 2096 1085 2184 Dei,
1106 2102 1150 2169 de
1166 2101 1247 2192 qui-

264 2203 517 2295 bus·operibus
539 2197 605 2270 hoc
627 2201 705 2269 loco
731 2202 838 2270 tradit
853 2199 1032 2271 Dominus
1049 2204 1245 2290 generalem

264 2306 439 2397 regulam:
481 2300 635 2390 Quando
668 2325 728 2369 cor
757 2316 809 2372 est
837 2296 1115 2394 hypocriticam,
1162 2316 1247 2373 tunc

264 2410 369 2479 etiam
388 2417 570 2474 externum
588 2426 677 2493 opus
700 2414 751 2470 est
773 2401 956 2472 simulatus
977 2416 1109 2490 gestus,
1137 2417 1170 2473 et
1190 2407 1248 2472 lu-

265 2533 343 2580 cosa
360 2502 556 2601 hypocrisis
571 2505 674 2597 plena
692 2503 823 2594 peccati
838 2501 985 2596 Deoque
1000 2505 1197 2596 displicens.

367 2659 465 2730 Haec
489 2658 608 2749 regula
631 2655 878 2748 complectitur
900 2655 1055 2747 plurima
1078 2657 1246 2748 exempla,

264 2767 414 2848 scilicet,
455 2784 578 2831 omnes
612 2773 771 2828 externas
805 2757 1029 2828 ceremonias.
1096 2755 1184 2828 Cain
1212 2774 1247 2828 et

264 2868 373 2950 Abel,
401 2864 487 2936 Saul
505 2877 538 2933 et
554 2858 670 2930 David
692 2859 847 2929 offerunt
869 2857 1053 2943 sacrificia,
1076 2872 1109 2929 et
1126 2859 1248 2930 multis

262 2969 419 3061 imponit
430 2963 626 3033 similitudo
644 2962 814 3054 quaedam
830 2960 964 3030 externi
979 2960 1111 3052 operis,
1125 2973 1176 3030 ut
1190 2963 1246 3028 ni-

261 3067 316 3140 hil
334 3066 476 3138 differre
493 3064 668 3141 iudicent,
694 3063 754 3131 sed
770 3063 875 3131 corda
894 3085 1039 3152 prorsus
1061 3061 1245 3132 dissimilia

262 3185 355 3244 sunt.
407 3167 519 3236 Porro
535 3167 689 3256 primum
704 3179 737 3234 et
751 3187 927 3234 summum
950 3176 1173 3260 praeceptum
1191 3165 1246 3233 di-

263 3276 327 3345 cit:
358 3271 492 3358 Diliges
507 3263 703 3339 Dominum
717 3264 831 3335 Deum
856 3280 956 3335 tuum
978 3289 1019 3333 ex
1042 3277 1117 3335 toto
1141 3267 1247 3334 corde

263 3391 334 3448 tuo.
386 3370 492 3455 ltem,
525 3367 631 3442 Rom.
652 3367 725 3442 10.:
759 3364 874 3438 Corde
900 3367 1056 3436 creditur
1077 3367 1119 3434 ad
1145 3366 1246 3435 iusti-

262 3481 347 3548 tiam
365 3489 428 3545 etc.
485 3465 532 3541 Et
545 3469 668 3541 Esaiae
681 3469 742 3542 29.
770 3470 947 3560 vituperat
969 3483 1001 3538 et
1023 3467 1137 3537 reiicit
1151 3463 1247 3538 Deus

262 3575 467 3673 hypocrisin
489 3568 554 3641 hac
579 3596 679 3640 voce:
713 3568 986 3662 Appropinquat
1007 3572 1071 3638 iste
1096 3569 1247 3660 populus

136 3686 144 3703 “
262 3705 323 3751 ore
350 3701 431 3761 suo,
470 3686 506 3744 et
528 3671 631 3740 labiis
655 3667 807 3740 honorat
828 3693 903 3753 me,
945 3694 1005 3738 cor
1028 3683 1144 3740 autem
1170 3671 1247 3740 eius

1397 1049 1454 1120 De
1470 1049 1602 1120 talibus
1619 1052 1751 1122 insanis
1768 1065 1802 1123 et
1818 1055 1930 1124 co‘ecis
1944 1048 2132 1150 hypocritis
2154 1054 2253 1148 loqui-

1297 1164 1354 1220 tur
1371 1149 1541 1221 Salomon
1557 1152 1738 1245 inquiens:
1771 1152 1936 1242 Hilstulti
1953 1157 2129 1240 nesciunt,
2157 1178 2258 1246 quan.

1298 1265 1372 1322 tum
1396 1252 1481 1322 mali
1508 1253 1649 1323 faciant.
1716 1251 1895 1328 Aberrant
1924 1257 2020 1326 enirn
2049 1283 2068 1327 a
2096 1281 2172 1325 vero
2191 1251 2253 1323 Deo

1298 1354 1410 1443 ignari
1429 1353 1619 1425 voluntatis
1635 1355 1793 1440 divinae,
1820 1381 1859 1426 ac
1872 1383 1917 1426 ne
1931 1380 1992 1428 sua
2010 1359 2146 1450 quidem
2168 1379 2254 1445 opera

1298 1456 1520 1545 intelligunt,
1554 1457 1611 1524 sed
1639 1457 1794 1548 ipsorum
1819 1458 1934 1528 cultus
1960 1474 1993 1529 et
2011 1459 2171 1527 sacrificia
2189 1471 2254 1526 suut

1298 1557 1558 1647 superstitiosae
1574 1559 1762 1628 cacozeliae
1777 1573 1810 1628 et
1825 1554 2014 1630 horribilia
2029 1575 2171 1651 peccata.
2199 1557 2255 1625 lta-

1300 1683 1367 1750 que
1384 1660 1429 1728 de
1446 1653 1511 1728 hac
1529 1660 1693 1729 coecitate
1708 1657 1883 1730 Dominus
1904 1657 1963 1730 hic
1987 1662 2072 1730 dicit
2095 1662 2130 1728 in
2151 1681 2255 1749 genere

1299 1773 1332 1829 et
1348 1761 1610 1830 universaliter:
1647 1759 1687 1831 Si
1707 1761 1830 1830 oculus
1846 1775 1927 1832 tuus
1941 1763 2056 1830 malus
2075 1763 2191 1844 suerit,
2214 1773 2255 1828 to-

1299 1873 1374 1932 tum
1389 1883 1516 1952 corpus
1531 1863 1598 1932 erit
1611 1861 1805 1941 tenebrae,
1826 1859 1976 1948 horest,
2004 1877 2140 1953 oportet
2157 1875 2254 1930 tenere

1299 1963 1486 2030 discrimen
1517 1975 1741 2032 externorum
1765 1987 1922 2054 operum.
1983 1963 2187 2056 Ubicunque
2209 1984 2256 2028 eor

1299 2077 1349 2133 est
1376 2063 1473 2152 pium
1497 2077 1530 2133 et
1554 2065 1749 2143 sincerum,
1783 2065 1833 2134 ibi
1854 2079 1885 2133 et
1910 2081 2052 2136 externa
2072 2089 2170 2157 opera
2190 2077 2255 2130 sunt

1298 2167 1501 2257 incorrupta
1523 2178 1556 2234 et
1580 2167 1779 2257 impolluta.
1831 2165 1899 2237 Sed
1922 2167 1982 2235 ubi
2009 2192 2070 2237 cor
2092 2181 2141 2237 est
2161 2165 2255 2252 impu-

1298 2291 1377 2336 rum
1403 2281 1437 2338 et
1460 2263 1736 2359 hypocriticum,
1770 2267 1832 2336 ubi
1862 2268 2041 2346 cacozelia,
2057 2283 2255 2338 externorum

1298 2391 1443 2460 operum
1459 2389 1519 2438 seu
1533 2363 1704 2438 factorum
1723 2373 1949 2462 quantumvis
1963 2371 2155 2460 magnifica,
2172 2367 2256 2465 plau-

1299 2470 1412 2539 sibilis
1429 2483 1462 2540 et
1484 2470 1656 2559 speciosa,
1682 2483 1733 2539 est
1757 2471 1996 2542 commentitia
2021 2470 2209 2562 superstitio
2230 2479 2255 2532 et

1298 2593 1402 2660 grave
1420 2585 1610 2660 peccatum.
1661 2567 1731 2640 Hic
1746 2584 1797 2641 est
1813 2571 1958 2664 simplex
1976 2584 2010 2642 et
2033 2572 2189 2664 proprius
2210 2567 2254 2634 iu-

1298 2673 1455 2743 tellectus
1471 2665 1599 2741 horum
1618 2673 1807 2741 verborum
1825 2667 1968 2744 Christi.

1695 2855 1878 2918 Quaestio.

1397 2977 1446 3047 At
1468 2977 1572 3046 dicis:
1614 2977 1769 3068 Quando
1795 2980 1903 3068 igitur
1926 3004 1987 3050 cor
2009 2996 2060 3051 cst
2081 2972 2255 3050 sincerum?

1297 3091 1330 3148 et
1355 3081 1534 3228 quovmodo
1557 3080 1639 3148 sciri
1664 3093 1798 3178 potest,
1820 3095 1940 3152 utrum
1964 3082 2036 3154 siut
2059 3081 2136 3173 puri
2160 3093 2254 3148 motus

1297 3181 1412 3250 cordis
1425 3235 1431 3248 .

1684 3349 1893 3414 lteeponsto.

1397 3465 1557 3535 Primum
1580 3490 1717 3536 necesse
1734 3481 1803 3551 est,
1829 3481 1869 3537 ut
1887 3491 1949 3537 cor
1972 3473 2068 3550 norit
2090 3483 2122 3540 et
2145 3463 2255 3535 intelli-

1295 3581 1352 3659 gat
1375 3569 1522 3639 verbum
1545 3565 1631 3652 Dei,
1658 3569 1753 3638 iuxta
1776 3590 1916 3639 versum
1939 3567 2087 3641 Psalmi:
2119 3569 2255 3639 Lucerna

1296 3670 1445 3760 pedibus
1462 3671 1550 3738 meis
1568 3671 1714 3738 verbum
1736 3683 1858 3754 tuum,
1884 3685 1918 3740 et
1938 3670 1999 3740 lux
2023 3673 2155 3742 semitis
2177 3667 2255 3736 meis.

260 3784 434 3870 longeest
455 3801 474 3846 a
497 3797 570 3856 me,
596 3786 637 3843 ut
652 3769 759 3849 Cain,
787 3769 893 3852 Saul,
919 3765 1087 3853 Ethnici,
1114 3784 1146 3838 et
1163 3770 1246 3840 Mo·
1295 3771 1397 3841 llanc
1410 3771 1523 3838 lucem
1541 3769 1639 3859 prius
1656 3782 1794 3860 oportet
1810 3772 1953 3840 accendi
1976 3773 2015 3842 in
2037 3775 2155 3858 nobis,
2179 3791 2255 3837 eam·

259 3881 366 3958 nachi
389 3894 461 3951 arte
483 3876 652 3947 simulant
678 3887 838 3943 externos
868 3884 1002 3960 gestus,
1043 3873 1102 3940 sed
1126 3874 1243 3941 corin
1295 3897 1362 3966 que
1379 3895 1459 3940 vera
1475 3884 1509 3940 et
1524 3873 1623 3941 firma
1647 3873 1715 3940 lide
1737 3873 1854 3940 cordis
1870 3874 1980 3964 accipi
1999 3888 2035 3944 et
2052 3868 2256 3967 apprehendi,

260 3989 346 4080 ipsis
363 3999 413 4056 est
428 3982 574 4076 plenum
590 3975 755 4048 sordibus
769 3999 807 4043 ac
824 3971 1066 4056 immunditie,
1092 3996 1165 4042 non
1188 3999 1244 4044 re·
1294 3977 1353 4044 sed
1370 3997 1468 4056 vere,
1494 3977 1615 4045 dextre
1636 3996 1675 4042 ac
1697 3974 1754 4063 pie
1777 3973 2012 4060 intellectam,
2038 3999 2084 4044 ne
2099 3971 2256 4067 pertraha-

260 4092 355 4178 gitur
368 4090 446 4158 lucc
463 4108 524 4154 seu
538 4104 620 4150 vera
641 4078 822 4170 agnitione
838 4071 922 4158 Dei,
947 4087 997 4144 est
1020 4073 1094 4143 siue
1116 4075 1244 4145 timore
1293 4099 1374 4144 mur
1388 4074 1688 4166 speculationibus
1704 4075 1912 4144 monstrosis
1925 4088 1960 4146 et
1976 4077 2213 4146 aberrantibus
2227 4071 2254 4136 iu

260 4190 348 4272 Dei,
385 4190 461 4258 sine
480 4187 568 4266 fide,
603 4171 747 4271 plenum
764 4177 960 4247 invidentia
977 4188 1010 4245 et
1026 4175 1137 4256 odiis,
1171 4178 1243 4246 imo
1293 4173 1468 4260 haereses,
1496 4177 1646 4247 fanatica
1669 4175 1812 4262 deliria,
1838 4175 2037 4248 Monostica
2058 4178 2205 4259 somnia,
2230 4187 2255 4238 ct

260 4291 331 4360 ruit
346 4292 384 4360 in
400 4291 522 4358 caedes
544 4299 577 4353 et
598 4278 845 4374 blasphemias.
897 4276 1112 4349 Huiusmodi
1134 4279 1242 4348 sacri·
1292 4274 1497 4369 sophisticas
1512 4277 1776 4373 perplexitates,
1801 4282 2101 4371 quemadmodum
2116 4275 2256 4350 diabolus

259 4392 335 4462 licia
360 4405 393 4462 et
416 4389 547 4458 externi
564 4398 680 4474 gestus
696 4395 778 4452 sunt
792 4395 878 4450 tetra
897 4393 1054 4471 peccata,
1080 4394 1115 4451 et
1128 4379 1244 4451 cultus
1294 4379 1416 4448 incitat
1437 4381 1605 4450 omuibus
1627 4381 1848 4471 temporibus
1872 4397 1906 4452 et
1930 4381 2084 4474 impellit
2107 4381 2254 4476 quosdam

260 4489 480 4562 horribiliter
501 4485 660 4558 damnati
682 4507 721 4553 ac
744 4483 882 4566 reiecti,
907 4483 998 4553 sicut
1021 4495 1055 4553 et
1072 4479 1241 4552 Salomon
1291 4482 1487 4572 petulantes
1511 4505 1551 4552 ac
1575 4482 1717 4552 insanos
1741 4477 1923 4567 homines,
1961 4498 2004 4556 ut
2026 4485 2216 4554 deficientes
2240 4497 2255 4540 a

259 4595 410 4666 affirmat
425 4591 594 4663 Proverb.
610 4587 686 4660 28.;
718 4579 845 4656 Oratio
862 4585 937 4655 eius
952 4583 1013 4676 qui
1035 4584 1161 4652 avertit
1178 4607 1242 4652 au·
1291 4584 1399 4652 verbo
1422 4579 1491 4651 Dei
1511 4583 1740 4674 implicentur
1761 4585 1971 4676 corruptelis
2001 4585 2195 4665 doctrinae,
2228 4588 2255 4644 el

257 4723 331 4779 res,
364 4721 409 4764 ne
433 4693 580 4761 audiant
604 4691 735 4781 legem,
769 4687 837 4757 erit
859 4683 1093 4758 exsecrabilis.
1153 4682 1241 4754 ltem
1290 4684 1547 4774 amplectantur
1562 4685 1780 4776 perniciosos
1800 4708 1938 4755 errores
1959 4710 1999 4757 ac
2019 4683 2254 4779 sophismatum

255 4797 456 4871 Ecclesiast.
471 4792 523 4866 4.:
549 4791 681 4862 Melior
702 4802 751 4860 est
775 4781 977 4858 obedientia
1005 4809 1109 4879 quam
1134 4787 1242 4856 victi·
1292 4787 1505 4877 praestigias.

176 4977 179 4982 ,
255 4929 332 4972 mae
348 4901 547 4978 stultorum,
563 4895 624 4987 qui
642 4893 801 4962 nesciunt
815 4902 986 4984 quantum
1001 4888 1131 4957 faciant
1144 4888 1239 4962 mali.
1391 4887 1689 4981 Quandocunque
1720 4887 1828 4978 igitur
1858 4883 1966 4958 homo
1999 4888 2133 4977 regitur
2163 4879 2254 4949 verbo

254 5001 486 5095 Exemplum,
519 4993 665 5068 Ethnici
688 4996 832 5064 luerunt
855 4991 932 5060 sine
956 5014 1037 5059 vera
1059 4990 1239 5078 agnitione
1288 4985 1375 5080 Dei,
1401 5013 1466 5058 nec
1481 4991 1576 5059 deest
1592 4991 1751 5059 sincerus
1771 5014 1811 5059 ac
1833 4983 1937 5059 verus
1959 4991 2154 5059 intellectus
2175 4978 2254 5049 vocis

155 5135 163 5160 κ
253 5104 341 5190 Dei,
368 5106 464 5193 pleni
482 5097 765 5190 turpitudinum,
790 5092 1066 5175 adulteriorum,
1092 5092 1240 5161 incesta-
1288 5091 1429 5160 divinae
1456 5113 1518 5160 seu
1542 5105 1635 5162 recta
1659 5091 1851 5177 sententia,
1888 5115 1992 5184 quam
2015 5091 2101 5160 fides
2123 5083 2254 5194 firmiter

253 5231 404 5300 rumque
436 5203 647 5281 libidinum,
695 5197 837 5267 interim
871 5208 988 5266 tamen
1013 5193 1238 5266 cumularunt
1287 5194 1443 5283 amplexa
1464 5192 1593 5265 retinet
1615 5217 1654 5262 ac
1676 5196 1843 5277 laetatur,
1869 5206 1957 5264 tunc
1974 5191 2142 5262 illucescit
2158 5183 2253 5261 cordt.

1288 5295 1374 5388 quid
1393 5295 1438 5365 sit
1452 5294 1527 5376 lex,
1552 5297 1637 5391 quid
1654 5309 1795 5367 aeterna
1811 5295 1999 5386 promissio
2013 5309 2047 5366 et
2060 5283 2253 5364 reconcilia-

251 5308 437 5390 sacrificia,
463 5307 593 5398 quibus
610 5299 718 5372 deleri
736 5311 873 5390 peccata
892 5294 1075 5387 putabant.
