4616 5818
237 155 324 234 ,227

298 324 327 400 l.
354 323 486 395 Locus:
515 320 622 412 Quod
637 345 711 390 non
728 341 811 391 casu
831 333 1020 392 tentemur.

299 426 348 498 lt.
373 425 428 495 De
443 425 630 520 tyrannide
646 438 678 493 et
693 421 832 493 insidiis
851 423 1002 492 diaboli.

296 525 363 598 lll.
391 526 580 617 Quomodo
597 525 769 594 liberetur
785 519 892 594 homo
912 548 953 594 ex
967 519 1035 594 hac
1053 523 1233 612 servitute,

348 630 481 699 scilicet
500 645 564 718 per
579 625 711 696 Filium
726 623 805 696 Dei.

297 728 384 803 llll.
422 728 576 799 Victoria
602 725 687 796 Filii
708 725 777 796 Dei
805 727 947 816 prodest
976 727 1099 806 nobis,
1134 741 1167 796 et
1184 727 1232 794 si-

348 845 409 903 cut
428 832 468 902 in
489 853 551 899 sua
573 851 722 920 persona
746 829 848 911 vicit,
875 828 922 896 ita
938 830 1013 899 vult
1029 827 1067 896 in
1085 830 1233 897 creden·

351 935 447 1006 tibus
469 933 609 1000 vincere
627 931 772 1000 insidias
789 928 945 1012 diaboli,
979 931 1043 1000 etsi
1068 930 1145 999 vult
1166 953 1232 999 nos

348 1056 491 1130 quoque
507 1045 657 1114 certare,
683 1047 723 1102 ut
740 1030 962 1121 experiamur
978 1031 1162 1104 auxilium.

297 1136 341 1212 V.
369 1135 459 1206 Tres
473 1135 685 1205 tentationes
700 1134 739 1202 in
755 1154 902 1220 persona
917 1127 1051 1202 Christi
1069 1147 1151 1203 sunt
1170 1153 1229 1202 ex-

348 1236 464 1328 empla
486 1235 723 1306 tentationum
737 1231 947 1317 Ecclesiae,
966 1248 1001 1304 et
1016 1233 1231 1325 persecutio-

348 1363 448 1408 num.

313 1470 483 1542 *Primum
501 1463 657 1538 Ecclesia
682 1468 856 1559 premitur
877 1469 1018 1560 inopia,
1052 1484 1086 1539 et
1106 1495 1229 1540 excru-

247 1575 361 1647 ciatur
377 1597 396 1642 a
413 1570 586 1664 tyrannis.

346 1689 511 1762 Secundo
527 1687 700 1756 laceratur
723 1709 743 1754 a
766 1687 971 1756 doctoribus
995 1688 1133 1780 impiis,
1167 1691 1229 1782 qui

248 1795 413 1886 dogmata
430 1802 600 1882 spargunt
615 1813 676 1858 sua
694 1788 839 1857 audacia
857 1789 933 1856 sine
950 1791 1057 1858 verbo
1072 1790 1151 1862 Dei.

301 1907 303 1910 ’
350 1908 475 1980 Tertio
494 1907 756 1978 contaminatur
771 1906 955 1978 manifesta
974 1908 1184 1984 idololatria.

478 2112 540 2183 De
553 2113 691 2201 primis
706 2117 868 2203 quotuor
881 2111 985 2182 iocis.
1035 2199 1046 2217 ι

343 2246 421 2319 Etsi
439 2260 490 2316 tot
513 2241 702 2315 horribilia
725 2245 876 2328 scelera,
908 2247 1148 2332 idololatriae,
1182 2249 1227 2317 li-

123 2431 129 2436 ,
241 2351 401 2430 bidines,
441 2347 585 2430 caedes,
622 2345 735 2430 bella,
774 2346 909 2414 excidia
941 2369 1152 2440 regnorum,
1193 2363 1228 2424 et

241 2474 388 2542 magnae
403 2448 637 2528 calamitates,
671 2471 760 2540 quae
776 2460 974 2540 sequuntur
991 2449 1118 2517 scelera
1126 2499 1142 2537 ,
1173 2475 1227 2538 sa-

244 2555 291 2624 tis
315 2551 506 2622 ostendunt
526 2549 676 2639 grassari
698 2549 852 2643 aliquem
878 2571 1018 2619 saevum
1045 2551 1226 2642 et“poten-

171 2739 176 2746 .
242 2670 314 2726 tem
340 2648 477 2723 hostem
511 2652 678 2720 adversus
710 2673 820 2740 genus
853 2643 1068 2720 humanum:
1107 2665 1227 2723 tamen

242 2770 363 2829 tantus
378 2768 428 2824 est
445 2768 568 2845 stupor
582 2748 788 2835 bominum,
819 2765 859 2820 ut
886 2739 971 2820 baec
995 2754 1099 2822 ducat
1123 2755 1226 2840 levia,

245 2872 279 2928 et
300 2869 400 2951 putet
420 2878 502 2948 casu
525 2855 693 2923 accidere.
752 2851 821 2923 Sed
855 2853 1015 2922 doctrina
1039 2849 1224 2946 Evangelii

242 2957 408 3052 patefacit
421 2979 521 3024 veras
537 2977 675 3038 causas,
701 2953 856 3023 ostendit
872 2954 1054 3024 diabolum
1076 2958 1223 3046 grassari

241 3063 410 3131 adversus
438 3079 548 3147 genus
582 3050 800 3139 humanum,
832 3070 865 3125 et
895 3051 1060 3126 homines
1083 3075 1225 3150 propter
1295 3127 1298 3132 .

240 3174 420 3254 peccatum
442 3158 619 3228 subiectos
640 3180 712 3226 esse
734 3159 810 3226 eius
835 3157 1026 3250 tyrannidi.
1085 3158 1225 3231 Rursus

242 3263 347 3334 etiam
373 3259 529 3330 ostendit
551 3259 655 3328 nobis
677 3259 923 3347 liberatorem,
956 3261 1016 3352 qui
1042 3285 1120 3329 cum
1147 3264 1223 3329 dia-

242 3364 327 3433 bolo
356 3361 559 3454 praeliatur.
619 3359 719 3430 Sicut
741 3355 917 3428 lohannes
943 3361 1076 3454 inquit:
1112 3359 1224 3432 Filius

241 3461 310 3534 Dei
338 3463 502 3554 apparuit
531 3474 571 3531 ut
595 3463 752 3531 destruat
774 3483 879 3551 opera
902 3461 1045 3536 diaboli.
1102 3467 1223 3558 ltaque

241 3568 281 3635 in
297 3589 431 3634 summa
447 3567 491 3632 de
509 3563 763 3632 tentationibus
779 3564 950 3631 tenendae
970 3577 1052 3633 sunt
1074 3562 1139 3635 bae
1161 3569 1223 3634 ad-

241 3667 475 3747 monitiones,
501 3665 543 3733 de
559 3664 691 3746 causis,
720 3676 753 3731 ct
768 3665 811 3730 de
827 3663 1027 3733 liberatore.

342 3757 487 3838 Certum
511 3779 578 3847 est,
604 3788 678 3832 non
702 3787 783 3833 casu
808 3765 964 3832 accidere
987 3778 1081 3836 tanta
1104 3763 1222 3835 homi-

241 3894 327 3940 num
366 3869 483 3950 mala,
523 3868 582 3934 sed
616 3866 798 3935 diabolum
835 3866 917 3934 odio
951 3866 1020 3934 Dei
1049 3864 1224 3938 hostiliter

240 3971 390 4061 grassari
407 3981 530 4038 contra
548 3989 691 4050 omnes,
718 3978 751 4035 et
769 3966 898 4053 insigni
923 3991 1042 4036 morsu
1068 3970 1223 4038 sauciare

241 4074 420 4162 singulos,
455 4071 544 4138 sicut
569 4067 674 4138 initio
700 4063 812 4136 Evam
835 4083 868 4138 et
893 4068 1008 4136 Adam
1043 4071 1222 4140 sauciavit.

242 4174 362 4263 Quare
385 4196 482 4242 suam
505 4172 655 4262 quisque
681 4170 788 4240 vitam
812 4169 1012 4253 intueatur,
1046 4187 1079 4243 et
1098 4173 1222 4260 depre.

241 4272 374 4346 heudet
403 4272 548 4364 aliquod
577 4271 714 4359 insigne
743 4271 882 4338 vulnus.
946 4268 1120 4342 Insidiose
1143 4297 1222 4362 per.

242 4373 350 4448 trahit
367 4375 531 4443 diabolus
545 4372 602 4439 vel
617 4373 661 4440 ad
679 4372 810 4461 scelus,
838 4372 895 4439 vel
912 4374 957 4440 ad
980 4375 1222 4458 calamitatem,

241 4493 280 4549 ut
308 4477 393 4545 inde
422 4470 599 4564 pertrahat
632 4473 669 4541 in
695 4474 975 4561 desperationem
1001 4489 1034 4544 et
1058 4471 1222 4565 blasphe-'

239 4580 361 4652 miam.
413 4573 487 4645 Has
507 4576 654 4644 insidias
674 4575 954 4655 consideremus,
989 4589 1024 4648 et
1045 4577 1222 4653 discamus

241 4682 430 4767 confugere
461 4680 506 4747 ad
537 4680 662 4747 ducem
694 4692 855 4746 nostrum
881 4672 1061 4748 Christum
1088 4677 1220 4747 Filium

241 4781 327 4867 Dei,
353 4781 415 4873 qui
432 4781 623 4869 praeliatur
637 4771 804 4847 adversus
820 4779 1026 4860 diabolum,
1044 4780 1134 4849 sicut
1149 4781 1221 4849 ini-

242 4886 292 4954 tio
308 4886 346 4952 in
365 4881 497 4952 Genesi
512 4883 646 4950 dictum
665 4892 732 4950 est:
760 4878 839 4949 Hoc
855 4903 974 4949 semen
993 4895 1147 4951 conterat
1164 4906 1221 4950 ca-

242 4999 305 5077 put
320 4984 510 5073 serpentis,
527 5005 616 5076 quae
633 5006 700 5050 vox
717 5005 858 5068 prorsus
877 4983 1043 5072 convenit
1060 5007 1138 5052 cum
1158 4985 1221 5052 illo

231 5087 335 5156 'dicto
351 5082 535 5155 lobannis:
568 5081 683 5153 Filius
697 5080 765 5150 Dei
788 5083 968 5173 apparuit.
1001 5098 1040 5154 ut
1066 5086 1221 5155 destruat

241 5187 519 5281 operadiaboli,
543 5187 668 5264 idest,
696 5199 850 5276 peccata,
876 5183 1100 5271 calamitates,
1125 5209 1220 5257 mor-

242 5306 326 5362 lem.

700 249 705 260 ,
813 143 970 220 ‚euru
997 141 1116 225 uer.
1141 143 1353 224 sensura
1378 139 1679 228 rrrourrcx
1722 159 1725 166 ¹

1385 319 1482 394 Haec
1497 325 1536 394 in
1548 349 1683 396 summa
1701 319 1759 396 hic
1771 325 1992 398 observanda
2008 341 2103 411 sunt,
2116 337 2156 398 ut
2168 351 2275 420 prae-

1284 444 1450 511 paremus
1462 427 1618 519 animos,
1651 430 1825 521 quianon
1848 429 1941 498 levia
1967 430 2160 500 certamina
2184 431 2274 500 sub-

1283 528 1401 594 eunda
1416 542 1509 598 sunt.
1562 527 1604 597 ln
1622 525 1679 599 his
1695 531 1808 600 luceat
1825 543 1860 602 et
1876 545 2079 602 exerceatur
2093 531 2210 616 fides,
2237 545 2272 600 et

1283 627 1495 716 imploretur
1508 631 1679 700 auxilium
1695 629 1779 700 Filii
1796 628 1881 716 Dei,
1906 632 1969 724 qui
1983 633 2063 700 ideo
2084 632 2169 703 vicit
2190 633 2271 701 dia-

1283 727 1406 798 bolum
1422 731 1462 797 iri
1476 725 1532 799 his
1548 732 1822 816 tentationibus,
1847 746 1888 802 ut
1911 736 2075 804 ostendat
2097 754 2132 801 se
2155 734 2271 805 victo-

1283 851 1357 896 rem
1386 832 1478 917 fore‚
1511 833 1617 902 etiam
1649 834 1687 902 in
1720 830 1776 904 bis
1797 834 1957 924 praeliis,
1988 835 2028 902 in
2051 835 2180 926 quibus
2203 856 2271 905 nos

1282 931 1444 1003 adoritur
1459 933 1636 1004 diabolus.
1651 961 1657 978 ·

1749 1093 1803 1176 V.

1383 1230 1437 1304 De
1451 1229 1584 1306 Christi
1600 1232 1856 1305 tentationibus
1870 1234 2061 1322 cogitemus
2074 1233 2181 1304 fuisse
2198 1237 2270 1305 mi·

1281 1358 1360 1404 rum
1378 1337 1578 1428 quoddam,
1594 1336 1806 1406 insidiosum
1822 1347 1856 1405 et
1872 1329 2062 1405 vehemens
2078 1350 2271 1420 certamen,

1282 1449 1316 1505 et
1334 1439 1447 1508 multo
1463 1437 1578 1508 acrius
1603 1451 1638 1508 et
1660 1438 1794 1526 maius,
1823 1460 1930 1529 quam
1952 1461 1972 1506 a
1994 1437 2099 1507 nobis
2119 1439 2271 1526 cogitari

1281 1539 1402 1628 possit.
1456 1539 1629 1609 Tentatus
1654 1550 1705 1607 est
1722 1539 1944 1628 aliassaepe:
1973 1541 2035 1608 sed
2060 1533 2127 1607 hae
2150 1552 2269 1608 tenta-

1281 1639 1394 1708 tiones
1409 1640 1621 1709 nominatim
1639 1641 1909 1724 describuntur,
1935 1637 2132 1732 quiahaud
2155 1640 2269 1711 dubie

1280 1740 1478 1828 significant
1494 1741 1628 1834 aliquid
1642 1741 1711 1812 toti
1728 1737 1917 1813 Ecclesiae.

1736 1899 1810 1976 VI.

1380 2040 1435 2111 De
1467 2042 1582 2135 prima
1614 2040 1809 2113 tentatione
1840 2035 2008 2110 historiae
2038 2057 2144 2113 notae
2169 2058 2267 2130 sunt,

1280 2159 1437 2234 tempore
1468 2141 1723 2235 Apostolorum
1758 2152 1793 2212 et
1820 2140 2020 2235 Martyrum
2050 2167 2198 2234 corpora
2228 2161 2266 2217 et

1278 2246 1462 2316 facultates
1478 2239 1615 2335 piorum
1633 2263 1770 2336 semper
1784 2257 1884 2314 erant
1898 2245 1936 2312 in
1952 2245 2120 2333 periculo.
2162 2243 2264 2314 ldem

1277 2348 1365 2417 solet
1380 2347 1537 2416 accidere
1552 2349 1837 2439 quandocunque
1859 2361 2049 2416 moventur
2070 2347 2265 2418 certamina

1279 2451 1323 2517 de
1346 2447 1527 2532 doctrina,
1553 2461 1593 2517 ut
1611 2471 1724 2518 nunc:
1753 2461 1787 2516 et
1802 2443 1888 2517 haec
1911 2445 2058 2518 tentatio
2082 2449 2148 2516 srrb
2163 2446 2263 2518 Tur-

1279 2551 1351 2621 cica
1367 2550 1554 2646 tyrannide
1566 2548 1790 2620 recrudescit.
1842 2547 1910 2618 llic
1931 2549 2078 2618 insultat
2096 2549 2263 2619 diabolus

1277 2653 1471 2721 multorum
1493 2649 1640 2730 animis,
1667 2649 1706 2721 Si
1730 2650 1796 2719 lilii
1816 2647 1884 2718 Dei
1906 2651 2007 2733 estis,
2033 2651 2063 2720 si
2087 2649 2161 2719 Deo
2184 2673 2263 2720 ser-

1277 2753 1378 2836 vitis,
1403 2753 1535 2824 scilicet
1550 2753 1782 2821 victitandum
1796 2752 1898 2821 vobis
1913 2751 1981 2819 erit
2004 2775 2045 2819 ex
2068 2752 2261 2841 lapidibus.

1277 2849 1340 2923 Est
1364 2854 1459 2922 enim
1481 2853 1597 2923 ironia
1620 2854 1819 2923 obiicientis
1843 2853 2022 2954 inopiam,
2047 2854 2195 2934 famem,
2223 2867 2264 2925 et

1276 2955 1363 3024 alias
1378 2955 1537 3024 miserias
1554 2956 1792 3046 exprobantis.

1378 3053 1447 3124 Hic
1461 3059 1681 3146 quaerendae
1697 3069 1732 3124 et
1749 3056 1983 3146 opponendae
1996 3064 2079 3123 sunt
2095 3055 2262 3124 consola-

1276 3157 1402 3250 tiones,
1459 3155 1620 3226 Primum
1640 3158 1791 3226 sciamus
1812 3177 2016 3225 mansuram
2038 3177 2111 3223 csse
2132 3153 2262 3226 Eccle-

1275 3261 1381 3341 siant,
1419 3273 1453 3329 et
1480 3281 1554 3328 non
1582 3283 1683 3349 posse
1708 3259 1817 3327 everti
1849 3281 1867 3325 a
1903 3257 2012 3345 portis
2049 3256 2260 3333 inferorum.

1274 3359 1415 3430 Deinde
1441 3362 1591 3430 sciamus
1625 3362 1830 3430 invocantes
1855 3353 2036 3428 Christum
2072 3353 2259 3430 habituros

1275 3485 1348 3531 esse
1363 3461 1552 3542 auxilium,
1585 3463 1681 3532 iuxta
1699 3456 1767 3531 hoc
1791 3462 1944 3529 dictum:
1973 3457 2087 3530 Filius
2103 3457 2169 3528 Dei
2190 3485 2259 3550 ap-

1276 3563 1409 3655 paruit,
1435 3575 1474 3633 ut
1488 3565 1645 3634 destruat
1662 3587 1766 3654 opera
1786 3561 1931 3632 diaboli.
1983 3557 2090 3628 Item:
2115 3558 2197 3630 Non
2217 3563 2259 3632 in

1274 3666 1350 3736 solo
1364 3688 1455 3754 pane
1471 3665 1559 3733 vivit
1573 3661 1700 3746 homo,
1732 3665 1770 3732 iu
1787 3659 1943 3732 Ecclesia
1961 3661 2087 3755 alitur,
2113 3686 2259 3732 conser-

1275 3781 1395 3848 vatur,
1428 3766 1632 3834 defenditur
1661 3789 1735 3847 non
1769 3778 1905 3834 tantum
1941 3763 2189 3832 communibus
2221 3780 2261 3838 et

1275 3867 1476 3936 visibilibus
1504 3867 1646 3935 auxiliis
1675 3879 1710 3936 et
1732 3867 1867 3949 modis,
1900 3863 2088 3932 sedetiam
2112 3865 2260 3952 divinis,

1274 3991 1363 4061 quae
1377 3990 1451 4034 non
1471 3966 1635 4056 perspicit
1648 3967 1751 4036 ratio.
1803 3965 1841 4037 Si
1862 3980 1979 4035 tamen
1998 3962 2154 4035 Ecclesia
2178 3991 2260 4034 ma·
2304 4019 2305 4026 .

1274 4082 1356 4139 neat
1369 4069 1407 4135 in
1421 4069 1599 4155 agnitione
1614 4069 1711 4136 verbi
1729 4069 1811 4150 Dei,
1847 4093 1921 4136 uon
1945 4067 2080 4135 deficiat
2103 4089 2123 4135 a
2145 4069 2259 4139 verbo
2300 4129 2305 4146 ,

1273 4168 1350 4239 Dei.
1418 4167 1579 4238 Psalmus
1612 4169 1744 4262 inquit:
1797 4170 1930 4241 Scitote
1962 4169 2058 4259 quod
2091 4166 2261 4242 mirificat

1272 4267 1451 4341 Dominus
1468 4283 1625 4338 sanctum
1650 4295 1765 4340 suum.
1819 4268 1889 4354 lta,
1918 4269 1984 4338 etsi
2007 4269 2077 4337 iam
2099 4294 2173 4340 non
2199 4272 2260 4338 vi-

1273 4373 1416 4454 demus,
1444 4371 1557 4462 qualis
1578 4372 1623 4441 sit
1643 4374 1760 4442 futura
1778 4367 1956 4454 Ecclesia,
1988 4371 2124 4448 etiamsi
2142 4371 2261 4442 Turci

1272 4487 1344 4544 tota
1354 4470 1496 4563 Europa
1514 4475 1726 4562 potirentur,
1746 4475 1908 4543 tamensi
1924 4473 2158 4542 retinebimus
2173 4497 2258 4541 vcr-

1272 4577 1357 4644 bum
1379 4567 1480 4659 Dei,
1502 4599 1607 4644 curae
1634 4575 1701 4644 erit
1722 4573 1818 4660 Deo,
1853 4588 1894 4645 ut
1916 4570 2108 4644 habeamus
2130 4574 2259 4643 defen-

1271 4677 1419 4746 sionem.

1373 4779 1562 4848 Caeterum
1593 4771 1679 4845 haec
1706 4776 1868 4846 doctrina
1893 4775 1998 4844 etiam
2022 4773 2171 4864 singulis
2193 4799 2257 4848 ac-

1271 4881 1528 4950 commodanda
1545 4891 1612 4961 est,
1634 4878 1880 4971 unusquisque
1897 4877 1936 4943 in
1960 4898 2020 4944 sua
2044 4877 2183 4966 inopia,
2213 4881 2255 4948 in

1271 4981 1343 5049 suis
1367 4981 1533 5069 periculis
1555 4979 1702 5068 cogitet,
1733 5002 1769 5047 se
1791 4979 1875 5048 solis
1899 4972 2066 5048 humanis
2093 4980 2257 5050 consiliis

1269 5106 1343 5150 non
1365 5105 1466 5173 posse
1487 5082 1578 5152 tueri
1599 5081 1726 5162 vitam,
1751 5080 1990 5161 vocationem,
2016 5079 2162 5150 statum:
2190 5085 2256 5151 sed

1269 5185 1460 5274 petendum
1479 5197 1510 5253 et
1527 5183 1778 5273 expectandum
1796 5203 1869 5250 esse
1884 5181 2055 5250 auxilium
2073 5182 2253 5263 divinum,

1269 5299 1310 5356 ut
1322 5285 1360 5354 in
1377 5285 1446 5354 fide
1463 5304 1496 5354 et
1514 5283 1737 5354 invocatione
1754 5282 1822 5352 Dei
1838 5283 2009 5353 vivamus.
2059 5280 2130 5354 Sed
2148 5285 2254 5374 pauci
