4620 5814
251 213 328 294 sas
805 201 977 292 „antu
1003 197 1121 285 uun
1143 185 1355 284 scnurs
1380 199 1686 287 mumma
2207 215 2276 292 sn

253 386 389 460 bulato.
441 371 637 472 Deinde-bi
651 397 794 471 quoque
810 373 975 449 esuriunt
991 389 1026 448 et
1046 375 1175 450 sitiout
1193 374 1249 448 iu·
1302 372 1486 468 deceptiva
1508 388 1612 460 sunt,
1639 399 1681 450 ac
1706 391 1851 470 propter
1873 379 2096 474 probabilem
2115 382 2274 460 rationem

256 486 415 572 eliciam,
437 481 503 578 qui
515 501 604 552 sero
620 479 746 551 dolore
760 489 794 558 ct
809 479 885 548 zelo
903 479 1151 552 excruciantur
1165 500 1251 569 pro·
1302 477 1435 550 talibus
1448 476 1562 552 lenire
1579 477 1740 554 miserias
1751 481 1880 555 studet.
1951 503 1953 508 ·

256 605 337 686 pter
360 582 606 660 confusionem
629 579 814 652 doctrinae
837 579 998 654 coelestis
1018 580 1057 651 in
1080 577 1250 663 Ecclesia,
1403 575 1464 649 Sic
1477 575 1576 650 Deus
1590 594 1643 654 est
1660 581 1863 655 misericors
1876 582 1916 656 in
1936 582 2147 676 recipiendis
2166 587 2274 678 primis

256 705 402 787 propter
428 675 586 760 cantatis
616 679 923 756 labefactationem
952 695 987 754 et
1016 683 1145 776 impias
1171 704 1251 755 cor·
1302 679 1511 771 parentibus
1524 675 1664 754 Adamo
1679 697 1715 759 et
1726 681 1820 766 Eva,
1846 707 2001 780 quorum
2016 686 2131 778 lapsus
2146 691 2205 760 etsi
2220 692 2275 760 tri·

258 793 431 887 cuptelas,
464 787 549 884 quia
577 783 701 858 vident
727 783 902 875 plurimos
924 807 1088 876 perverse
1112 785 1252 867 docere,
1302 778 1476 852 stissimus
1491 781 1580 863 fuit,
1606 796 1724 856 tamen
1747 786 1817 879 ipsi
1834 799 1909 859 non
1934 789 2087 880 superbo
2111 803 2275 864 contemtu

260 895 468 970 confirmare
495 902 530 960 et
554 886 715 960 stabilire
743 885 857 970 idola,
890 887 1111 958 comminisci
1138 906 1252 955 novos
1301 880 1370 957 Dei
1394 883 1541 956 scientes
1561 898 1598 958 et
1618 882 1817 979 blasphemi
1842 887 2048 960 offuderunt
2069 890 2147 961 aliis
2164 894 2274 964 falsam

260 1019 397 1072 crcnms
420 1006 486 1064 etc.
510 1013 551 1060 ac
571 1000 753 1078 gementes
777 1001 900 1073 orant,
924 1003 966 1060 ut
988 987 1084 1060 Deus
1106 987 1252 1068 adiuvet
1303 984 1582 1076 persuasionem,
1596 981 1637 1058 ut
1651 987 1863 1079 impulsores
1878 990 2013 1062 diaboli
2027 994 2185 1066 ardentes
2200 989 2274 1064 bor-

259 1095 552 1192 propagationem
578 1113 662 1162 snae
690 1088 871 1175 veritatis,
912 1103 948 1162 et
976 1089 1251 1174 sanet,vulnera
1302 1085 1403 1156 ribili
1417 1086 1503 1158 odie
1519 1084 1599 1162 Dei.
1651 1087 1841 1183 Propterea
1858 1088 1954 1166 Dens
1975 1088 2042 1164 bec
2064 1095 2275 1168 distinctione

259 1198 439 1276 Ecclesiae
454 1193 641 1268 extricatae
658 1215 699 1262 ex
713 1191 904 1266 erroribus.
1302 1188 1473 1260 discernit
1487 1184 1650 1262 homines
1670 1193 1787 1284 lapsos
1804 1206 1838 1264 et
1856 1193 2037 1280 diabolos,
2063 1200 2158 1292 quod
2175 1199 2274 1290 rigide

170 1389 173 1394 Ι
359 1299 421 1374 Sic
437 1291 616 1370 lohannes
624 1289 851 1389 Evangelista
868 1305 954 1365 tunc
970 1291 1139 1365 sustinuit
1156 1313 1252 1362 acres
1276 1361 1280 1394 Ι
1302 1289 1380 1359 eine
1393 1290 1467 1362 ulla
1484 1291 1706 1382 mitigatione
1722 1317 1879 1370 severam
1900 1296 2078 1369 iusticiam
2101 1315 2228 1374 exercet
2246 1311 2274 1370 et

205 1441 207 1448 ¹
260 1406 424 1487 dolores,
457 1421 538 1470 cum
560 1394 706 1467 Hebion
736 1407 770 1466 et
793 1389 1014 1468 Cherintbus
1044 1394 1196 1486 impium
1219 1407 1254 1464 et
1302 1391 1489 1485 exequitur
1508 1395 1676 1465 adversus
1698 1391 1924 1489 blasphemos
1939 1399 2113 1476 diabolos.
2162 1401 2208 1474 At
2227 1405 2274 1472 in·

260 1499 508 1599 blasphemum
524 1502 652 1588 dogma
668 1512 884 1594 sparserunt,
906 1491 1131 1569 detrahentes
1146 1491 1253 1572 Chri·
1304 1493 1497 1564 enarrabili
1516 1507 1793 1588 temperamento
1816 1499 2049 1594 mirandaque
2071 1504 2274 1594 copulatione

217 1629 219 1634 ·
260 1623 315 1683 sto
333 1605 494 1680 divinam
509 1615 687 1674 naturam.
1187 1624 1194 1633 ·
1303 1593 1463 1666 iusticias
1477 1607 1512 1667 et
1527 1597 1790 1670 misericordiae
1807 1601 1858 1672 sic
1873 1602 1986 1694 parcit
2000 1599 2220 1690 bominibus,
2242 1620 2273 1678 nt

227 1697 234 1706 ⁰
364 1708 414 1778 At
438 1706 484 1776 de
516 1702 715 1797 Polycarpo
743 1699 868 1771 scribit
882 1697 1078 1786 irenaeus,
1108 1697 1251 1770 solitum
1303 1695 1449 1774 stiram
1465 1699 1618 1770 declaret
1639 1701 1678 1770 in
1694 1702 1839 1792 poenis,
1867 1717 1900 1775 et
1916 1703 2137 1795 mitigatione
2158 1731 2273 1808 poena·

263 1807 474 1904 saepeseris
486 1803 677 1896 gemitibus
695 1802 904 1894 deplorare,
929 1802 1027 1894 qnod
1049 1823 1123 1870 non
1139 1799 1254 1871 multo
1305 1821 1386 1869 rum
1403 1797 1682 1872 misericordiam
1699 1818 1868 1878 exerceat.
2143 1821 2150 1842 '

262 1928 362 1996 ante,
388 1931 495 2006 mam
511 1901 709 1978 horrendas
725 1897 964 1996 blasphemias
978 1897 1174 1976 Marcionis
1188 1924 1254 1973 au·
1403 1896 1508 1972 Hanc
1522 1901 1688 1976 virtutem
1703 1904 1855 1978 scianms
1867 1890 1973 1978 nobis
1987 1932 2130 2004 quoque
2143 1915 2277 1982 manda-

262 2016 427 2095 divisset‚
453 2006 565 2081 aDeo
583 2030 624 2078 ex
645 2002 754 2077 huius
774 2006 867 2076 vitae
889 2004 1067 2076 curriculo
1090 2017 1255 2076 evocatus
1304 2013 1377 2072 tam
1393 2013 1429 2070 et
1445 2009 1662 2094 praeceptam
1678 2029 1766 2078 esse:
1792 2003 1916 2080 Estote
1931 2009 2184 2097 misericordes,
2197 2015 2272 2084 sicut

263 2129 363 2191 acac
402 2110 617 2204 Quicunque
633 2109 743 2197 igitur
756 2131 839 2178 vero
856 2119 956 2178 motu
970 2105 1255 2178 cordisclamant
1305 2117 1340 2174 et
1356 2099 1461 2174 Pater
1477 2117 1591 2178 vester
1606 2107 1807 2178 misericors
1820 2122 1883 2182 est.

263 2216 457 2302 adDeum,
481 2223 657 2303 gementes
670 2232 711 2279 ac
722 2221 939 2289 moerentes,
964 2230 1010 2278 ne
1025 2209 1255 2280 labefactetur
1405 2201 1568 2277 Primum
1589 2208 1757 2280 debemus
1778 2211 1871 2282 affici
1888 2233 1994 2282 sensu
2012 2214 2211 2288 calamitatis
2225 2217 2273 2284 in·

221 2341 227 2354 ·
264 2336 298 2394 et
314 2317 537 2412 opprimatur
554 2313 702 2394 veritas,
730 2310 875 2380 illorum
892 2332 1010 2400 preces
1026 2333 1252 2404 nequaquem
1306 2319 1514 2392 nocentum,
1539 2307 1630 2380 sicut
1645 2306 1714 2382 boc
1731 2311 1808 2402 ipso
1823 2324 1981 2402 tempore
2004 2315 2149 2405 plurimi
2171 2313 2272 2386 homi·

264 2435 349 2495 ,uns
368 2418 503 2489 irritae,
1076 2482 1080 2493 y
1303 2429 1368 2478 nes
1383 2407 1589 2480 innocentes
1609 2433 1649 2482 ac
1664 2413 1714 2504 pii
1731 2437 1813 2484 cum
1836 2414 1973 2484 miseris
1994 2418 2140 2488 familiis
2159 2441 2273 2509 vagan-

366 2518 419 2592 lta
440 2513 571 2589 Daniel
593 2511 730 2603 ingenti
758 2525 858 2585 motu
891 2525 1055 2605 precatur
1078 2513 1125 2581 de
1152 2511 1256 2582 resti·
1305 2520 1366 2577 tur
1382 2507 1484 2579 eiecti
1500 2533 1542 2580 ex
1556 2511 1628 2581 suis
1645 2514 1801 2600 nidulis,
1827 2515 1957 2609 quibus
1971 2541 2076 2610 opem
2092 2523 2198 2605 ferre,
2221 2523 2272 2592 be·

265 2622 399 2699 tuenda
421 2613 578 2692 Ecclesia
599 2627 636 2687 et
656 2614 914 2687 instauratione
937 2613 1061 2706 templi
1078 2609 1255 2708 lerosoly·
1305 2609 1466 2679 nefacere
1482 2632 1523 2681 ac
1536 2611 1694 2702 miserias
1712 2615 1825 2686 lenire
1838 2616 1969 2707 singuli
1986 2642 2052 2711 pro
2069 2623 2272 2693 facultatibus

265 2725 403 2800 mit'ani.
453 2711 695 2794 Ethecbiel.
709 2713 745 2792 9.
761 2713 962 2789 vetatDeus
984 2718 1031 2788 ab
1052 2715 1177 2806 angelo
1193 2739 1255 2786 oc-
1306 2722 1340 2780 et
1356 2710 1540 2782 vocatione
1556 2714 1735 2802 debemus.
1927 2801 1930 2818 .
2299 2785 2300 2790 ,

266 2829 338 2904 cidi
352 2850 429 2914 cos,
455 2823 519 2920 qni
534 2833 679 2911 gemunt
695 2831 841 2911 propter
854 2817 951 2888 idola
966 2832 998 2892 et
1016 2817 1255 2891 abominatio·
1407 2811 1590 2900 Secundo,
1616 2820 1777 2890 sontibus
1794 2820 1899 2892 etiarn
1916 2819 2088 2896 debemus
2102 2826 2271 2916 ignoscere,

181 3011 187 3025 ,
266 2955 330 3002 nes
349 2931 389 3000 in
404 2927 505 2998 luda.
557 2918 1256 3012 trema.Reg.19.prop0niturexem.
1305 2911 1356 2983 sic
1374 2927 1416 2985 ut
1436 2915 1658 2990 remittamus
1678 2920 1815 3016 aliquid
1836 2925 1882 2994 de
1899 2947 2040 2996 summo
2055 2925 2149 3013 iure,
2172 2925 2271 2999 etmi-

266 3035 365 3127 plum
392 3024 647 3122 pulcerrimum
678 3021 754 3092 veri
783 3033 818 3094 et
839 3022 997 3093 ardentis
1019 3021 1085 3095 aeli
1108 3022 1160 3097 in.
1173 3017 1256 3092 Elis
1306 3013 1456 3104 ligerum
1470 3017 1599 3107 iustam
1607 3022 1860 3104 calamitatem,
1884 3025 2089 3123 ubicunque
2104 3032 2191 3101 ratio
2207 3050 2271 3096 mu·

267 3133 445 3208 esuriente
471 3139 507 3199 et
538 3125 679 3196 sitiente
712 3122 905 3209 iusticiam,
943 3126 1088 3218 quando
1113 3145 1256 3214 gemens
1305 3116 1403 3190 neris
1429 3131 1465 3191 et
1485 3120 1594 3190 oflicii
1616 3121 1752 3215 priblici
1776 3147 1852 3194 non
1881 3119 1980 3200 iubet
2014 3153 2132 3201 severe
2159 3148 2271 3226 poenas

265 3229 504 3310 acerbissimis
528 3225 682 3323 querelis
708 3226 883 3298 clamitat:
915 3223 1002 3296 Zelo
1025 3225 1157 3296 aelatus
1177 3247 1254 3296 sum
1307 3219 1443 3313 exequi.
1509 3217 1601 3292 Nam
1633 3224 1874 3318 indulgentiae
1906 3229 2040 3301 nimiae
2071 3227 2271 3314 confirmanti

266 3363 332 3431 pro
348 3325 509 3408 Domino
525 3325 602 3400 Deo
622 3328 859 3410 exercituum,
884 3327 968 3421 quia
990 3327 1257 3420 dereliquerunt
1306 3321 1437 3392 enoda
1458 3338 1598 3413 peccata
1619 3349 1841 3421 nequaquam
1859 3330 2123 3404 misericordiae
2137 3333 2271 3426 appella-

269 3452 409 3534 pactum
423 3449 525 3508 tuum
537 3432 605 3502 lilii
618 3429 728 3502 Israiil
737 3479 748 3514 ,
775 3430 901 3502 altaria
916 3442 977 3501 tua
991 3431 1257 3514 destruxerunt,
1306 3419 1358 3493 tio
1373 3422 1561 3495 tribuenda
1576 3439 1646 3514 cst,
1672 3443 1712 3499 ut
1726 3431 1755 3500 si
1779 3430 1885 3502 iudex
1903 3446 1965 3504 aut
1986 3438 2202 3526 magistratus
2218 3433 2270 3501 ali-

269 3555 305 3612 et
326 3524 522 3633 Prophetas
544 3549 626 3606 tuos
642 3532 849 3602 occiderunt
867 3532 1002 3621 gladio,
1027 3545 1062 3600 et
1082 3531 1179 3602 solus
1201 3554 1254 3600 rc-
1307 3524 1388 3618 quis
1405 3525 1493 3596 velit
1512 3529 1703 3600 connivere
1723 3535 1767 3602 ad
1795 3535 1955 3604 enormia
1980 3538 2126 3623 delicta,
2150 3557 2269 3630 parcere

268 3643 374 3716 lictus
394 3663 473 3712 sum
493 3661 577 3732 ego,
604 3633 705 3706 cuins
725 3634 881 3704 animam
903 3629 1079 3727 quaerunt
1096 3645 1137 3705 ut
1158 3633 1256 3704 aufe·
1307 3619 1506 3711 homicidis,
1531 3629 1682 3713 furibus,
1707 3646 1743 3704 et
1757 3635 1836 3704 aliis
1851 3634 1888 3704 id
1902 3657 2014 3726 genus
2028 3639 2270 3730 grassatoribus,
2297 3685 2298 3697 .

269 3757 362 3816 rant.
462 3749 488 3836 Ἰ
1308 3726 1529 3819 impunitatis
1552 3754 1613 3823 spe
1638 3737 1864 3825 pergentibus
1895 3741 2041 3810 turbare
2071 3759 2270 3812 communem

395 3918 403 3934 ,
468 3913 477 3930 ‚
548 3911 556 3928 ‚
771 3897 797 3926 .,
886 3909 895 3926 .
966 3909 975 3926 ,
1071 3909 1079 3928 ι
1307 3831 1522 3905 societatem.
1561 3833 1657 3904 Huic
1673 3849 1873 3928 opponatur
1886 3839 2025 3911 fulmen
2041 3845 2136 3914 vocis
2152 3841 2270 3912 divinae

284 3919 403 3989 Beflil
422 3903 707 3993 ''mmmm'’
733 3926 824 4000 ‘lma
841 3901 1141 3980 mmmmm
1158 3927 1245 3978 cott-
1308 3953 1350 3999 ex
1364 3928 1663 4006 Deuteronomio:
1690 3937 1770 4008 Non
1787 3962 1907 4031 parces
1922 3943 1967 4012 ei.

658 4017 870 4103 sequenter.
1020 4055 1023 4065 ,
1359 4089 1362 4098 ,
1409 4031 1656 4106 Misericordia
1685 4063 1770 4110 vero
1800 4042 2003 4132 probabiles
2038 4041 2143 4118 babet
2170 4061 2297 4115 causari

371 4149 471 4238 Quid
490 4145 610 4217 differt
625 4139 868 4214 misericordia
886 4165 906 4210 a
924 4141 1087 4214 iusticia?
1113 4140 1257 4214 iusticia
1308 4133 1514 4205 clementiae
1548 4149 1583 4208 et
1615 4140 1849 4229 mitigationis
1874 4167 2027 4237 poenae,
2061 4147 2203 4240 ignoscit
2225 4143 2269 4222 iis,

267 4251 396 4324 iudicis
415 4262 468 4320 est
488 4249 585 4320 iuxta
604 4246 697 4335 leges
719 4243 847 4336 punire
868 4245 1075 4337 omnesqui
1096 4244 1257 4338 delique.
1308 4234 1370 4328 qui
1394 4235 1533 4329 decepti
1553 4261 1616 4311 scu
1641 4245 1775 4334 seducti
1806 4259 1905 4329 sunt,
1937 4260 1972 4317 et
1994 4250 2040 4319 de
2064 4251 2188 4344 quibus
2210 4265 2268 4313 ποῦ

268 4349 372 4434 mm,
405 4365 440 4423 e,
461 4345 609 4447 quiden,
638 4346 858 4436 ,iugulorum
889 4343 1099 4418 delictorum
1123 4367 1257 4443 poenas
1308 4360 1399 4408 vana
1415 4359 1493 4428 spes
1509 4354 1560 4411 est
1575 4345 1841 4416 emendationis.

86 4451 136 4556 ’1
268 4452 396 4548 exequi
423 4453 530 4526 iuxta,
550 4469 714 4520 normam
745 4447 882 4538 legibus
912 4447 1151 4520 constitutam.
1204 4445 1257 4520 lta
1410 4438 1481 4512 Sed
1497 4441 1718 4534 indulgentia
1733 4469 1794 4518 seu
1817 4448 1942 4519 lenitas
1958 4451 2151 4522 connivens
2166 4449 2204 4518 ad
2220 4447 2296 4513 de·}

268 4557 364 4630 Dens
393 4554 583 4647 asperrime
612 4550 689 4622 sine
711 4550 785 4620 ulla
809 4549 1031 4638 mitigatione
1052 4548 1157 4640 punit
1178 4550 1256 4620 dia-
1307 4541 1407 4626 licis,
1433 4557 1485 4618 est
1506 4546 1726 4619 confirmatio
1747 4549 1943 4635 scelerum,
1967 4555 2125 4622 caedium
2147 4565 2178 4622 et
2198 4545 2269 4618 alit·

268 4660 372 4737 bolos
393 4656 491 4727 iuxta
510 4652 607 4727 bunc
627 4653 814 4724 immotum
837 4650 1003 4721 ordinem
1029 4673 1170 4722 severae
1199 4651 1257 4722 iu·
1307 4667 1388 4714 rum
1405 4645 1681 4740 turpitudinum.
2078 4706 2084 4718 .

268 4761 402 4835 stiriae·
1056 4771 1060 4776 '
1410 4745 1523 4822 Porro
1537 4745 1914 4838 bnicmisericordiae‚
1940 4779 2031 4848 quae
2050 4745 2295 4838 trihuiturvel

370 4855 619 4934 Misericordia
649 4877 733 4926 vcro
756 4852 869 4923 virtus
892 4865 961 4937 est,
993 4873 1083 4946 quae
1104 4851 1258 4923 aflicitur
1309 4848 1542 4932 sontibusvcl
1565 4851 1836 4940 innocentibus,
1861 4859 2157 4949 quemadmodum
2179 4849 2268 4944 paulo
2294 4859 2295 4921 t

213 5002 216 5010 ν
270 4966 395 5038 dolore
417 4960 458 5035 in
472 4959 589 5030 aliena
610 4955 807 5028 calamitate
828 4953 980 5038 iniusta,
1006 4968 1040 5026 et
1060 4953 1258 5046 opitulatur
1309 4954 1539 5026 antedictum
1554 4966 1624 5038 est,
1649 4952 1827 5025 Dominus
1839 4957 1978 5030 addidit
1991 4959 2229 5052 amplissimam
2241 4959 2269 5016 ct

270 5066 401 5140 iniuste
421 5059 618 5160 oppressis,
643 5070 817 5153 quantum
843 5069 972 5149 potest:
1008 5055 1196 5127 autetiam
1218 5055 1258 5126 in
1309 5054 1548 5126 dulcissimam
1580 5057 1870 5146 promissionem:
1909 5057 2011 5130 Beati
2043 5053 2270 5131 misericordes,

145 5161 151 5168 ’
269 5167 465 5240 calamitate
482 5165 575 5237 insta
591 5161 689 5232 dolet
704 5161 816 5234 vicem
833 5182 977 5244 eorum,
1003 5157 1066 5252 qni
1083 5157 1150 5229 etsi
1172 5181 1258 5250 poe-
1309 5155 1393 5252 quia
1421 5155 1698 5228 misericordiam
1722 5175 1992 5254 consequentur.
2043 5161 2138 5234 ldem
2158 5153 2268 5228 conflr-

270 5292 337 5344 ms
352 5253 471 5340 meriti
492 5279 593 5358 sunt,
620 5276 739 5335 tamen
761 5285 836 5337 non
855 5261 1002 5332 fuerunt
1022 5261 1129 5332 duces
1145 5272 1180 5329 et
1195 5283 1258 5330 an-
1281 5321 1283 5332 .
1310 5259 1410 5329 mint
1429 5259 1587 5359 plurima
1608 5259 1720 5347 dicta,
1746 5275 1786 5332 ut
1802 5261 1933 5340 Psalm.
1948 5265 2026 5336 lb:
2075 5261 2197 5334 Beatus
2216 5249 2268 5346 qui
2293 5251 2294 5327 l

272 5386 365 5445 tores
379 5367 573 5448 scelernm,
599 5367 661 5440 scd
681 5385 800 5438 errore
822 5377 884 5438 ant
904 5361 1147 5436 imbecillitate
1169 5361 1259 5454 lapsi
1311 5359 1478 5452 intelligit
1500 5383 1606 5455 snper
1620 5385 1768 5454 egsum
1784 5379 1819 5437 et
1837 5388 2045 5465 pauperem,
2062 5366 2108 5446 ¹in
2122 5362 2176 5434 die
2190 5353 2268 5428 mals
