4616 5818
262 185 335 254 889
857 178 980 254 PHIL.
1006 179 1123 258 MEL.
1149 178 1361 258 SCRIPTA
1387 181 1687 264 EXEGETICA.
2200 200 2268 273 ato

265 369 317 426 est
332 369 491 424 nostrum
510 353 746 446 praescribere
761 350 837 422 Deo
860 354 1007 450 modum
1032 353 1246 444 opitulandi,
1296 352 1428 440 gesimo
1463 371 1579 448 sexto,
1612 359 1675 452 qui
1698 359 1901 434 adolescens
1914 365 2036 439 fuerat
2056 368 2194 440 auditor
2216 366 2268 440 lo·

265 458 326 526 sed
342 479 406 526 nos
421 458 465 524 ad
481 454 718 525 obedientiam
736 454 881 542 obligati
890 477 1024 546 sumus,
1040 452 1245 527 sicutChri-
1298 448 1427 525 hannis
1442 453 1701 548 Evangelistae.
1742 460 1898 536 Auditor
1912 465 2099 562 Polycarpi
2113 471 2266 541 irenaeus

264 558 486 651 stnsiuquit:
514 555 593 628 Tua
616 556 779 625 voluntas
802 555 863 624 fiat
884 569 948 628 etc.
1001 555 1072 627 Sed
1095 557 1246 626 maxima
1297 556 1365 625 sub
1378 554 1600 629 Maximiano
1620 561 1825 635 interiectus
1846 580 1900 638 est
1917 567 2068 663 Syrmii,
2100 573 2185 643 visit
2207 573 2267 662 igi·

266 684 347 751 pars
376 654 581 742 hominum,
620 657 702 750 quia
735 679 808 724 non
841 655 938 726 videt
959 658 1077 727 subito
1100 673 1246 730 eventus
1297 669 1357 724 tur
1371 680 1486 728 annos
1500 661 1643 730 interim
1661 664 1800 735 circiter
1813 670 2023 758 octogintn'
2053 668 2148 742 Haec
2169 673 2265 743 dissi-

266 760 494 853 precationis‚
522 759 674 829 somniat
688 757 946 828 invocationem
961 757 1067 828 inane
1082 783 1246 829 murmur
1297 757 1462 828 militudo
1489 763 1707 834 observanda
1732 780 1802 858 est,
1838 780 1878 838 ut
1901 771 2051 842 sciamus
2073 769 2185 844 Deum
2204 774 2264 844 alia

266 887 349 932 esse.
408 858 502 931 Huic
529 861 658 950 impiae
679 859 921 947 imaginationi
946 860 1115 932 acerrime
1138 885 1245 951 repu-

265 963 444 1053 gnandum
461 975 530 1043 est,
555 975 589 1032 et
605 958 789 1052 pellendae
803 973 886 1030 suut
900 956 967 1030 bae
981 964 1147 1032 tenebrae
1172 964 1245 1032 col-

207 1119 215 1132 .
267 1067 364 1135 lectis
380 1063 689 1154 promissionibus:
722 1059 849 1129 invoca
872 1085 928 1128 me
953 1063 992 1129 in
1015 1063 1075 1162 diq
1095 1064 1244 1134 tribula-

266 1167 391 1255 tionis,
419 1179 452 1236 et
474 1165 621 1254 eripiam
647 1177 690 1236 te.
749 1159 853 1231 ltem:
881 1160 1012 1245 Petite,
1040 1177 1074 1234 et
1095 1164 1245 1256 accipie-

266 1272 310 1340 tis
327 1282 391 1341 etc.

366 1403 504 1474 Deinde
533 1400 683 1470 sciamus
712 1423 849 1490 semper
876 1403 947 1471 duo
971 1402 1106 1472 obiecta
1128 1400 1245 1470 inclu-

265 1508 380 1576 denda
395 1528 467 1572 esse
485 1503 522 1570 in
537 1503 742 1594 petitionem
758 1503 1016 1592 corporalium,
1043 1504 1244 1573 universam

265 1605 477 1688 Ecclesiam,
504 1618 535 1674 et
553 1604 724 1693 privatam
741 1604 990 1676 necessitatem.
1041 1601 1171 1673 Potitio
1195 1603 1245 1694 pii

266 1731 403 1798 semper
419 1707 583 1796 impetrat
602 1704 786 1773 universae
808 1699 1004 1785 Ecclesiae,
1032 1717 1065 1774 et
1089 1705 1135 1773 ita
1158 1705 1244 1772 fides

266 1821 394 1879 statuat
409 1819 521 1876 ratam
537 1828 609 1874 esse
625 1801 716 1872 hauc
735 1804 960 1894 petitionem,
987 1819 1021 1876 et
1043 1829 1118 1874 non
1138 1806 1244 1874 dubi-

265 1925 315 1983 tet
330 1909 437 1999 recipi
455 1907 659 1998 petitionem
673 1929 692 1974 a
709 1909 785 1976 Deo
808 1929 872 1996 pro
896 1906 1060 1976 universa
1076 1902 1243 1979 Ecclesia.

266 2011 318 2082 lta
333 2010 449 2079 David
467 2031 572 2077 orans
595 2031 658 2098 pro
681 2008 854 2090 exercitu,
881 2008 1034 2098 primum
1059 2009 1147 2099 petit
1169 2030 1244 2076 uon

264 2137 329 2204 pro
348 2136 383 2180 se
402 2112 582 2201 privatim,
598 2110 658 2176 sed
678 2132 740 2197 pro
759 2121 878 2192 coeto,
895 2109 976 2199 quia
991 2110 1119 2178 scimus
1129 2107 1243 2181 Deum

265 2217 348 2282 dare
364 2214 456 2282 bona
473 2209 687 2301 corporalia,
714 2223 753 2280 ut
769 2209 806 2276 in
825 2202 888 2277 hac
904 2211 973 2280 vita
990 2206 1145 2281 Ecclesia
1170 2235 1244 2282 ser-

263 2329 376 2385 vetur.

260 2473 262 2478 ·
363 2447 535 2518 Privatim
553 2469 635 2514 vero
649 2468 713 2537 pro
729 2445 831 2512 nobis
842 2446 1147 2535 peteredebemus,
1163 2469 1242 2514 cum

265 2545 331 2618 hac
347 2547 570 2636 conditione,
595 2560 635 2616 nt
651 2569 716 2616 nos
729 2549 773 2615 ad
790 2547 1027 2616 obedientiam
1045 2546 1244 2637 offeramus,

265 2653 353 2721 sicut
383 2674 419 2718 sc
451 2649 555 2718 offert
575 2642 750 2719 Christus.
803 2645 855 2717 lta
876 2647 989 2718 David
1014 2661 1048 2716 et
1073 2648 1178 2737 petit,
1210 2663 1244 2718 et

217 2741 220 2748 ¹
265 2765 405 2842 paratus
420 2766 470 2819 est
488 2752 530 2818 ad
551 2749 799 2820 obedientiam.
851 2747 944 2836 Quia
966 2749 1030 2818 scit
1051 2749 1088 2815 in
1114 2749 1242 2818 talibus

264 2854 429 2944 periculis
448 2850 564 2921 Deum
595 2851 686 2921 velle
711 2851 848 2943 aliquos
868 2850 1031 2934 obedire,
1070 2863 1103 2921 et
1123 2863 1240 2919 tamen

263 2955 346 3046 quia
374 2966 534 3038 servatur
561 2951 750 3034 exercitus,
784 2950 893 3020 multa
925 2952 1083 3020 membro
1109 2951 1240 3021 servari

263 3077 403 3123 necesse
419 3066 489 3133 est,
515 3065 550 3121 et
566 3051 709 3121 caeteris
727 3053 909 3141 mitigatur
922 3051 1068 3126 malum.

364 3185 423 3256 Sic
437 3185 606 3255 Ieremiae
631 3185 786 3276 precatio
809 3187 975 3276 proderat
997 3187 1153 3274 primum
1177 3212 1241 3279 po-

263 3287 366 3379 pulo,
394 3289 457 3368 etsi
474 3312 546 3356 non
563 3288 692 3375 sciebat
711 3312 800 3380 quos
824 3303 857 3358 et
882 3289 1061 3380 quomodo
1083 3304 1240 3359 servatu⁶

262 3410 323 3456 rus
341 3403 429 3458 esset
442 3388 557 3473 Deus,
584 3391 712 3458 deinde
727 3402 761 3459 et
777 3389 845 3479 ipsi
861 3391 1045 3480 proderat,
1073 3404 1239 3460 ettamen

261 3491 335 3579 ipse
352 3489 396 3558 ad
413 3491 650 3562 obedientiam
667 3505 809 3580 paratus
826 3505 917 3572 erat,
935 3505 968 3559 et
984 3488 1239 3562 sciebatDeum

261 3613 399 3660 servare
417 3614 497 3660 suos
521 3591 720 3670 ministros,
752 3593 864 3661 donec
887 3593 1099 3662 curriculum
1125 3594 1242 3663 absol·

261 3704 363 3774 vant,
389 3705 421 3761 et
437 3693 520 3760 clare
537 3693 615 3760 aliis
630 3691 726 3759 aliud
746 3691 974 3761 curriculum.
1026 3689 1124 3762 Elias
1140 3695 1242 3765 circi-

260 3805 314 3860 ter
331 3793 457 3882 viginti
472 3815 584 3861 anuos
603 3792 734 3864 docuit.
775 3787 936 3861 Elisaeus
952 3793 1090 3862 circiter
1105 3810 1242 3885 septua-

261 3894 371 3982 ginta.
425 3893 548 3964 Esaias
567 3886 704 3964 circiter
728 3885 915 3982 octaginta.
968 3892 1134 3964 ieremias
1155 3921 1243 3990 qoa-

261 3997 423 4084 draginta
458 3996 562 4066 annis
595 3996 772 4087 usquead
798 3995 971 4065 excidium
1000 3993 1244 4092 ierosolymae,

261 4095 428 4187 et‘postea
450 4097 656 4191 aliquandiu
680 4099 716 4165 in
734 4096 893 4193 Aegypto
917 4097 1077 4192 reliquiis
1098 4123 1242 4168 suorum

260 4198 435 4284 praefuit,
462 4201 574 4269 donec
593 4202 637 4269 ab
654 4195 772 4294 Apryc
791 4214 941 4294 tyranno
960 4199 1162 4270 interiectus
1181 4215 1242 4273 est.

259 4297 387 4366 Daniel
407 4301 527 4370 docuit
541 4299 694 4390 amplius
709 4301 929 4392 septuaginta
944 4304 1058 4374 annis.
1110 4297 1241 4371 lohan-

259 4420 322 4466 nes
345 4395 505 4487 Baptista
528 4399 686 4473 biennio.
744 4396 907 4471 Christus
930 4402 1096 4472 triennio.
1150 4400 1241 4472 Pau-

259 4498 315 4566 los
337 4499 484 4588 triginta
507 4501 664 4594 quinque
688 4505 802 4572 aunis.
854 4499 1030 4574 lohannes
1051 4505 1243 4594 Apostolus

259 4600 439 4687 sexaginta
472 4615 550 4671 octo
584 4604 698 4686 annis,
759 4603 906 4675 lacobus
932 4608 1039 4676 frater
1073 4600 1243 4676 iohannis

258 4701 415 4771 triennio
441 4717 517 4792 post
540 4706 778 4774 ascensionem
804 4701 946 4780 Christi.
1007 4706 1153 4778 lacobus
1176 4709 1241 4775 mi-

257 4827 324 4871 nor
340 4805 445 4872 annis
463 4804 627 4893 triginta,
652 4809 855 4878 interfectus
871 4808 1054 4902 aliquanto
1074 4824 1155 4877 ante
1179 4812 1243 4879 ob-

255 4905 433 4974 sidionem
459 4904 705 4999 lerosolymae.
768 4904 979 4980 Timotheus
1014 4913 1079 4981 snb
1102 4909 1243 4980 Nerone

255 5007 466 5077 interfectus
482 5006 623 5078 dicitnr.
677 5008 751 5079 Titi
769 5025 926 5080 senectus
939 5014 1126 5096 recitatur,
1152 5026 1243 5082 tem-

255 5127 322 5196 pus
345 5109 625 5198 praedicationis
648 5134 721 5181 non
747 5124 840 5180 certo
867 5114 993 5198 scitur,
1034 5117 1092 5182 sed
1121 5113 1243 5184 dicunt

254 5221 443 5277 mortuum
460 5237 533 5282 esse
545 5213 860 5283 annoaetatissnae
871 5215 1244 5308 nonagesimoquarto.

254 5308 403 5404 Polycar
414 5335 477 5400 pus
496 5313 700 5385 interfectus
716 5330 764 5385 est
781 5339 875 5385 anuo
892 5319 1013 5388 aetatis
1027 5342 1108 5389 suae
1123 5330 1244 5388 octua-

1298 862 1507 946 certamiua,
1539 877 1574 932 et
1594 864 1665 934 alia
1687 869 1803 958 spacia
1823 870 1902 939 aliis
1925 875 2205 964 praescripsisse,
2235 890 2264 945 ct

1298 972 1417 1029 tamen
1447 963 1709 1036 consideremus
1737 970 1916 1062 aliquibus
1949 989 2168 1064 prorogatam
2201 999 2265 1046 csse

1298 1059 1425 1179 vitam,
1452 1076 1491 1132 ut
1507 1065 1558 1155 pii
1575 1079 1677 1136 testes
1693 1083 1726 1139 et
1744 1085 1992 1163 propagatores
2015 1076 2194 1148 doctrinae
2214 1101 2265 1148 su-

1298 1174 1458 1250 perstites
1474 1181 1598 1241 essent.

1397 1295 1513 1368 David
1537 1315 1660 1392 petens
1681 1304 1922 1379 defensionem
1945 1308 2146 1382 dulcissima
2167 1311 2265 1401 figura

1297 1399 1424 1469 utitur:
1452 1396 1642 1471 Absconde
1659 1406 1766 1474 mein
1790 1409 2017 1482 tabernaculo
2040 1426 2122 1502 tuo,
2155 1413 2189 1481 id
2212 1427 2263 1496 est,

1297 1501 1336 1568 in
1351 1496 1507 1570 Ecclesia
1531 1518 1603 1578 tua.
1654 1503 1724 1575 Hic
1744 1508 1849 1578 simul
1870 1511 2114 1602 complectitur
2136 1514 2264 1605 petitio-

1298 1600 1575 1693 nemproaliis,
1610 1619 1823 1692 etecusam,
1857 1609 2017 1682 Defende
2036 1639 2093 1683 me
2112 1639 2189 1684 cum
2202 1611 2265 1683 Ec·

1297 1702 1403 1774 clesia
1418 1716 1496 1787 tua,
1522 1717 1556 1773 et
1573 1722 1716 1796 propter
1730 1707 1935 1786 Ecclesiam.
1986 1711 2079 1786 Nam
2095 1717 2174 1786 ideo
2194 1733 2263 1784 tan-

1297 1819 1371 1874 tum
1396 1807 1592 1895 corporalia
1616 1809 1709 1878 bona
1732 1813 1903 1900 promissa
1924 1829 2028 1900 sunt,
2063 1831 2103 1888 ut
2123 1817 2263 1886 serviant

1296 1900 1492 1990 Ecclesiae,
1523 1907 1609 1977 ideo'
1624 1911 1782 1981 defensio
1806 1914 1957 2003 petitur,
1993 1931 2033 1986 ut
2058 1919 2186 1987 servire
2203 1913 2264 1985 Ec-

1296 2004 1421 2076 clesiae
1447 2020 1482 2077 et
1496 2009 1625 2078 nostris
1639 2011 1762 2080 liberis
1785 2015 1969 2103 possimus.
2014 2013 2063 2089 Et
2085 2019 2165 2110 quia
2179 2019 2265 2089 Deus

1298 2121 1453 2196 prototo
1473 2133 1620 2199 corpore
1637 2113 1711 2182 volt
1729 2115 1822 2211 peti,
1856 2117 2006 2193 sciamus
2024 2141 2160 2210 semper
2183 2116 2263 2185 hanc

1299 2208 1501 2298 petitionem
1519 2225 1629 2280 ratam
1648 2237 1741 2299 esse,
1756 2230 1790 2287 ct
1804 2217 1869 2286 toti
1884 2220 2026 2309 corpori
2042 2219 2173 2311 aliquid
2189 2218 2262 2287 boui

1298 2309 1496 2398 impetrare.
1559 2309 1635 2382 Etsi
1664 2329 1781 2385 autem
1812 2319 1942 2405 singuli
1969 2322 2012 2388 ad
2039 2320 2262 2390 obedientiam

1299 2411 1408 2498 parati
1425 2435 1497 2480 esse
1513 2415 1700 2500 debemus,
1725 2431 1841 2485 tamen
1860 2431 1894 2488 et
1914 2419 2065 2508 singulis
2087 2444 2184 2511 saepe
2205 2422 2262 2488 im-

1299 2524 1455 2600 petratur
1470 2513 1653 2600 liberatio,
1678 2530 1806 2586 etcum
1822 2515 1941 2590 coetus
1957 2522 2088 2616 aliquis
2108 2535 2261 2598 servatur,

1297 2609 1426 2680 multos
1441 2615 1573 2681 servari
1590 2639 1729 2686 necesse
1745 2633 1805 2692 est.

1393 2741 1596 2816 Excitemns
1611 2771 1693 2838 ergo
1709 2774 1775 2820 nos
1791 2755 1835 2822 ad
1860 2755 2009 2843 petenda
2032 2757 2126 2826 bona
2149 2779 2261 2846 corpo-

1295 2845 1382 2916 ralia
1399 2847 1554 2918 collectis
1573 2851 1704 2931 causis,
1737 2854 1818 2945 quia
1836 2849 1931 2922 Deus
1954 2859 2124 2950 praecipit
2144 2879 2181 2926 ea
2200 2855 2261 2945 peti

1297 2971 1360 3036 pro
1384 2949 1488 3018 nobis
1510 2964 1545 3021 et
1568 2973 1633 3039 pro
1658 2953 1755 3037 aliis,
1789 2955 1866 3026 vult
1889 2954 2041 3045 intelligi
2061 2959 2212 3050 publicas
2232 2969 2260 3024 et

1294 3049 1447 3139 privatas
1464 3050 1677 3122 calamitates
1690 3078 1819 3144 poenas
1835 3078 1908 3124 esse
1924 3071 2145 3148 peccatorum
2167 3082 2259 3127 muu-

1295 3151 1350 3218 di:
1385 3151 1465 3219 ideo
1492 3152 1569 3221 vult
1591 3177 1655 3222 nos
1681 3155 1820 3224 veniam
1846 3168 1982 3247 petere,
2024 3174 2060 3230 et
2080 3159 2170 3229 affici
2188 3181 2259 3227 cura

1295 3264 1434 3320 nostrae
1448 3267 1480 3321 et
1498 3255 1695 3324 communis
1709 3258 1849 3338 salutis,
1878 3260 1953 3328 vult
1970 3283 2123 3330 crescere
2137 3258 2189 3329 his
2210 3283 2259 3326 es·

1293 3353 1442 3437 ercitiis,
1468 3354 1591 3450 fidem,
1615 3356 1798 3443 timorem,
1824 3375 1859 3431 et
1875 3359 2114 3434 dilectionem.

1662 3540 1686 3589 D
1701 3553 1719 3591 e
1752 3555 1834 3593 sex
1854 3545 1866 3595 t
1884 3555 1910 3596 o.

1494 3635 1697 3720 Applioots'o
1720 3638 1882 3703 historiae
1903 3639 2019 3706 Murci
2037 3648 2071 3710 8.

1394 3757 1502 3848 Quod
1518 3755 1680 3830 Christus
1696 3763 1807 3851 pascit
1818 3764 1996 3834 auditores
2020 3792 2121 3849 suos,
2154 3785 2257 3839 osten-

1293 3861 1391 3931 ditur
1414 3861 1613 3951 exemplum
1639 3864 1900 3951 promissionis:
1934 3865 2094 3938 Primum
2115 3870 2256 3964 quaerite

1292 3985 1439 4051 reguum
1461 3960 1548 4043 Dei,
1581 3976 1615 4031 et
1638 3977 1769 4032 caetera
1794 3967 2006 4037 adlicientur
2030 3971 2140 4044 vobis.
2194 3969 2257 4038 Hac

1293 4061 1362 4134 fide
1379 4087 1569 4156 sequamur
1583 4060 1786 4148 Christum,
1821 4067 1931 4137 simus
1952 4069 2073 4139 fideles
2095 4074 2133 4143 in
2153 4071 2257 4140 studio

1294 4180 1327 4235 et
1345 4164 1596 4257 propagatione
1611 4161 1814 4255 Evangelii,
1849 4183 1882 4238 et
1904 4186 2121 4260 expectemus
2142 4172 2256 4241 aFilio

1293 4263 1358 4336 Dei
1383 4265 1574 4343 auxilinm,
1608 4264 1760 4352 victum,
1792 4283 1825 4338 et
1853 4271 2105 4346 defensionem.
2163 4272 2256 4360 Quod

1295 4393 1377 4437 vero
1394 4368 1491 4438 iubet
1506 4361 1698 4457 Apostolos¹
1717 4393 1934 4460 proponere,
1969 4385 2003 4442 et
2029 4375 2189 4464 colligere
2210 4397 2256 4440 re·

1292 4470 1442 4562 liquias‚
1472 4481 1619 4538 monent
1640 4473 1894 4558 gubernatores
1913 4469 2109 4560 Ecclesiae,
2147 4491 2184 4545 ut
2204 4498 2258 4542 cu·

1292 4584 1372 4641 rent
1386 4571 1626 4664 eleemosynas
1641 4573 1738 4656 dari,
1770 4585 1803 4640 et
1818 4574 1931 4644 sciant
1951 4599 2024 4645 uon
2047 4576 2175 4660 minui,
2205 4575 2257 4642 scd

1293 4673 1411 4760 augeri
1437 4672 1621 4742 facultates
1647 4673 1888 4768 eleemosynis.
1945 4674 2052 4748 Tecto
2078 4692 2111 4746 et
2141 4675 2257 4746 doctri-

1292 4797 1373 4842 nam
1392 4775 1582 4864 significat‚
1610 4769 1702 4843 hauc
1716 4789 1919 4866 proponant
1935 4779 2115 4864 doctores,
2142 4793 2173 4848 et
2194 4775 2256 4845 col-

1293 4876 1404 4964 ligant
1428 4876 1614 4966 reliquias,
1649 4890 1773 4947 curent
1795 4878 1982 4968 propagari
2008 4903 2105 4948 veras
2129 4899 2256 4948 enarra-

1292 4978 1425 5063 tiones,
1449 4999 1495 5045 ne
1510 4977 1691 5046 doctrinae
1712 4977 1772 5048 lux
1796 4980 2021 5069 extinguatur
2040 4983 2083 5049 ad
2108 4993 2258 5070 posteros,

1293 5093 1327 5150 et
1343 5073 1411 5149 hoc
1426 5076 1545 5148 studio
1562 5079 1629 5170 ipsi
1646 5080 1806 5150 doctores
1819 5081 1913 5151 liunt
1927 5082 2145 5154 eruditiores.

1396 5209 1546 5303 Sportae
1562 5234 1646 5280 vero
1662 5211 1860 5302 significant
1873 5215 1993 5285 literas
2008 5229 2041 5284 et
2055 5212 2201 5298 scholas,
2224 5211 2254 5275 in

1294 5315 1423 5410 quibus
1444 5314 1640 5383 doctrinam
1656 5315 1826 5388 custodiri
1843 5339 1981 5386 necesse
1994 5330 2057 5390 est.
