4622 5818
45 165 113 250 on
257 157 365 248 ιιι.
415 148 810 282 aunorarroncs
834 143 901 236 rr
924 143 1209 236 conutouns
1245 147 1297 230 cn
1327 87 1510 236 avane.
1535 132 1816 242 uarrnan.
1888 199 1891 207 «
1989 163 2064 241 ose

44 345 102 416 bus
115 337 244 412 sanctis
257 337 296 408 in
311 334 378 410 hac
394 336 467 410 vito
481 335 592 408 multa
609 333 711 408 talias
734 333 796 406 sed
811 345 929 404 temen
946 354 1022 402 non
1070 328 1204 402 stulant
1228 327 1346 428 signa,
1376 341 1412 402 et
1434 351 1637 425 quanquam
1661 332 1794 406 fiebant
1815 334 1925 406 multa
1947 335 2062 428 signa,

45 438 263 532 exstinguunt
278 440 397 527 fidem,
421 451 461 512 ut
474 429 631 513 Roma.
645 436 725 509 etb.
740 433 887 536 dicitur:
913 423 1021 506 Nulla
1070 443 1190 504 tamen
1211 431 1353 502 credere
1374 431 1564 514 nolebant,
1590 433 1674 526 quia
1694 423 1864 508 tenebant
1883 436 1923 510 in
1941 450 2061 508 mente

42 559 87 618 est
100 543 279 622 damnatio
297 542 335 612 iu
353 537 428 624 his,
461 539 522 636 qui
539 551 624 612 sunt
637 538 678 610 in
694 533 836 610 Christo
854 548 919 608 etc.
1070 533 1284 604 contrariam
1301 532 1509 625 opinionem
1524 535 1568 604 de
1581 533 1725 621 Messio,
1746 552 1962 630 pugnantem
1978 563 2060 608 curn

131 659 295 732 Secundo
311 671 395 729 sunt
409 657 529 750 lapsus
542 668 666 728 contra
682 651 953 737 conscientiam,
978 663 1038 722 ut·
1069 631 1281 726 Pfflphtiiffi
1310 635 1559 727 dfflfflliiffl‘·
1621 635 1747 708 Tfllem
1769 638 1937 710 Messinm
1960 641 2060 710 vole-

42 765 172 858 quando
191 757 307 832 David
321 760 434 830 iectus
448 772 499 830 est
512 757 663 842 adulter,
689 769 725 828 et
738 753 863 826 Petrus
877 752 1018 845 negavit
1069 737 1176 816 bant,
1202 737 1264 830 qui
1289 759 1349 807 eos
1369 737 1520 830 ditaret,
1547 751 1583 810 et
1605 739 1734 838 opibus
1757 755 1791 816 et
1815 742 2060 836 voluptatibus

40 887 70 938 se
82 885 181 936 nosse
194 858 390 937 Christum.
441 857 539 932 Haec
554 859 639 930 talia
655 870 750 944 sunt,
774 871 815 930 ut
834 878 908 927 non
925 865 1016 925 stent
1068 860 1128 910 ⁸⁰⁸
1148 837 1357 914 cumularet.

39 966 133 1037 simul
148 987 230 1037 cum
242 964 321 1048 fide,
336 978 371 1035 et
383 959 506 1056 siquis
521 961 560 1030 in
575 961 626 1032 eis
640 970 853 1052 perseverat,
868 959 1017 1028 damua-
1170 953 1275 1029 Talia
1298 956 1402 1030 etiam
1420 958 1518 1048 signa
1535 962 1720 1050 petebant,
1746 973 1787 1032 ut
1806 963 1960 1055 expulsis
1979 949 2058 1038 Ro'-

39 1084 90 1140 tur
105 1063 255 1140 aeternis
271 1064 412 1156 poeuis:
437 1064 499 1133 sed
514 1063 545 1134 si
563 1062 798 1148 convertitur,
823 1079 1018 1130 rursutre-
1068 1059 1184 1132 manis
1207 1060 1362 1132 traderet
1380 1059 1466 1152 ipsis
1485 1061 1687 1154 imperium.
1736 1059 1821 1134 ‘Duo
1842 1077 1926 1136 sunt
1948 1065 2058 1158 igitur

40 1169 174 1260 cipitur,
197 1165 294 1240 iuxta
310 1165 420 1238 illud:
447 1161 541 1236 Vivo
556 1187 642 1255 ego,
667 1163 752 1235 nolo
761 1175 919 1242 mortem
934 1181 1017 1254 pcc-
1067 1181 1180 1232 crassa
1199 1175 1340 1262 peccata
1357 1159 1583 1238 ludaeorum.

40 1270 173 1360 ²³¹⁰fi⁵r
199 1269 262 1339 ³0⁶
278 1280 318 1340 1¹²
331 1278 558 1340 ⁰⁰¹¹V0²i²¹¹¹²
574 1278 608 1337 θῑ
623 1265 731 1339 Villi·
1166 1275 1349 1366 Primum,
1379 1280 1476 1375 quod
1498 1279 1696 1354 doctrinam
1719 1277 1969 1377 Propheticam
1990 1309 2056 1378 ue-

127 1381 278 1458 Et'baec
293 1399 433 1478 peccata
447 1397 531 1456 sunt
544 1381 671 1454 delicta
687 1395 809 1455 contra
824 1380 1015 1453 secundam
1069 1381 1217 1474 gligunt.

38 1491 203 1584 tabulam,
239 1487 297 1558 vel
319 1500 405 1559 sunt
427 1498 551 1557 contra
575 1485 726 1578 primam
751 1509 792 1554 ex
814 1477 1016 1574 ignorantia
1169 1481 1396 1571 Secundum,
1425 1483 1522 1580 quod
1540 1496 1668 1575 petunt
1688 1483 1809 1578 signa,
1835 1489 1954 1581 qualia
1970 1490 2056 1581 ipsis

39 1593 85 1662 vel
99 1615 137 1662 er
153 1589 373 1674 infirmitate,
397 1601 438 1660 ut
451 1581 598 1660 Ethnici
614 1587 800 1659 coluerunt
815 1585 916 1656 Idola
930 1606 1016 1655 con·
1067 1583 1271 1678 placebant,
1303 1597 1339 1656 et
1358 1608 1434 1657 non
1460 1587 1629 1658 volebant
1650 1589 1787 1659 moveri
1809 1591 1936 1682 signis,
1966 1615 2057 1688 quae

40 1707 84 1764 tra
108 1693 260 1784 primam
285 1691 443 1762 tabulam
474 1713 520 1764 ex
545 1689 758 1782 ignorantia.
817 1685 943 1760 Petrus
963 1697 1015 1760 es't
1066 1702 1168 1761 antea
1184 1687 1274 1760 iacta
1290 1700 1409 1774 erant,
1434 1701 1469 1760 et
1483 1688 1644 1780 quotidie
1658 1689 1802 1763 fiebant.

41 1797 145 1888 ltpffl
161 1818 203 1866 0¹
222 1793 442 1864 issfiffflilait·
1168 1803 1249 1878 Non
1265 1807 1344 1879 vult
1357 1820 1476 1878 autem
1493 1803 1590 1879 Deus
1602 1799 1754 1880 nos'sibi
1771 1810 1917 1883 modum
1932 1825 1967 1884 et
1981 1814 2056 1885 for·

125 1909 195 1982 Sed
212 1903 455 2000 blasphemiae
470 1919 553 1978 sunt
567 1917 706 1998 peccata
725 1916 847 1975 contra
862 1903 1014 1996 primam
1066 1931 1162 1981 mam
1185 1908 1367 1998 signorum
1385 1932 1601 2001 proponere,
1625 1925 1665 1984 ut
1686 1911 1811 2006 siquis
1827 1938 1924 1984 nunc
1946 1913 2054 1986 dicat:

41 2013 202 2097 tabulam,
229 2031 311 2080 cum
335 2005 498 2082 homines
520 2007 669 2080 scientes
689 2005 896 2078 attolentes
912 2004 1015 2096 ngui—
1065 2009 1158 2082 Nolo
1188 2012 1352 2095 credere,
1386 2011 1457 2079 nisi
1478 2007 1576 2080 Deus
1604 2005 1673 2083 boc
1698 2014 1839 2104 siguum
1861 2017 1983 2104 iaciat,
2017 2033 2057 2090 ut

42 2131 98 2188 um
114 2115 298 2186 veritatem
313 2112 485 2181 damnant
498 2121 532 2180 ct
548 2120 824 2201 persequuntur,
847 2122 888 2180 ut
903 2105 1015 2199 perti·
1064 2108 1154 2182 mihi
1172 2113 1233 2182 det
1249 2133 1396 2201 regnum
1415 2109 1620 2187 Turcicum.

44 2241 129 2286 ueces
137 2211 319 2308 Epicurei,
332 2213 418 2283 item
427 2211 624 2304 pertinaces
633 2209 857 2290 idololatrae,
869 2222 909 2282 ut
918 2231 1015 2278 nunc
1168 2227 1275 2300 Tale,
1289 2227 1559 2317 imaginationes
1573 2241 1656 2300 ,uni
1670 2227 1811 2323 impiae,
1828 2247 1863 2306 01
1876 2255 1958 2308 suni
1972 2251 2049 2309 ten.

43 2317 204 2410 Papistae,
230 2315 295 2408 qui
315 2315 463 2386 scientes
485 2313 682 2382 detendunt
697 2309 818 2396 ldola,
841 2324 879 2383 et
890 2321 1015 2382 contu
1065 2345 1141 2406 me
1157 2327 1291 2416 Dium,
1317 2329 1401 2423 quii
1424 2353 1491 2401 „0³
1508 2331 1675 2404 debemus
1697 2347 1815 2425 peiere
1839 2337 1951 2422 iusti,
1977 2365 2053 2410 110„

43 2417 277 2492 conscientiam
300 2416 425 2486 dicunt
449 2413 549 2486 Idola
564 2411 680 2485 Deum
705 2435 798 2494 esse,
825 2435 908 2485 suos
922 2410 1016 2484 San·
1064 2428 1244 2526 prohibi„
1267 2456 1288 2503 i
1309 2429 1400 2507 1300,
1459 2431 1584 2504 peiere
1604 2449 1722 2504 „niem
1743 2460 1800 2506 ie,
1822 2440 1973 2525 inimi,
2000 2457 2053 2516 ρει

44 2535 102 2592 ctos
125 2519 348 2590 invocando·
375 2539 467 2599 ‘⁵³02
498 2529 667 2611 tanquam
691 2511 826 2600 Deum,
860 2528 896 2587 ⁰²
921 2513 1016 2586 ⁰⁰⁰5·
1065 2531 1286 2630 prohibitum
1310 2558 1330 2606 a
1352 2529 1442 2606 Deo.
1494 2532 1584 2608 Item
1607 2525 1730 2630 petere
1747 2561 1824 2609 non
1846 2545 2054 2628 necessaria,

6 2637 8 2720 ξ
43 2625 119 2694 dunt
138 2619 324 2706 homines,
357 2620 419 2714 qui
442 2617 573 2691 nolunt
599 2616 637 2689 id
658 2617 868 2710 adprobare.
917 2613 1016 2686 Haec
1064 2640 1126 2710 „d
1142 2637 1293 2711 cui-im,

43 2724 212 2816 descriptio
228 2720 500 2792 ”fitclffletb
740 2811 744 2826 ,
1164 2737 1250 2810 Ideo
1272 2738 1391 2832 inquit
1415 2733 1609 2811 lohannes:
1644 2737 1833 2835 Quidquid
1854 2745 2052 2835 petiveritis

6 2845 8 2918 l
128 2841 196 2920 sed
214 2839 324 2912 dieis:
352 2837 473 2930 Quare
489 2833 628 2930 inquit,
650 2832 899 2908 concentui?
1064 2843 1259 2914 secundum
1278 2840 1496 2912 voluntatem
1518 2839 1610 2927 eius,
1637 2841 1675 2912 id
1697 2856 1766 2926 est,
1791 2867 1845 2914 res
1868 2869 1942 2916 non
1966 2871 2053 2938 pro-

588 2941 591 2948 '
1063 2937 1215 3026 bibitas,
1240 2956 1276 3012 ct
1290 2965 1365 3011 non
1380 2941 1582 3015 curiositate
1593 2943 1738 3035 petitas,
1759 2947 1821 3014 sed
1836 2970 1877 3016 ex
1899 2951 2051 3019 necessi-

7 3119 8 3140 }
251 3127 294 3146 ..
688 3107 695 3114 .
877 3122 886 3140 ,
1063 3059 1155 3132 tate,
1180 3038 1239 3114 bic
1260 3038 1357 3115 Deus
1377 3043 1585 3135 opitulatur.
1636 3044 1731 3136 Quia
1754 3060 1806 3119 est
1827 3048 1988 3138 adiutor,
2013 3053 2052 3122 in

7 3215 8 3219 ,
127 3130 185 3204 Sic
220 3129 331 3214 dmi,
370 3139 406 3197 Εἴ
440 3146 564 3196 ”emm
593 3145 667 3194 0⁸⁸⁸
694 3145 770 3192 '¹⁰¹²
799 3123 1014 3196 dubiem&
1063 3143 1340 3238 opportunitate,
1365 3144 1402 3214 id
1418 3159 1480 3232 est,
1505 3145 1544 3216 in
1559 3171 1640 3217 vera
1656 3150 1872 3236 necessitate,
1896 3173 1969 3222 non
1989 3177 2052 3224 cu-

8 3291 9 3298 1
46 3231 208 3306 Sententia
224 3230 295 3304 Dei
317 3228 388 3299 5³¹ss
411 3228 481 3306 ltifl
506 3237 557 3296 0³1
577 3247 683 3315 ‘¹¹9²‘
703 3246 826 3295 ⁰ffl¹¹0⁸
840 3220 1015 3314 'biissllhb
1062 3247 1272 3344 piditatibus
1287 3246 1443 3333 illicitis,
1468 3261 1530 3318 aut
1549 3250 1708 3321 curiosis.

8 3391 10 3428 ,
45 3357 116 3408 mos.
165 3333 305 3406 interea
328 3344 449 3402 tamen
466 3350 531 3398 nos
544 3327 713 3396 debemus
727 3325 894 3396 omnibus
912 3349 1014 3418 prae-
1164 3362 1257 3436 Tota
1278 3374 1396 3441 amem
1421 3341 1546 3454 pomo
1568 3361 1857 3451 ludaeommflest
1875 3367 2051 3460 cupiditas

8 3439 9 3452 i
46 3437 143 3506 (ΗΜ
163 3431 431 3528 W‘nioemiam·
484 3427 530 3500 Ei
546 3427 656 3544 alqui
674 3439 951 3549 ⁰⁰¹¹v⁸ri¹¹m⁰⁸2
974 3424 1014 3498 hi
1061 3463 1174 3559 regni,
1190 3478 1311 3536 etnon
1326 3464 1601 3536 necessariarum
1617 3489 1736 3536 rerum
1751 3469 1945 3544 curiositas.
1973 3468 2052 3542 sie·
2095 3455 2103 3462 ’
2164 3493 2168 3504 ·

45 3548 142 3607 tenen
169 3561 245 3610 non
273 3537 418 3605 suerunt
448 3524 647 3621 blaspheme
674 3541 795 3599 ⁰⁰¹¹ii³
827 3552 1013 3602 ⁰⁰⁰⁸⁶¹²¹¹·
1061 3580 1103 3640 ut
1123 3587 1262 3658 semper
1282 3564 1394 3636 multa
1417 3565 1501 3636 talia
1517 3591 1641 3640 omnes
1657 3563 1821 3642 homines
1836 3586 1970 3664 petunt.

9 3729 12 3766 ,
45 3637 131 3726 tiana,
154 3643 215 3711 sed
232 3637 290 3708 vel
299 3659 348 3755 Ιιιι
365 3633 565 3753 ignorantia
580 3633 636 3704 vel
654 3655 695 3700 ex
710 3630 1012 3751 infirmitatepec·
1161 3680 1259 3755 Hm
1273 3683 1317 3754 de
1333 3696 1474 3774 peccato
1489 3681 1703 3758 ludaeorum
1717 3689 1806 3758 hene
1821 3691 2051 3762 consideran·

9 3757 203 3815 tcaverunt.
269 3737 330 3810 Src
358 3731 522 3807 Chrestus
552 3747 586 3804 et
614 3731 778 3824 Aponon
807 3735 1014 3832 praedecant
1063 3788 1109 3860 da
1127 3799 1228 3866 mm,
1251 3799 1291 3858 m
1308 3780 1393 3858 hm.
1410 3787 1482 3857 duo
1503 3787 1688 3859 disemum

45 3836 185 3927 ludaeis,
218 3861 374 3936 qtrorurn
398 3835 502 3908 rnuiti
527 3831 1014 3954 persequebantur'Erangc-
1160 3903 1222 3975 P,
1376 3903 1451 3976 ‘d’
1562 3905 1585 3974 d
1666 3906 1675 3923 ι
1841 3871 1846 3878 -
1902 3905 1929 3976 u
1968 3906 1977 3925 ⁸

10 3939 136 4030 lium,
156 3947 217 4016 ced
244 3964 364 4013 errore
385 3940 441 4010 vel
463 3939 690 4023 infirmitate,
713 3961 775 4029 qur
792 3951 911 4028 postea
926 3960 1014 4010 con·
1062 3927 1344 4100 scrip'gffimt
1374 3926 1412 3974 ¹¹¹
1440 3927 1532 3974 “m
1587 3918 1900 3979 ⁰⁰if¹1¹³mt¹⁰0
1930 3920 2049 3978 alcone

10 4063 11 4066 ’
44 4049 266 4120 vertebantur.
316 4042 426 4114 Multi
441 4053 559 4112 autem
573 4054 690 4132 aperte
702 4031 913 4130 blasphemi,
938 4061 1013 4112 nou

47 4151 335 4221 convertebantur.
1162 4123 1384 4210 Secundum,
1401 4135 1442 4195 ut
1455 4123 1641 4210 discamus,
1666 4147 1740 4195 non
1757 4145 1830 4196 esse
1844 4127 2049 4215 petendum,

1060 4237 1101 4298 nt
1121 4225 1376 4319 cupiditatibus
1399 4238 1461 4296 aut
1479 4225 1676 4297 curiositati
1697 4239 1839 4298 nostrae
1852 4223 1948 4300 Dens
1969 4251 2047 4300 mo-

104 4338 306 4435 Mupiatcr,
330 4333 497 4408 uolumus
518 4349 543 4401 α
566 4335 604 4400 ce
625 4331 776 4426 cipetum
791 4324 934 4402 videre.
1060 4349 1135 4399 rem
1151 4341 1270 4420 gerat,
1296 4329 1356 4399 sed
1370 4329 1566 4400 necessaria
1582 4329 1734 4420 petenda
1749 4351 1833 4403 csse.

408 3021 627 3086 noepoareo

363 4517 367 4526 .
443 4481 589 4533 sunna.
1370 4489 1569 4555 necionem
1587 4491 1733 4546 Gtrtstt.

128 4589 286 4661 Primum
308 4587 548 4682 quaerendum
569 4593 620 4652 etl
644 4583 688 4650 de
706 4579 885 4662 doctrine,
908 4596 943 4652 et
957 4581 1012 4650 vi·
1159 4593 1310 4688 Propter
1332 4589 1419 4667 baec
1443 4611 1582 4688 peccata
1611 4601 1773 4690 obiurgat
1795 4593 1958 4672 Christus
1985 4599 2045 4671 lu-

48 4689 182 4762 dendum
198 4716 242 4761 an
266 4687 462 4760 consentiat
481 4708 561 4755 curn
578 4681 763 4775 scripturis
777 4694 879 4753 antea
899 4682 1012 4755 tradi·
1058 4699 1182 4782 dagos,
1207 4711 1242 4769 οι
1258 4695 1394 4770 duriter
1411 4704 1611 4792 respondet,
1663 4699 1832 4774 Nominat
1855 4726 1914 4772 ρος
1934 4723 2045 4792 genus

47 4791 92 4862 tit·
135 4793 256 4868 Postea
275 4791 504 4864 iudicandum
522 4801 572 4858 etl
587 4786 631 4855 dt
647 4784 772 4876 tigni&
1058 4800 1259 4871 adulterum
1283 4811 1318 4870 et
1344 4823 1513 4891 pravum,
1545 4802 1676 4886 idest,
1707 4827 1818 4894 genus
1850 4806 1945 4896 quod
1970 4827 2044 4872 non

129 4911 228 4983 Hanc
246 4910 403 5000 regulam
427 4930 493 4978 nos
512 4927 610 4976 nrrnc
632 4915 796 4995 oportere
815 4899 914 4993 sequi
933 4925 1010 4974 non
1058 4915 1174 4974 servat
1189 4898 1269 4974 Deo
1282 4899 1405 4983 fidem,
1432 4904 1492 4974 sed
1508 4903 1624 4976 deficit
1639 4927 1658 4975 a
1674 4903 1763 4988 Deo,
1782 4906 1872 4978 sicut
1885 4905 2044 4976 adultera

51 5009 177 5084 dubium
198 5027 260 5089 est.
310 5005 359 5082 Et
382 5011 557 5080 debebant
579 5024 665 5081 tunc
685 5025 827 5098 quoque
851 5014 1011 5095 ternpore
1057 4997 1202 5089 aviro,
1236 5018 1270 5076 et
1292 5015 1431 5073 tantum
1460 5007 1659 5096 petulanter
1680 5008 1774 5080 ludit
1803 5005 1914 5098 gioria
1937 5005 2045 5092 tituli,

50 5106 160 5187 thusci
180 5129 214 5188 et
224 5111 477 5208 Apostolorum
493 5110 613 5180 videre
634 5127 776 5190 omues,
801 5103 863 5200 qui
884 5105 1010 5176 audie·
1057 5107 1155 5199 qnod
1170 5106 1219 5176 sit
1232 5102 1384 5196 populus
1398 5101 1479 5177 Dei.
1530 5105 1629 5180 Sicut
1643 5133 1739 5180 nunc
1754 5108 1851 5206 Papa
1866 5121 1901 5176 et
1915 5103 2044 5178 Cardi-

49 5209 121 5287 bant
134 5217 324 5292 doctrinam
345 5208 498 5297 Christi,
522 5235 568 5282 an
590 5221 799 5300 congrueret
820 5227 900 5276 cum
916 5204 1008 5280 Pro·
1056 5208 1156 5279 nales
1167 5226 1249 5276 vere
1264 5218 1349 5278 sunt
1362 5206 1525 5296 adulteri,
1546 5210 1748 5282 deiecerunt
1764 5233 1783 5280 a
1797 5209 1887 5294 Deo,
1914 5223 1949 5280 et
1963 5221 2043 5282 tan-

50 5311 177 5404 phctico.
225 5319 295 5394 Sed
310 5317 379 5412 ipsi
391 5313 522 5386 omissa
538 5313 729 5386 collatione
742 5307 926 5384 doctrinae
939 5333 1007 5406 po·
1026 5330 1036 5400 i
1056 5323 1133 5386 tum
1148 5309 1279 5382 ludunt
1297 5307 1501 5402 petulanter
1522 5311 1637 5404 gloria
1660 5311 1756 5386 tituli
1772 5308 1963 5388 Ecclesiae.
